1526 2444
643 34 679 70 11
704 37 822 70 5—13
1323 30 1411 73 253

59 145 174 201 quod
210 147 354 188 totum
387 142 631 187 Homericis
668 142 752 185 filis
789 142 941 184 texuit.
1003 141 1077 184 ille
1114 140 1228 183 enim
1264 140 1452 182 uitans9

58 205 103 247 in
148 206 348 259 poemate
391 202 698 244 historicorum
742 201 1089 253 similitudinem,
1140 199 1296 255 quibus
1343 199 1412 240 lex

58 267 126 306 est
168 263 357 318 incipere
402 262 456 304 ab
501 261 674 304 exordio
713 275 857 303 rerum
896 263 939 302 et
976 259 1226 302 continuam
1262 272 1411 301 narra-

58 323 219 366 tionem
265 321 318 364 ad
361 322 491 363 finem
534 335 668 376 usque
711 319 960 375 perducere,
1004 319 1098 374 ipse
1141 318 1311 373 poetica
1351 317 1410 359 di-

22 397 40 424 5
60 381 244 437 sciplina
287 396 313 423 a
355 395 497 422 rerum
540 380 681 422 medio
724 379 884 435 coepit,
928 382 971 421 et
1009 378 1063 420 ad
1100 378 1273 420 initium
1310 380 1412 432 post

59 455 256 483 reuersus
305 442 385 482 est.
465 453 568 495 ergo
618 438 761 480 Vlixis
811 452 998 480 errorem
1047 452 1134 480 non
1182 436 1336 491 incipit
1385 436 1483 478 alo

59 500 246 542 Troiano
277 499 426 542 littore
458 498 718 553 describere,
750 497 824 539 sed
853 496 961 540 facit
993 511 1089 539 eum
1120 496 1260 551 primo
1292 495 1410 538 naui-

60 562 233 615 gantem
272 558 322 600 de
354 558 496 600 insula
528 556 807 612 Calypsonis,
840 559 885 598 et
916 571 967 598 ex
997 569 1184 611 persona
1215 569 1294 597 sua
1318 567 1411 609 per-

60 618 176 660 ducit
219 617 272 659 ad
315 617 545 659 Phaeacas.
614 617 703 658 illic
745 616 791 658 in
834 616 1033 658 conuiuio
1078 614 1250 656 Alcinoi
1293 614 1410 668 regis

6 693 41 720 ιο
60 679 210 719 narrat
238 676 343 731 ipse,
374 690 501 731 quem
533 675 586 718 ad
610 675 785 718 modum
811 674 863 716 de
887 674 1017 716 Troia
1043 673 1096 715 ad
1123 672 1410 728 Calypsonem

59 751 193 791 usque
229 735 486 790 peruenerit.
546 737 646 789 post
676 733 896 776 Phaeacas
930 746 1081 774 rursus
1113 731 1255 774 Vlixis
1287 732 1410 773 naui-

61 795 280 852 gationem
311 808 446 849 usque
478 793 531 835 ad
562 792 758 835 Ithacam
790 807 841 834 ex
866 806 1052 847 persona
1076 791 1253 847 propria
1277 793 1410 846 poeta

61 854 276 896 describit.
336 867 461 908 quem
494 856 665 894 secutus
696 851 819 894 Maro
846 852 1021 893 Aenean
1054 851 1105 892 de
1133 849 1280 892 Sicilia
1310 865 1406 905 pro·
1427 850 1477 891 11

61 913 194 967 ducit,
243 912 362 954 cuius
411 911 736 966 nauigationem
786 910 1064 953 describendo
1117 909 1313 965 perducit
1356 909 1409 952 ad

8 986 42 1014 15
61 971 256 1027 Libyam.
306 971 394 1013 illic
424 970 469 1012 in
502 971 701 1013 conuiuio
727 968 909 1012 Didonis
941 970 1034 1025 ipse
1066 974 1216 1011 narrat
1240 968 1409 1011 Aeneas

60 1045 194 1086 usque
237 1030 290 1072 ad
328 1028 518 1072 Siciliam
561 1030 612 1072 de
651 1029 781 1072 Troia
819 1028 1163 1084 nauigationem,
1210 1031 1253 1070 et
1289 1028 1411 1070 addit

60 1105 146 1132 uno
177 1104 317 1144 uersu,
348 1089 462 1144 quod
494 1089 581 1131 iam
613 1089 787 1144 copiose
818 1090 948 1143 poeta
980 1088 1268 1143 descripserat

120 1171 221 1214 hinc
251 1186 319 1214 me
350 1171 593 1227 digressum
623 1172 778 1214 uestris
810 1171 913 1214 deus
946 1171 1116 1226 appulit
1148 1170 1246 1212 oris.

60 1257 162 1310 post
197 1254 392 1296 Africam
437 1268 605 1309 quoque
647 1268 794 1296 rursus
837 1255 967 1308 poeta
1010 1268 1062 1296 ex
1104 1267 1290 1308 persona
1331 1268 1409 1295 sua
1426 1252 1480 1294 12

7 1329 43 1355 ιο
63 1313 147 1355 iter
179 1313 328 1355 classis
360 1327 497 1368 usque
530 1313 583 1355 ad
614 1313 754 1368 ipsam
786 1311 1012 1368 descripsit
1042 1311 1217 1354 Italiam

120 1396 286 1438 interea
317 1396 505 1438 medium
536 1395 706 1438 Aeneas
736 1396 824 1437 iarn
856 1395 994 1438 classe
1025 1396 1202 1437 tenebat

120 1457 262 1497 certus
292 1455 386 1498 iter.

61 1537 163 1592 quid
201 1537 314 1592 quod
352 1539 395 1579 et
432 1552 556 1580 omne
595 1552 700 1592 opus
732 1536 1034 1593 Vergilianum
1071 1537 1191 1579 uelut
1223 1536 1273 1578 de
1306 1550 1408 1591 quo·
1426 1537 1479 1579 13

13 1631 17 1642 ,.
60 1595 159 1638 dam
195 1595 417 1638 Homerici
460 1596 600 1651 operis
648 1596 821 1651 speculo
865 1595 1100 1638 formatum
1143 1596 1239 1638 est?
1306 1610 1408 1637 nam

6 1658 104 1697 met
140 1658 377 1710 tempestas
412 1656 520 1697 mira
553 1655 796 1698 imitatione
828 1655 1040 1711 descripta
1072 1658 1137 1698 est
1171 1679 1219 1685 —
1255 1669 1407 1697 uersus

59 1714 282 1770 utriusque
326 1714 399 1770 qui
442 1715 561 1757 uolet
605 1714 797 1758 conferat
833 1738 891 1744 —
928 1719 977 1756 ut
1008 1714 1157 1757 Venus
1200 1714 1246 1755 in
1288 1712 1406 1756 Nau-

60 1773 199 1815 sicaae
230 1773 373 1816 locum
399 1774 573 1817 Alcinoi
603 1774 720 1816 filiae
754 1773 972 1829 successit,
1002 1774 1099 1828 ipsa
1124 1776 1268 1815 autem
1293 1772 1406 1815 Dido

58 1832 189 1873 refert
231 1834 415 1887 speciem
463 1834 580 1889 regis
624 1833 798 1875 Alcinoi
842 1833 1089 1875 conuiuium
1134 1832 1406 1875 celebrantis.

155 1977 196 2007 18
222 1973 312 2008 Aen.
338 1973 390 2007 ΠΙ
416 1976 483 2009 715
558 1976 600 2007 21
628 1971 678 2008 ib.
703 1973 737 2008 V
765 1977 782 2007 1

151 2106 172 2136 3
191 2103 444 2138 narrationem
466 2102 656 2139 Cantabr.:
682 2105 865 2139 rationem
885 2104 922 2139 P
986 2107 1006 2138 5
1028 2105 1128 2151 cepit
1147 2104 1183 2138 P
1247 2106 1267 2138 8
1289 2103 1406 2148 calip-

58 2148 154 2185 l’oml'
174 2150 212 2185 P
324 2154 368 2186 10
394 2149 619 2196 cahpl'onem
646 2150 684 2185 P
796 2154 839 2186 13
865 2150 1042 2196 sequutus
1063 2151 1100 2186 P
1205 2154 1248 2185 15
1273 2150 1405 2185 libiam

0 2210 1 2216 ¹
58 2195 96 2231 Ρ
151 2247 167 2252 -
202 2197 358 2233 Didonis
383 2198 468 2235 add.
497 2197 686 2243 cantabr„
710 2209 777 2234 om.
806 2198 843 2233 P
957 2202 1003 2234 26
1029 2197 1155 2233 nausla
1167 2208 1405 2234 **********

58 2255 299 2326 celocffilcmm
325 2280 362 2316 P
