1526 2444
587 56 620 92 X
646 59 761 93 7—13
799 55 851 91 XI
878 60 896 91 1
1333 53 1421 97 285

130 165 352 223 spargitur
383 167 427 208 et
457 165 584 208 tellus
615 165 818 220 lacrimis,
851 165 1116 220 sparguntur
1147 165 1190 205 et
1221 177 1355 205 arma.
1438 162 1494 204 10

133 225 316 268 δεύοντο
347 225 550 280 ψάμαθοι
583 225 767 267 δεύοντο
800 199 849 266 δε
880 225 1034 279 τεύχεα
1065 230 1237 279 φωτῶν.

132 285 322 352 cingitur
353 284 445 339 ipse
476 284 623 326 furens
656 283 854 326 certatim
886 283 929 325 in
964 282 1128 338 proelia
1159 282 1328 324 Turnus
1439 282 1490 323 11

131 344 302 399 iamque
335 343 442 385 adeo
475 343 654 385 rutilum
684 343 866 385 thoraca
896 342 1073 384 indutus
1106 342 1226 384 aenis

37 423 52 450 5
132 402 339 445 horrebat
370 403 561 458 squamis
594 416 801 457 surasque
833 402 1068 444 incluserat
1099 415 1203 443 auro

132 465 329 516 tempora
365 461 505 504 nudus
540 461 696 516 adhuc,
734 461 946 517 laterique
979 460 1229 503 adcinxerat
1259 472 1422 501 ensem:

132 521 409 575 fulgebatque
441 521 530 562 alta
562 520 788 562 decurrens
821 534 975 562 aureus
1008 533 1118 561 arce.

133 575 191 629 ὧς
222 579 353 634 φάτο·
386 579 643 635 Πάτροκλος
674 577 722 621 δὲ
754 579 993 635 κορύσσετο
1025 579 1194 631 νώροπι
1225 581 1383 635 χαλκῷ,
1445 577 1495 619 12

132 639 346 693 κνημῖδας
375 636 457 694 μὲν
487 646 638 694 πρῶτα
667 636 767 694 περὶ
798 639 1018 693 κνήμῃσιν
1049 638 1182 691 ἔθηκε

23 716 55 742 ιο
133 697 281 751 καλάς,
312 696 596 752 ἀργυρέοισιν
628 697 907 752 ἐπισφυρίοις
939 696 1170 752 ἀραρυίας·

136 757 345 811 δεύτερον
376 753 432 798 αὖ
465 758 647 812 θώρηκα
677 754 777 810 περὶ
809 756 1050 809 στήθεσσιν
1082 756 1211 797 ἔδυνε

135 817 338 858 ποικίλον
368 815 628 870 ἀστερόεντα
659 815 882 864 ποδώκεος
912 815 1148 856 Αἰακίδαο·

137 873 250 929 ἀμφὶ
283 871 322 915 δ’
359 872 428 927 ἄρ’
464 875 649 929 ὤμοισιν
681 874 837 929 βάλετο
871 873 999 928 ξίφος
1034 872 1313 928 ἀργυρόηλον

136 933 336 988 χάλκεον·
369 933 507 988 αὐτὰρ
546 947 694 976 επειτα
731 933 865 983 σάκος
895 932 1005 988 μέγα
1042 947 1088 974 τε
1121 933 1331 987 στιβαρόν
1362 943 1426 973 τε·

23 1010 55 1036 15
135 991 260 1046 κρατὶ
294 990 333 1034 δ’
372 990 437 1034 ἐπ’
476 993 648 1065 ἰφθίμῳ
681 991 845 1046 κυνέην
877 992 1090 1033 εὔτυκτον
1122 993 1300 1064 ἔθηκεν,

135 1052 362 1107 ι’ππουριν·
396 1052 546 1094 δεινὸν
578 1049 626 1093 δε
658 1053 796 1106 λόφος
827 1052 1115 1106 καθύπερθεν
1148 1053 1311 1093 ἔνευεν.

135 1111 274 1153 είλετο
307 1108 346 1152 δ’
383 1110 543 1166 ἄλκιμα
575 1111 729 1167 δοῦρα,
761 1110 814 1152 τά
845 1110 892 1153 οι
917 1110 1179 1177 παλάμηφιν
1211 1109 1375 1166 ἀρήρει.

135 1183 375 1224 purpureus
407 1170 544 1212 ueluti
576 1184 672 1212 cum
703 1170 783 1212 flos
816 1170 1006 1212 succisus
1032 1173 1178 1211 aratro
1446 1169 1499 1210 13

136 1228 377 1284 languescit
408 1229 611 1283 moriens,
643 1229 815 1272 lassoue
847 1243 1065 1284 papauera
1096 1229 1207 1271 collo

25 1304 59 1330 20
137 1287 344 1329 demisere
377 1291 516 1342 caput,
547 1288 695 1343 pluuia
727 1303 824 1330 cum
855 1288 966 1330 forte
999 1291 1248 1342 grauantur.

137 1347 289 1400 μήκων
322 1343 460 1396 δ’ὡς
492 1344 675 1402 ἑτέρωσε
707 1347 819 1402 κάρη
851 1347 1004 1401 βάλεν,
1034 1345 1100 1400 ἤτ’
1139 1345 1205 1388 ἐνὶ
1237 1346 1362 1404 κήπῳ

137 1411 298 1478 καρπῷ
321 1404 583 1460 βριθομένη,
615 1407 792 1461 νοτίῃσί
819 1421 863 1447 τε
896 1407 1160 1461 εἰαρινῇσιν·

139 1466 197 1514 ὡς
229 1462 402 1518 ἑτέρωσ’
439 1465 578 1519 ἤμυσε
610 1464 720 1521 κάρη
753 1466 914 1520 πήληκι
946 1464 1188 1520 βαρυνθέν.

195 1545 256 1588 Et
297 1546 404 1588 hacc
447 1546 618 1602 quidem
661 1547 818 1589 iudicio
861 1547 1098 1602 legentium
1142 1544 1501 1602 relinquendaXI

28 1623 61 1648 2⁵
82 1607 195 1660 sunt,
237 1606 285 1647 ut
327 1605 411 1660 ipsi
455 1606 697 1660 aestiment,
741 1606 843 1662 quid
886 1606 1071 1650 debeant
1113 1606 1164 1648 de
1202 1606 1426 1660 utriusque

82 1664 309 1707 collatione
337 1664 508 1708 sentire.
563 1665 600 1706 si
624 1667 770 1707 tamen
794 1679 862 1707 me
889 1666 1100 1721 consulas,
1131 1680 1219 1708 non
1245 1665 1431 1720 negabo,

81 1738 169 1765 non
204 1738 437 1779 numquam
467 1722 711 1780 Vergilium
743 1724 788 1766 in
819 1724 1120 1767 transferendo
1153 1724 1327 1766 densius
1360 1739 1432 1766 ex-

83 1783 276 1833 coluisse,
306 1785 354 1824 ut
385 1783 431 1824 in
461 1783 543 1825 hoc
575 1784 670 1825 loco

181 1915 196 1945 1
225 1910 316 1946 Aen.
345 1910 392 1945 XI
420 1914 484 1946 191
573 1915 593 1946 2
620 1911 662 1946 ΙΙ.
688 1913 719 1946 Ψ
747 1915 789 1946 15
877 1916 897 1947 3
923 1912 1014 1947 Aen.
1041 1911 1092 1947 XI
1118 1915 1187 1948 486
1280 1915 1300 1946 8
1329 1911 1368 1947 ll.
1395 1913 1433 1948 Π

86 1961 152 1992 130
227 1961 270 1992 18
298 1960 386 1992 Aen.
417 1957 516 1993 VIIII
540 1961 609 1993 435
682 1962 726 1993 21
754 1959 796 1994 Il.
823 1960 852 1994 Θ
879 1962 946 1995 306

179 2079 199 2110 8
229 2075 636 2111 ΚΟΡΥΕΕΕΤΗωΡΟΠΙ
668 2077 706 2112 Ρ
822 2081 842 2112 9
868 2078 992 2121 ἕθηκεῖ
1020 2078 1185 2114 ΕΟΝΚΕ·
1209 2078 1214 2125 Ι
1236 2078 1273 2114 Ρ
1390 2081 1434 2113 10

85 2123 396 2158 ΑΡΓΥΡΕΝΟΙΕΙΝ
435 2122 472 2157 Ρ
595 2127 638 2158 12
679 2125 931 2160 ΝΟΔΟΟΚΕΟΕ
968 2126 1005 2160 Ρ
1123 2129 1167 2161 15
1207 2126 1261 2173 δ’]
1301 2127 1364 2162 ΔΕ
1401 2127 1439 2161 Ρ

85 2169 294 2207 ΕΥΤΥΚΤΟ
323 2167 372 2204 Ρ’
449 2173 491 2205 16
518 2171 720 2206 ΔΕΙΔΝΟΝ
750 2173 786 2206 P
858 2173 1128 2208 ΚΔΘΥΠΡΕΕΝ
1150 2173 1186 2207 Ρ
1256 2178 1298 2209 17
1322 2175 1434 2209 ΠΑΛ-

86 2217 285 2253 ΛΑΜΗΦΙΝ
386 2221 428 2252 19
453 2217 638 2263 langusmt
661 2215 710 2254 P*
808 2223 852 2253 22
881 2220 1123 2267 BfflOMQNH
1150 2221 1188 2256 Ρ
1276 2221 1432 2267 νοτίῃει]

19 2305 22 2308 ’
88 2299 246 2335 ΝΟΤΙΤΕ
273 2300 310 2335 Ρ
379 2304 424 2336 23
451 2301 505 2336 ΕΤ
508 2266 629 2346 ΕΡΩΟΚ
654 2301 804 2337 ΕΜΥΕΕ
830 2301 867 2337 Ρ
936 2269 1245 2349 ΚΔῙΡΕΠΗΛΕΚψ
1273 2304 1310 2338 Ρ
