1526 2444
602 62 706 99 XVII
730 65 845 98 4-—11
1309 58 1396 101 553

51 175 100 217 ut
126 187 393 229 quaeramus,
425 172 462 214 si
491 174 689 215 uersatur
719 171 898 226 caelum,
929 171 973 212 et
1004 169 1040 212 si
1064 169 1129 212 illi
1156 170 1322 224 septem
1354 171 1396 210 et

50 234 276 275 seruantur
312 234 356 274 et
395 231 612 275 contrario
650 233 772 274 motu
808 231 1058 283 mouentur,
1096 230 1171 271 aut
1208 228 1246 271 si
1282 227 1397 269 hunc

51 306 142 334 esse
175 291 454 347 sphaerarum
495 290 705 343 ordinem,
738 304 864 357 quem
896 287 1046 331 Cicero
1077 287 1222 341 refert,
1252 285 1397 329 Plato-

50 351 146 393 nica
184 350 397 392 consentit
441 349 693 405 auctoritas,
731 352 776 391 et
818 349 855 390 si
892 362 992 391 uere
1037 347 1254 389 subiectae
1299 346 1398 401 sint,

15 421 31 446 5
52 423 136 464 quo
179 411 307 464 pacto
347 409 497 451 stellae
534 423 682 451 earum
721 409 915 451 omnium
955 407 1175 450 zodiacum
1212 405 1398 447 lustrare

50 468 264 522 dicantur,
301 482 398 510 cum
436 468 635 510 zodiacus
673 469 716 509 et
756 481 867 510 unus
907 469 950 508 et
986 467 1031 508 111
1069 479 1235 507 summo
1279 463 1397 506 caelo

51 528 126 582 sit,
157 541 319 582 quaeue
349 528 460 569 ratio
492 529 537 569 in
567 541 653 569 uno
691 526 864 569 zodiaco
903 526 1083 567 aliarum
1122 538 1271 566 cursus
1305 523 1398 564 bre-

50 586 192 628 uiores
231 587 412 628 aliarum
448 586 582 628 faciat
617 585 834 641 longiores
865 609 924 614 —
954 585 1061 626 haec
1103 583 1216 625 enim
1255 582 1400 624 omnia

50 645 94 686 in
126 644 375 699 exponendo
408 659 553 687 earum
586 645 734 687 ordine
763 658 938 686 necesse
971 646 1037 685 est
1062 643 1316 684 adserantur
1345 664 1397 670 —

0 714 33 742 1⁰
52 706 95 746 et
124 706 358 759 postremo,
389 718 474 758 qua
505 704 672 746 ratione
703 703 749 745 in
773 706 933 745 terram
958 701 1164 756 ferantur,
1196 701 1308 742 sicut
1339 701 1401 742 ait

52 763 220 805 omnia
250 766 376 805 nutu
408 777 496 805 suo
527 762 766 817 pondera.
827 761 992 803 uersari
1024 760 1191 803 caelum
1223 759 1440 802 munda-8

52 836 134 864 nae
166 822 334 863 animae
366 825 522 864 natura
554 824 598 863 et
627 821 693 863 uis
726 823 769 863 et
799 820 911 862 ratio
945 820 1082 872 docet,
1113 819 1234 860 cuius
1266 819 1400 860 aeter-

52 881 167 922 nitas
204 881 250 922 in
290 883 410 922 motu
448 885 524 922 est.
591 881 692 935 quia
727 894 964 934 numquam
1002 881 1144 920 motus
1182 876 1400 932 relinquit,

55 939 168 994 quod
201 940 291 982 uita
316 954 402 982 non
429 939 597 993 deserit,
627 953 706 981 nec
739 938 792 981 ab
825 953 874 980 eo
901 938 993 980 uita
1018 937 1208 991 discedit,
1238 936 1284 978 111
1316 950 1399 991 quo

1 1008 36 1036 15
56 998 177 1054 uiget
210 1013 379 1054 semper
404 999 612 1054 agitatus:
643 998 778 1053 igitur
810 1000 852 1039 et
877 997 1059 1039 caeleste
1086 1010 1254 1051 corpus,
1285 994 1401 1049 quod

51 1057 201 1100 mundi
250 1058 396 1100 anima
438 1057 630 1104 futurum
681 1056 764 1099 sibi
809 1056 1134 1098 inmortalitatis
1183 1054 1400 1110 particeps

52 1116 264 1159 fabricata
315 1118 398 1171 est,
434 1131 486 1158 ne
523 1131 732 1171 umquam
769 1115 954 1158 uiuendo
999 1115 1189 1167 deficiat,
1232 1126 1402 1180 semper

0 1200 1 1203 =
52 1175 97 1217 in
128 1178 249 1218 motu
282 1177 347 1217 est
379 1178 422 1217 et
454 1178 566 1218 stare
593 1174 744 1230 nescit,
774 1176 874 1230 quia
898 1189 977 1216 nec
1006 1175 1102 1241 ipsa
1133 1175 1220 1215 stat
1245 1172 1400 1223 anima,

54 1249 137 1290 qua
160 1234 397 1290 inpellitur.
445 1249 546 1276 nam
572 1249 667 1277 cum
696 1234 881 1289 animae,
912 1247 1020 1288 quae
1046 1234 1299 1286 incorporea
1325 1232 1402 1284 est,
1416 1232 1442 1273 9

17 1294 241 1335 oessentia
279 1294 336 1336 sit
371 1293 417 1335 in
462 1296 601 1348 motu,
643 1293 831 1360 primum
869 1295 1013 1335 autem
1055 1292 1248 1334 omnium
1295 1263 1403 1333 00011

55 1366 209 1419 corpus
242 1353 385 1394 anima
422 1352 635 1395 fabricata
667 1352 739 1404 sit,
774 1352 866 1394 sine
898 1352 1027 1394 dubio
1058 1351 1103 1392 in
1135 1364 1288 1404 corpus
1320 1349 1403 1390 hoc
1444 1392 1448 1400 Ἰ,

0 1422 3 1435 ¹
53 1411 239 1466 primum
281 1425 332 1453 ex
362 1412 628 1466 incorporeis
658 1414 803 1453 motus
835 1413 992 1453 natura
1023 1409 1245 1465 migrauit,
1283 1408 1403 1450 cuius
1436 1404 1446 1414 ²

0 1474 3 1522 ζ
54 1470 122 1512 uis
153 1471 322 1526 integra
359 1473 403 1512 et
441 1471 693 1525 incorrupta
722 1484 811 1512 non
843 1469 1017 1523 deserit,
1064 1468 1178 1524 quod
1215 1467 1402 1522 primum

1 1555 3 1557 ·
57 1530 200 1583 coepit
231 1543 416 1571 mouere.
477 1529 573 1572 ideo
604 1543 708 1572 uero
741 1529 848 1571 caeli
879 1531 1023 1570 motus
1052 1527 1296 1570 necessario
1328 1540 1402 1568 uo·
1419 1525 1474 1568 10

0 1595 39 1626 116
58 1588 207 1630 lubilis
234 1592 311 1644 est,
343 1589 443 1644 quia
475 1603 571 1631 cum
598 1602 765 1643 semper
796 1587 961 1630 moueri
986 1601 1160 1629 necesse
1187 1586 1255 1640 sit,
1286 1586 1404 1627 ultra

0 1643 7 1691 1
56 1649 200 1689 autem
230 1647 350 1690 locus
381 1646 526 1689 nullus
564 1647 640 1714 sit,
681 1661 764 1702 quo
803 1661 848 1688 se
878 1646 1030 1688 tendat
1061 1645 1267 1699 accessio,
1305 1658 1403 1687 con-

3 1706 7 1774 1
54 1706 298 1749 tinuatione
328 1710 561 1762 perpetuae
586 1707 631 1748 in
662 1721 707 1748 se
733 1706 954 1748 reditionis
987 1706 1197 1771 agitatur:
1229 1717 1332 1759 ergo
1358 1703 1404 1745 in
1487 1743 1493 1757 Ι

56 1779 139 1820 quo
170 1767 314 1820 potest
343 1765 414 1808 uel
451 1765 601 1820 habet,
639 1765 772 1807 currit
803 1768 846 1807 et
884 1764 1084 1807 accedere
1117 1763 1206 1805 eius
1238 1762 1437 1804 reuolui
1437 1791 1455 1803 x
1513 1771 1516 1773 ’

56 1826 135 1878 est,
166 1824 267 1879 quia
299 1824 507 1880 sphaerae
539 1825 682 1879 spatia
713 1827 757 1866 et
787 1824 883 1866 loca
915 1823 1223 1878 conplectentis
1257 1821 1404 1864 omnia
1434 1808 1510 1875 's‘

59 1896 168 1924 unus
195 1886 262 1925 est
286 1898 433 1926 cursus
458 1883 607 1927 rotari.
651 1883 725 1925 sed
745 1886 788 1926 et
808 1883 870 1925 sic
889 1883 1075 1925 animam
1097 1881 1216 1938 sequi
1236 1894 1404 1935 semper

56 1941 238 1997 uidetur,
278 1957 386 1998 quae
418 1942 465 1983 in
495 1942 592 1997 ipsa
621 1942 905 1984 uniuersitate
938 1941 1149 1984 discurrit.
1212 1940 1402 1982 dicemus
1419 1940 1472 1981 11

57 2013 180 2056 ergo,
210 2001 324 2056 quod
355 2015 449 2043 eam
480 2015 715 2056 numquam
746 2001 981 2056 repperiat,
1023 2001 1059 2042 si
1092 2014 1260 2055 semper
1291 1998 1404 2041 hanc

58 2059 280 2114 sequitur?
342 2060 474 2102 immo
517 2074 686 2115 semper
728 2074 823 2102 eam
859 2060 1067 2115 repperit,
1107 2059 1208 2115 quia
1244 2058 1403 2113 ubique

33 2119 172 2172 tota,
202 2119 360 2174 ubique
390 2118 581 2175 perfecta
613 2122 688 2161 est.
750 2133 824 2161 cur
855 2132 975 2174 ergo,
1008 2119 1044 2160 si
1075 2133 1204 2173 quam
1237 2117 1405 2184 quaerit

57 2178 256 2232 repperit,
280 2192 368 2220 non
389 2177 596 2233 quiescit?
647 2177 750 2233 quia
776 2180 818 2219 et
835 2177 913 2220 illa
937 2177 1143 2244 requietis
1170 2177 1266 2219 est
1255 2177 1403 2218 mscia.

59 2238 194 2278 staret
225 2237 358 2291 enim,
395 2237 432 2278 si
463 2251 666 2292 umquam
704 2239 892 2279 stantem
931 2236 1118 2278 animam
1155 2235 1405 2291 repperiret,

19 2294 41 2354 1
59 2307 154 2336 011111
185 2310 290 2339 uero
322 2295 412 2351 illa,
445 2295 499 2338 ad
531 2295 649 2338 cuius
680 2296 973 2351 appetentiam
1005 2295 1209 2351 tiahitur7
1237 2307 1406 2348 semper
