1526 2444
620 62 708 99 XVI
734 66 872 99 15—27
1341 59 1430 102 473

82 174 314 231 putrefacit
352 186 499 216 carnes
532 173 715 226 aestate,
752 185 838 214 non
869 171 1020 213 hieme.
1083 184 1184 226 ergo
1215 183 1294 211 nec
1324 169 1428 211 luna
1443 169 1499 212 21

81 236 259 289 propter
293 231 615 275 submissiorem
647 231 833 273 calorem
867 229 1066 272 diffundit
1095 229 1317 283 humores,
1355 228 1428 270 sed

16 331 18 333 ,
82 293 226 335 nescio
265 305 371 348 quae
407 290 667 346 proprietas,
705 304 835 345 quam
868 288 1022 332 Graeci
1059 288 1220 343 ἰδίωμα
1257 290 1428 338 uocant,

5 398 8 403 4
82 355 126 394 et
169 351 378 407 quaedam
421 352 578 392 natura
623 351 688 391 est
724 346 896 403 lumini,
941 347 1054 402 quod
1091 346 1142 389 de
1181 361 1231 389 ea
1268 346 1429 400 defluit,

44 425 190 466 squae
226 410 445 452 humectet
482 422 680 463 corpora,
719 411 762 450 et
798 407 919 449 uelut
957 406 1125 450 occulto
1161 420 1256 448 rore
1288 405 1429 448 made-

82 470 233 524 faciat,
270 469 338 511 cui
370 468 584 510 admixtus
617 467 732 509 calor
762 466 854 522 ipse
879 466 1043 509 lunaris
1075 464 1309 520 putrefacit
1339 478 1429 507 car-

81 543 198 580 nem,
242 528 310 570 cui
347 527 508 569 diutule
545 525 676 568 fuerit
713 525 891 568 infusus.
957 539 1095 580 neque
1134 524 1247 566 enim
1286 523 1426 566 omnis
1441 523 1498 566 22

82 588 201 630 calor
237 587 364 628 unius
403 588 468 627 est
505 584 745 640 qualitatis,
782 587 832 626 ut
868 585 950 626 hoc
988 584 1081 626 solo
1119 598 1144 625 a
1177 598 1221 625 se
1248 582 1428 637 differat,

84 646 121 689 si
160 645 299 688 maior
330 645 524 687 minorue
557 644 630 697 sit,
668 643 741 685 sed
777 657 869 685 esse
900 643 946 684 in
977 643 1077 698 igne
1110 642 1429 684 diuersissimas

29 721 64 747 ιο
84 705 312 761 qualitates
354 703 520 745 nullam
564 716 709 745 secum
752 701 962 744 habentes
1006 701 1255 744 societatem
1302 701 1431 743 rebus

82 763 323 806 manifestis
360 763 580 817 probatur,
642 760 835 802 aurifices
874 760 927 802 ad
965 759 1242 802 formandum
1275 774 1431 801 aurum
1445 759 1501 801 23

82 823 202 865 nullo
233 822 318 864 nisi
349 822 399 862 de
431 820 566 876 paleis
598 822 777 861 utuntur
807 819 920 874 igne,
952 819 1054 874 quia
1085 818 1215 861 ceteri
1247 818 1299 860 ad
1331 832 1429 873 pro-

83 881 318 924 ducendam
356 880 467 922 hanc
502 878 728 921 materiam
759 877 975 920 inhabiles
1006 878 1238 931 habentur,
1276 877 1430 919 medici

83 940 128 982 in
170 939 370 982 remediis
414 937 728 993 concoquendis
766 937 905 992 magis
943 937 994 979 de
1032 936 1263 979 sarmentis
1302 951 1430 992 quam

31 1014 65 1041 15
84 1013 133 1041 ex
178 999 264 1040 alio
307 998 426 1053 ligno
469 998 615 1053 ignem
658 996 900 1051 requirunt,
945 996 1019 1051 qui
1062 997 1175 1038 uitro
1221 994 1429 1038 soluendo

81 1057 394 1112 formandoque
432 1058 602 1107 curant,
644 1055 694 1096 de
728 1055 898 1109 arbore,
942 1055 1010 1097 cui
1046 1055 1235 1110 myricae
1271 1067 1431 1096 nomen
1445 1053 1504 1096 24

85 1120 163 1171 est,
194 1116 286 1172 igni
319 1130 395 1158 suo
428 1129 572 1158 escam
602 1114 870 1168 ministrant,
903 1114 1020 1156 calor
1052 1114 1103 1155 de
1134 1113 1267 1170 lignis
1300 1113 1432 1168 oleae,

83 1190 179 1218 cum
217 1175 275 1218 sit
312 1174 561 1230 corporibus
598 1173 817 1224 salutaris,
854 1172 1122 1228 perniciosus
1155 1175 1220 1215 est
1252 1172 1432 1224 balneis,

83 1237 126 1277 et
176 1234 229 1276 ad
280 1232 578 1276 dissoluendas
628 1232 849 1274 iuncturas
893 1246 1157 1274 marmorum
1202 1231 1433 1273 efficaciter

30 1310 65 1336 κο
83 1293 255 1348 noxius3
295 1306 384 1335 non
421 1295 488 1334 est
524 1305 627 1347 ergo
666 1291 821 1332 mirum
860 1291 897 1332 si
934 1291 1100 1333 ratione
1138 1291 1433 1345 proprietatis,

83 1366 191 1408 quae
217 1351 400 1407 singulis
426 1352 552 1402 inest,
577 1350 693 1392 calor
719 1349 822 1392 solis
850 1349 1039 1404 arefacit,
1070 1350 1234 1392 lunaris
1260 1349 1430 1391 humec-

82 1414 159 1454 tat.
231 1410 333 1453 hinc
382 1413 425 1451 et
472 1409 662 1451 nutrices
711 1422 866 1463 pueros
909 1407 1111 1450 fellantes
1153 1407 1431 1463 operimentis
1445 1406 1503 1449 25

85 1472 314 1525 optegunt,
352 1483 450 1512 cum
489 1469 567 1511 sub
606 1468 711 1509 luna
747 1469 1039 1522 praetereunt,
1076 1481 1130 1509 ne
1167 1467 1317 1522 plenos
1357 1481 1433 1522 per

84 1531 269 1571 aetatem
323 1528 535 1570 naturalis
590 1527 783 1569 humoris
839 1527 1024 1581 amplius
1079 1527 1230 1568 lunare
1289 1526 1432 1568 lumen

31 1588 314 1639 ”humectess
345 1589 388 1629 et
419 1587 531 1629 sicut
560 1586 680 1641 ligna
713 1585 850 1627 adhuc
882 1586 1025 1627 uirore
1050 1585 1229 1627 humida
1255 1588 1431 1639 accepto

28 1653 31 1663 “
85 1647 226 1689 calore
257 1649 511 1701 curuantur,
548 1645 612 1687 ita
644 1647 687 1686 et
718 1644 894 1686 illorum
927 1644 1120 1686 membra
1151 1646 1432 1699 contorqueat

84 1706 277 1748 humoris
310 1705 506 1748 adiectio.
559 1704 642 1746 hoc
668 1718 837 1759 quoque
862 1705 1015 1745 notum
1042 1706 1120 1759 est,
1151 1703 1263 1758 quia,
1297 1703 1430 1758 siquis
1445 1701 1502 1744 26

85 1764 158 1806 diu
196 1764 275 1807 sub
314 1764 416 1806 luna
454 1778 604 1806 somno
647 1777 691 1805 se
730 1762 912 1816 dederit,
958 1775 1084 1818 aegre
1123 1762 1355 1817 excitatur,
1393 1764 1436 1804 et

85 1823 308 1879 proximus
339 1823 388 1864 fit
419 1823 585 1876 insano,
616 1822 806 1877 pondere
837 1835 1010 1876 pressus
1041 1821 1254 1875 humoris,
1285 1823 1358 1876 qui
1390 1821 1434 1863 in

33 1896 69 1924 so
86 1897 211 1925 omne
243 1882 334 1924 eius
363 1896 518 1936 corpus
546 1881 726 1923 diffusus
753 1882 882 1936 atque
909 1879 1128 1936 dispersus
1156 1883 1222 1922 est
1246 1880 1434 1935 proprie-

30 1947 32 1951 '
84 1943 176 1984 tate
203 1941 354 1992 lunari,
384 1954 490 1995 quae
515 1943 564 1982 ut
589 1954 742 1995 corpus
768 1938 979 1994 infundat,
1006 1953 1152 1982 omnes
1179 1939 1269 1981 eius
1296 1940 1434 1994 aperit

87 2003 131 2042 et
154 2000 273 2042 laxat
297 2002 476 2041 meatus.
533 1999 633 2041 hinc
660 2001 737 2052 est,
768 1997 883 2053 quod
908 1997 1062 2053 Diana,
1094 2012 1201 2054 quae
1227 1998 1330 2040 luna
1356 2001 1431 2051 est,
1448 1996 1502 2038 27

78 2057 279 2114 ’Ἀρτεμις
306 2058 458 2101 dicitur
484 2058 605 2113 quasi
634 2056 871 2113 ἀερότεμις,
903 2057 985 2099 hoc
1012 2059 1077 2099 est
1102 2071 1244 2099 aerem
1272 2072 1433 2100 secans.

183 2214 203 2245 5
230 2220 301 2255 quo
327 2209 510 2245 humect&
529 2206 578 2244 P'
654 2212 698 2244 16
719 2219 846 2244 mlrice
866 2208 902 2243 P
973 2211 1017 2242 22
1038 2207 1210 2244 fellantes
1231 2209 1438 2245 Meursius:

88 2257 348 2340 ξὲἱῖιὲἓίἓΐΡΡ
431 2260 475 2291 23
503 2257 686 2300 obtegunt
712 2256 760 2291 P'
884 2259 927 2291 32
953 2259 1034 2300 post
1066 2255 1119 2291 est
1150 2256 1236 2292 add.
1269 2256 1367 2292 uude
1404 2256 1440 2290 P
