1526 2444
577 39 664 75 xvi
691 42 828 74 11-19
1001 16 1003 18 ’
1319 35 1374 77 81

29 151 103 207 qui
122 149 268 193 iudicii
286 163 413 192 causa
426 163 524 192 cum
535 147 763 203 peregrino
777 146 1074 201 instituuntur,
1093 145 1143 188 ut
1155 143 1370 187 PLAVTVS

29 211 76 253 in
101 209 402 254 CVROVLIONE

119 292 154 334 si
186 292 325 334 status
357 289 578 334 condictus
611 303 707 331 cum
738 288 864 331 hoste
895 285 1142 329 intercessit
1173 286 1277 328 dies.

10 375 228 418 'hostem
281 387 394 415 nunc
451 386 569 415 more
623 373 768 414 uetere
817 370 1035 426 significat
1084 368 1372 425 peregrinum.

0 432 316 489 sproeliares
366 431 420 474 ab
468 431 596 474 iustis
639 444 729 472 non
773 429 1109 486 segregauerim,
1158 427 1371 483 siquidem
1387 426 1443 469 15
1506 442 1509 443 ⁷

30 493 158 535 iusti
201 494 304 535 sunt
347 491 542 533 continui
585 490 766 545 triginta
809 488 916 543 dies,
969 488 1124 542 quibus
1169 486 1374 529 exercitui

29 551 240 606 imperato
278 550 484 592 uexillum
520 550 633 591 russi
672 547 830 590 coloris
868 548 914 590 iii
946 561 1042 589 arce
1073 546 1265 601 positum
1297 548 1374 601 est,

29 610 320 665 proeliares
353 611 497 651 autem
530 622 690 663 omnes,
722 607 876 662 quibus
902 605 968 648 fas
996 607 1062 647 est
1086 620 1155 647 res
1181 606 1374 660 repetere

29 669 100 711 uel
131 669 300 711 hostem
332 668 556 710 lacessere.
599 681 700 708 nam
732 680 828 708 cum
860 664 1018 719 Latiar,
1048 663 1131 706 hoc
1164 666 1230 706 est
1260 663 1374 705 Lati·
1392 664 1447 706 16

0 746 14 775 υ
30 743 182 771 narum
202 727 422 782 sollemne,
447 726 696 780 concipitur,
720 725 824 766 item
844 724 994 766 diebus
1016 721 1376 777 Saturnaliorum‚

32 787 106 830 sed
138 789 180 829 et
211 801 307 829 cum
338 786 520 828 mundus
546 786 678 839 patet,
707 783 831 826 nefas
858 785 925 825 est
950 782 1162 838 proelium
1190 796 1375 824 sumere:

31 846 133 901 quia
168 859 247 888 nec
284 844 538 887 Latinorum
574 846 786 898 tempore,
831 856 914 897 quo
952 839 1122 896 publice
1160 840 1376 896 quondam
1395 841 1445 883 17

31 905 222 947 indutiae
246 904 361 945 inter
385 903 593 958 populum
620 902 864 944 Romanum
889 901 1155 956 Latinosque
1179 900 1377 942 firmatae

33 966 145 1018 sunt,
175 963 371 1005 inchoari
402 962 566 1004 bellum
598 961 794 1016 decebat,
825 975 904 1002 nec
937 959 1112 1003 Saturni
1143 958 1273 1015 festo,
1304 958 1379 1014 qui

0 1040 15 1068 ε
35 1023 126 1064 sine
162 1023 249 1064 ullo
281 1022 468 1064 tumulto
502 1021 656 1063 bellico
689 1019 877 1062 creditur
907 1020 1161 1074 imperasse,
1195 1032 1273 1060 nec
1304 1033 1378 1072 pa-

32 1083 149 1124 tente
188 1081 366 1133 mundo,
404 1080 518 1136 quod
553 1094 723 1122 sacrum
753 1078 846 1120 Diti
877 1079 990 1133 patri
1022 1080 1065 1120 et
1094 1077 1378 1132 Proserpinae

34 1140 223 1183 dicatum
254 1143 332 1195 est,
362 1139 600 1195 meliusque
627 1139 796 1181 occlusa
820 1136 1017 1180 Plutonis
1043 1136 1165 1179 fauce
1191 1135 1378 1178 eundum

36 1199 91 1241 ad
126 1199 335 1254 proelium
371 1199 642 1255 putauerunt.
703 1197 814 1239 unde
852 1199 895 1239 et
926 1196 1094 1239 VARRO
1135 1196 1197 1237 ita
1229 1195 1380 1237 scribit
1396 1195 1451 1238 18

36 1257 250 1300 mundus
283 1272 392 1300 cum
423 1260 585 1312 patet,
615 1256 822 1298 deorum
852 1256 1086 1298 tristium
1118 1257 1270 1310 atque
1302 1254 1378 1296 in·

1 1316 199 1362 oferum
232 1316 377 1372 quasi
408 1317 559 1358 ianua
591 1317 747 1370 patet.
796 1318 1071 1370 propterea
1101 1329 1205 1357 non
1231 1313 1379 1356 modo

36 1375 292 1431 proelium
333 1374 604 1428 committi,
641 1388 814 1416 uerum
846 1374 999 1415 etiam
1031 1373 1274 1415 dilectum
1306 1372 1381 1414 rei

36 1434 284 1476 militaris
329 1448 481 1476 causa
525 1433 705 1475 habere
743 1447 797 1474 ac
834 1431 1052 1474 militem
1088 1431 1381 1487 proficisci,

36 1493 207 1535 nauim
239 1494 455 1548 soluere,
486 1506 693 1534 uxorem
725 1491 944 1533 liberum
976 1490 1382 1547 quaerendorum

38 1566 192 1594 causa
236 1551 436 1607 ducere,
473 1551 778 1606 religiosum
823 1552 909 1592 est.
977 1550 1179 1592 uitabant
1215 1552 1380 1591 ueteres
1398 1551 1452 1593 19

2 1628 19 1656 5
37 1611 92 1653 ad
116 1611 233 1653 uiros
259 1611 476 1653 uocandos
503 1610 632 1652 etiam
659 1609 761 1664 dies,
793 1608 867 1664 qui
892 1611 1036 1651 essent
1060 1609 1200 1651 notati
1226 1608 1381 1650 rebus

37 1669 291 1725 aduersis,
340 1669 540 1711 uitabant
583 1669 715 1710 etiam
756 1668 923 1723 feriis,
973 1668 1084 1710 sicut
1125 1666 1292 1710 VARRO
1337 1667 1383 1709 in

37 1728 272 1772 AVGVRVM
310 1728 433 1771 libris
466 1727 616 1771 scribit
646 1728 693 1769 in
723 1727 830 1769 haec
861 1727 994 1769 uerba
1025 1727 1166 1768 uiros
1199 1741 1382 1769 uocare

36 1787 184 1830 feriis
221 1802 321 1830 non
355 1789 578 1842 oportet:
618 1786 661 1829 si
697 1786 921 1842 uocauit,
959 1786 1218 1842 piaculum
1257 1788 1381 1829 esto.

133 1901 261 1934 3u.5

0 1976 22 2040 ¹[⁷
132 2002 152 2033 2
185 1997 405 2044 gurgulione
437 1998 484 2043 B,
517 1998 738 2043 gurgulione
774 1997 810 2032 P
917 2000 937 2032 3
970 1996 998 2031 si
1028 2007 1095 2033 om.
1128 1997 1164 2032 Β
1285 2000 1308 2031 4
1339 1996 1385 2030 si-

38 2044 226 2091 gmficans
240 2055 332 2081 corr.
358 2056 402 2081 ex
426 2045 638 2090 significant
656 2045 698 2080 in
716 2045 753 2079 Β
815 2047 836 2079 5
856 2043 1032 2091 prehales
1047 2044 1091 2088 P,
1116 2043 1322 2089 proeliares
1338 2043 1383 2078 B'

41 2103 65 2128 a.
87 2093 124 2128 Β
214 2097 234 2128 6
261 2093 428 2128 continui
452 2103 518 2128 om.
545 2092 582 2127 P
673 2096 694 2128 8
718 2091 896 2139 prelialel'
917 2091 954 2126 P
1040 2091 1101 2126 res
1120 2102 1188 2128 om.
1216 2092 1253 2126 P
1342 2094 1385 2126 10

10 2152 18 2156 ·
39 2138 203 2184 follepne
228 2139 265 2174 P
337 2143 379 2175 11
404 2140 588 2184 praelium
609 2139 646 2173 P
711 2144 754 2174 12
775 2138 875 2183 quod
893 2138 1045 2186 publice
1065 2138 1101 2174 Β
1170 2142 1213 2174 15
1232 2139 1386 2183 potente

38 2190 85 2222 ut
104 2187 181 2222 uid.
207 2184 254 2222 B'
331 2190 373 2222 17
401 2186 566 2232 platonis
579 2186 625 2222 B'
703 2189 746 2221 18
771 2186 954 2232 praehum
977 2186 1013 2220 P
1083 2189 1127 2222 21
1148 2186 1333 2231 praelium
1352 2185 1389 2219 P

41 2233 226 2270 delectum
251 2235 272 2270 b
362 2237 408 2269 23
433 2245 567 2269 nauem
592 2234 629 2269 B
719 2237 763 2269 25
789 2235 963 2277 nontaiiti
989 2234 1025 2268 B
1113 2237 1156 2268 27
1185 2232 1325 2279 scripsit
1350 2232 1386 2266 Β

29 2291 174 2316 uacare
193 2282 214 2317 b
287 2284 332 2317 28
357 2282 509 2318 uocauit
533 2292 624 2319 corr.
651 2281 693 2317 in
717 2282 871 2318 uacabit
895 2282 936 2317 in
956 2281 993 2316 Β
1059 2279 1113 2316 est
1140 2280 1177 2315 P

111 2345 301 2373 anomvs
1081 2343 1101 2374 6
