1526 2444
473 67 560 103 xm
586 69 725 102 12—16
760 65 864 102 ΧΙιΠ
891 69 983 101 1-4
1318 63 1403 107 199

59 177 317 234 leporario
373 175 596 218 condant
643 176 694 218 in
743 175 917 217 caucis
968 176 1016 216 et
1064 174 1178 216 loco
1229 173 1404 216 clauso

57 237 256 279 faciant
294 236 524 291 pingues.
596 234 702 277 sicui
739 234 823 276 hoc
863 234 1018 276 mirum
1057 233 1245 285 uidetur,
1290 231 1404 288 quod
1420 232 1476 276 15

57 295 120 338 ait
145 294 283 337 Varro
315 295 484 350 lepores
516 295 659 336 aetate
689 294 766 335 illa
797 292 952 336 solitos
985 292 1191 348 saginari,
1222 292 1406 347 accipiat

57 354 183 410 aliud,
215 354 329 409 quod
354 353 517 396 maiore
543 352 828 395 admiratione
847 353 914 395 «sit
944 352 1136 408 dignum,
1168 351 1404 394 cochleas

20 429 37 456 5
58 413 342 469 saginatas,
380 413 493 469 quod
531 412 643 454 idem
674 410 830 454 Varro
862 412 908 453 in
939 411 1088 454 eodem
1118 410 1230 453 libro
1262 409 1403 453 refert.

55 472 189 514 uerba
213 471 310 527 ipsa
335 472 408 526 qui
434 472 552 514 uolet
582 471 737 527 legere,
769 471 844 513 ubi
876 484 1079 526 quaerere
1110 470 1265 512 debeat
1294 469 1405 512 indi-

56 531 162 573 caui.
211 545 348 586 neque
375 544 454 586 ego
480 545 592 572 nunc
619 531 866 586 antiquitati
890 544 972 573 nos
997 529 1301 584 praeferendos
1331 529 1405 571 uel
1421 529 1474 572 16

55 590 367 645 comparandos
406 589 520 645 dico,
562 590 635 632 sed
664 589 869 644 respondi
900 589 1148 644 obiurganti
1179 587 1299 630 Horo
1333 587 1402 630 ad-

55 662 200 691 serens
231 649 295 691 uti
320 662 389 691 res
413 649 558 704 habet,
588 649 796 691 maiorem
821 647 908 690 illis
940 647 1121 691 saeculis
1155 647 1404 690 deliciarum

0 724 35 750 ιο
54 722 201 750 curam
231 707 366 750 fuisse
400 723 530 763 quam
559 706 738 750 nostro?

173 765 362 809 Subiecit
380 766 534 809 Furius
553 765 751 821 Albinus,
783 765 1054 821 antiquitatis
1085 779 1174 807 non
1192 764 1476 807 minusXIIII

54 840 183 880 quam
215 824 396 868 Caecina
426 826 591 880 peritus
629 824 782 867 ‘miror
813 824 879 867 te'
911 824 1052 879 inquit
1084 823 1276 878 ‘Albine‚
1315 838 1403 866 non

52 884 270 939 retulisse,
308 887 469 940 quanta
505 885 590 926 illis
629 884 853 926 affluentia
883 884 1150 926 marinarum
1181 883 1403 938 procurari

52 943 180 985 solita
216 942 346 986 fuerit
383 943 621 999 copiarum,
660 943 780 985 cuius
819 943 961 985 relatu
993 943 1226 985 maximam
1259 942 1403 985 conui-

0 1017 34 1044 15
52 1002 220 1044 uiorum
256 1005 503 1045 nostrorum
541 1003 819 1045 sobrietatem
858 1000 1064 1044 doceres'.
1138 1004 1181 1044 et
1218 1000 1403 1044 Caecina

53 1060 238 1116 ‘profer'
263 1061 407 1117 inquit
438 1062 507 1104 ‘in
532 1061 733 1117 medium,
764 1076 872 1117 quae
899 1061 950 1103 de
974 1061 1057 1103 hac
1084 1075 1253 1116 quoque
1277 1062 1402 1116 parte

51 1121 165 1163 lectu
201 1120 458 1175 comperisti.
519 1121 635 1163 ultra
676 1135 825 1163 omnes
865 1120 976 1162 enim
1015 1120 1155 1176 polles
1196 1120 1404 1163 memoria

51 1179 315 1221 uetustatis'.
379 1182 422 1221 et
445 1179 599 1222 Furius
626 1180 686 1222 sic
711 1180 932 1236 ingressus
965 1183 1032 1222 est
1064 1178 1282 1222 ‘uetustas
1314 1179 1444 1235 qui-2

51 1238 148 1280 dem
190 1238 318 1281 nobis
362 1253 546 1294 semper,
591 1239 627 1281 si
668 1239 876 1294 sapimus,
920 1238 1138 1281 adoranda
1179 1241 1255 1281 est.
1328 1238 1404 1280 illa

0 1312 34 1339 so
53 1297 211 1352 quippe
238 1298 408 1340 saecula
434 1301 547 1352 sunt,
578 1312 686 1353 quae
716 1298 800 1341 hoc
829 1299 1058 1353 imperium
1090 1298 1160 1340 uel
1191 1297 1403 1352 sanguine

51 1356 123 1398 uel
149 1355 302 1398 sudore
327 1360 601 1412 pepererunt,
631 1357 746 1412 quod
770 1371 858 1399 non
882 1357 968 1399 nisi
997 1357 1210 1399 uirtutum
1240 1356 1404 1398 faceret

52 1416 228 1457 ubertas
279 1415 371 1470 sed,
421 1415 535 1470 quod
582 1415 806 1458 fatendum
851 1418 934 1470 est,
983 1416 1028 1457 in
1072 1415 1150 1458 illa
1193 1415 1403 1457 uirtutum

53 1473 288 1516 abundatia
314 1474 432 1516 uitiis
458 1489 627 1530 quoque
653 1478 771 1517 aetas
796 1475 875 1516 illa
899 1489 988 1517 non
1016 1475 1165 1528 caruit,
1198 1489 1221 1517 e
1246 1474 1402 1529 quibus

51 1547 140 1575 non
177 1533 298 1575 nulla
334 1536 485 1575 nostro
525 1535 696 1576 saeculo
735 1549 902 1576 morum
944 1534 1178 1576 sobrietate
1210 1535 1403 1576 correcta

0 1606 33 1632 25
53 1595 164 1635 sunt.
225 1592 338 1634 etde
364 1593 467 1634 luxu
493 1592 665 1647 quidem
690 1592 808 1635 illius
834 1594 1042 1648 temporis
1070 1592 1184 1635 circa
1209 1593 1401 1635 marinas
1416 1600 1443 1642 3

52 1651 197 1706 copias
241 1651 381 1693 dicere
424 1652 716 1707 institueram,
761 1652 836 1694 sed
879 1652 980 1707 quia
1022 1653 1069 1694 in
1113 1652 1403 1694 adsertionem

51 1712 225 1752 nostrae
257 1710 569 1753 emendationis
601 1711 688 1753 alia
720 1725 771 1753 ex
804 1711 900 1754 aliis
932 1711 1192 1766 proferenda
1225 1725 1270 1753 se
1301 1725 1400 1766 sug-

52 1771 225 1824 gerunt,
263 1769 313 1811 de
350 1769 541 1824 piscibus
577 1785 665 1813 non
704 1771 859 1813 omitto
899 1770 974 1813 sed
1005 1770 1175 1826 differo,
1216 1770 1317 1812 dum
1348 1770 1400 1812 de

53 1827 138 1869 alia
167 1828 366 1884 lasciuia,
397 1843 481 1883 qua
510 1843 626 1871 nunc
658 1844 870 1884 caremus,
902 1829 1124 1873 admoneo.
1187 1829 1254 1872 dic
1286 1830 1443 1876 enim4

0 1899 33 1926 ιο
53 1885 186 1942 Hore,
225 1887 299 1942 qui
336 1888 638 1943 antiquitatem
675 1889 802 1931 nobis
842 1889 996 1944 obicis,
1036 1891 1135 1931 ante
1175 1889 1296 1931 cuius
1327 1888 1402 1930 tri-

51 1945 227 1988 clinium
271 1947 399 1988 modo
445 1947 709 1990 saltatricem
753 1948 823 1990 uel
866 1947 1118 1991 saltatorem
1159 1950 1203 1990 te
1240 1948 1401 1991 uidisse

148 2077 166 2108 1
194 2074 313 2110 conda.
340 2075 385 2119 P,
412 2075 598 2120 quondam
623 2075 660 2110 Β
778 2079 799 2110 2
824 2076 961 2112 faciam
987 2074 1034 2111 P'
1038 2077 1075 2112 Β
1190 2080 1211 2112 3
1237 2076 1403 2121 accipiat

50 2120 145 2156 illud
169 2121 207 2156 P
303 2125 325 2156 4
350 2122 497 2158 cocleas
516 2122 560 2166 P,
586 2122 748 2159 clocleas
766 2123 803 2158 Β
907 2127 926 2159 7
953 2135 973 2159 c
997 2125 1040 2160 in
1064 2124 1108 2160 xic
1132 2125 1175 2160 in
1197 2135 1271 2160 ras.
1297 2125 1340 2159 in
1367 2124 1404 2158 P

51 2172 72 2203 9
99 2167 309 2204 dlllclarum
339 2169 386 2205 B'
509 2173 552 2205 12
583 2181 658 2205 non
690 2181 757 2206 om.
781 2168 828 2206 B'
951 2175 995 2207 13
1026 2175 1214 2207 marmarfi
1246 2183 1314 2208 om.
1349 2167 1398 2205 P'

53 2218 98 2250 14
122 2216 261 2251 fuerint
285 2213 332 2252 B'
418 2217 587 2253 relaxata
612 2217 649 2252 P
733 2222 775 2253 17
803 2217 934 2254 omnes
953 2230 1020 2255 om.
1041 2217 1088 2254 P‘
1183 2223 1227 2255 18
1257 2219 1342 2255 *sic
1367 2218 1404 2253 P

51 2265 96 2297 21
121 2263 261 2299 faceret
286 2283 330 2290 —
356 2268 401 2300 22
427 2265 609 2300 uirtutum
634 2266 720 2301 add.
746 2266 812 2301 Bm
902 2269 947 2301 23
972 2277 1070 2302 nunc
1095 2268 1195 2303 armt
1217 2264 1264 2301 B'
1355 2269 1400 2301 26

52 2309 256 2347 adsertione
283 2311 321 2346 P
389 2315 434 2347 27
460 2311 532 2348 se*
560 2312 596 2346 P
668 2316 712 2348 29
738 2323 839 2348 emm
865 2323 930 2349 oro
956 2325 1022 2359 qui
1045 2314 1082 2349 Β
