<?xml version="1.0" encoding="UTF-8"?>
<!DOCTYPE html PUBLIC "-//W3C//DTD XHTML 1.0 Transitional//EN"
    "http://www.w3.org/TR/xhtml1/DTD/xhtml1-transitional.dtd">
<html xmlns="http://www.w3.org/1999/xhtml" xml:lang="en" lang="en">
 <head>
  <title>
</title>
<meta http-equiv="Content-Type" content="text/html;charset=utf-8" />
  <meta name='ocr-system' content='tesseract 3.04.00' />
  <meta name='ocr-capabilities' content='ocr_page ocr_carea ocr_par ocr_line ocrx_word'/>
</head>
<body>
  <div class='ocr_page' id='page_1' title='image "./macrobiusfrancis00macruoft_0125.png"; bbox 0 0 1526 2444; ppageno 0'>
   <div class='ocr_carea' id='block_1_1' title="bbox 441 59 1390 103">
    <p class='ocr_par' dir='ltr' id='par_1_1' title="bbox 441 59 1390 103">
     <span class='ocr_line' id='line_1_1' title="bbox 441 59 1390 103; baseline 0 -7"><span class='ocrx_word' id='word_1_1' title='bbox 441 60 581 97; x_wconf 87' lang='lat' dir='ltr'>XVIIII</span> <span class='ocrx_word' id='word_1_2' title='bbox 608 63 745 97; x_wconf 90' lang='grc'>17-18</span> <span class='ocrx_word' id='word_1_3' title='bbox 770 59 838 96; x_wconf 88' lang='lat' dir='ltr'>XX</span> <span class='ocrx_word' id='word_1_4' title='bbox 866 64 956 96; x_wconf 88' lang='grc'>1-6</span> <span class='ocrx_word' id='word_1_5' title='bbox 1306 61 1390 103; x_wconf 84' lang='grc'>113</span> 
     </span>
    </p>
   </div>
   <div class='ocr_carea' id='block_1_2' title="bbox 0 167 1431 1109">
    <p class='ocr_par' dir='ltr' id='par_1_2' title="bbox 0 167 1431 1109">
     <span class='ocr_line' id='line_1_2' title="bbox 38 167 1389 226; baseline -0.001 -13"><span class='ocrx_word' id='word_1_6' title='bbox 38 170 212 213; x_wconf 87' lang='lat' dir='ltr'>fictione</span> <span class='ocrx_word' id='word_1_7' title='bbox 261 171 546 224; x_wconf 83' lang='lat' dir='ltr'>monstratur,</span> <span class='ocrx_word' id='word_1_8' title='bbox 598 168 710 226; x_wconf 92' lang='lat' dir='ltr'>quod</span> <span class='ocrx_word' id='word_1_9' title='bbox 754 169 811 211; x_wconf 88' lang='lat' dir='ltr'>sit</span> <span class='ocrx_word' id='word_1_10' title='bbox 855 170 1129 224; x_wconf 86' lang='lat' dir='ltr'>nuncupatus</span> <span class='ocrx_word' id='word_1_11' title='bbox 1173 167 1257 212; x_wconf 77' lang='grc' dir='ltr'>ἀπὸ</span> <span class='ocrx_word' id='word_1_12' title='bbox 1308 175 1389 212; x_wconf 82' lang='grc' dir='ltr'>τοῦ</span> 
     </span>
     <span class='ocr_line' id='line_1_3' title="bbox 39 227 1388 286; baseline -0.001 -14"><span class='ocrx_word' id='word_1_13' title='bbox 39 227 211 286; x_wconf 81' lang='grc' dir='ltr'><em>δέρκειν</em></span> <span class='ocrx_word' id='word_1_14' title='bbox 254 228 297 271; x_wconf 92' lang='lat' dir='ltr'>id</span> <span class='ocrx_word' id='word_1_15' title='bbox 340 230 406 271; x_wconf 88' lang='lat' dir='ltr'>est</span> <span class='ocrx_word' id='word_1_16' title='bbox 442 228 599 271; x_wconf 88' lang='lat' dir='ltr'>uidere.</span> <span class='ocrx_word' id='word_1_17' title='bbox 665 242 766 270; x_wconf 85' lang='lat' dir='ltr'>nam</span> <span class='ocrx_word' id='word_1_18' title='bbox 809 227 956 270; x_wconf 88' lang='lat' dir='ltr'>ferunt</span> <span class='ocrx_word' id='word_1_19' title='bbox 990 228 1105 271; x_wconf 90' lang='lat' dir='ltr'>hunc</span> <span class='ocrx_word' id='word_1_20' title='bbox 1144 231 1388 284; x_wconf 81' lang='lat' dir='ltr'>serpentem</span> 
     </span>
     <span class='ocr_line' id='line_1_4' title="bbox 38 286 1386 343; baseline 0 -13"><span class='ocrx_word' id='word_1_21' title='bbox 38 289 128 331; x_wconf 81' lang='lat' dir='ltr'>acie</span> <span class='ocrx_word' id='word_1_22' title='bbox 178 287 428 331; x_wconf 84' lang='lat' dir='ltr'>acutissima</span> <span class='ocrx_word' id='word_1_23' title='bbox 478 290 522 330; x_wconf 87' lang='lat' dir='ltr'>ct</span> <span class='ocrx_word' id='word_1_24' title='bbox 570 287 772 343; x_wconf 84' lang='lat' dir='ltr'>peruigili</span> <span class='ocrx_word' id='word_1_25' title='bbox 821 290 1022 330; x_wconf 85' lang='lat' dir='ltr'>naturam</span> <span class='ocrx_word' id='word_1_26' title='bbox 1066 286 1215 330; x_wconf 87' lang='lat' dir='ltr'>sideris</span> <span class='ocrx_word' id='word_1_27' title='bbox 1258 287 1386 330; x_wconf 86' lang='lat' dir='ltr'>huius</span> 
     </span>
     <span class='ocr_line' id='line_1_5' title="bbox 11 345 1389 402; baseline 0.001 -14"><span class='ocrx_word' id='word_1_28' title='bbox 11 346 199 390; x_wconf 72' lang='lat' dir='ltr'>‘imitari</span> <span class='ocrx_word' id='word_1_29' title='bbox 237 349 365 402; x_wconf 84' lang='lat' dir='ltr'>atque</span> <span class='ocrx_word' id='word_1_30' title='bbox 403 346 499 389; x_wconf 90' lang='lat' dir='ltr'>ideo</span> <span class='ocrx_word' id='word_1_31' title='bbox 531 346 700 389; x_wconf 88' lang='lat' dir='ltr'>aedium</span> <span class='ocrx_word' id='word_1_32' title='bbox 732 345 959 401; x_wconf 86' lang='lat' dir='ltr'>adytorum</span> <span class='ocrx_word' id='word_1_33' title='bbox 998 346 1267 389; x_wconf 89' lang='lat' dir='ltr'>oraculorum</span> <span class='ocrx_word' id='word_1_34' title='bbox 1297 347 1389 389; x_wconf 87' lang='lat' dir='ltr'>the-</span> 
     </span>
     <span class='ocr_line' id='line_1_6' title="bbox 0 405 1431 461; baseline -0.001 -11"><span class='ocrx_word' id='word_1_35' title='bbox 0 418 20 450; x_wconf 68' lang='lat'>⁵</span> <span class='ocrx_word' id='word_1_36' title='bbox 39 420 263 449; x_wconf 86' lang='lat' dir='ltr'>saurorum</span> <span class='ocrx_word' id='word_1_37' title='bbox 303 405 542 448; x_wconf 72' lang='lat' dir='ltr'>custodiam</span> <span class='ocrx_word' id='word_1_38' title='bbox 586 405 844 448; x_wconf 83' lang='lat' dir='ltr'>draconibus</span> <span class='ocrx_word' id='word_1_39' title='bbox 889 405 1119 461; x_wconf 87' lang='lat' dir='ltr'>adsignari.</span> <span class='ocrx_word' id='word_1_40' title='bbox 1186 406 1431 449; x_wconf 86' lang='lat' dir='ltr'>Aescula-4</span> 
     </span>
     <span class='ocr_line' id='line_1_7' title="bbox 35 463 1388 520; baseline 0.001 -13"><span class='ocrx_word' id='word_1_41' title='bbox 35 465 154 520; x_wconf 90' lang='lat' dir='ltr'>pium</span> <span class='ocrx_word' id='word_1_42' title='bbox 190 479 292 507; x_wconf 92' lang='lat' dir='ltr'>uero</span> <span class='ocrx_word' id='word_1_43' title='bbox 330 464 510 507; x_wconf 86' lang='lat' dir='ltr'>eundem</span> <span class='ocrx_word' id='word_1_44' title='bbox 548 478 642 507; x_wconf 89' lang='lat' dir='ltr'>esse</span> <span class='ocrx_word' id='word_1_45' title='bbox 681 466 807 520; x_wconf 89' lang='lat' dir='ltr'>atque</span> <span class='ocrx_word' id='word_1_46' title='bbox 838 463 1089 519; x_wconf 87' lang='lat' dir='ltr'>Apollinem</span> <span class='ocrx_word' id='word_1_47' title='bbox 1126 479 1215 507; x_wconf 88' lang='lat' dir='ltr'>non</span> <span class='ocrx_word' id='word_1_48' title='bbox 1247 466 1388 508; x_wconf 93' lang='lat' dir='ltr'>solum</span> 
     </span>
     <span class='ocr_line' id='line_1_8' title="bbox 36 523 1385 580; baseline 0.001 -15"><span class='ocrx_word' id='word_1_49' title='bbox 36 523 137 566; x_wconf 88' lang='lat' dir='ltr'>hinc</span> <span class='ocrx_word' id='word_1_50' title='bbox 167 524 394 579; x_wconf 88' lang='lat' dir='ltr'>probatur,</span> <span class='ocrx_word' id='word_1_51' title='bbox 426 523 540 579; x_wconf 89' lang='lat' dir='ltr'>quod</span> <span class='ocrx_word' id='word_1_52' title='bbox 573 538 623 565; x_wconf 85' lang='lat' dir='ltr'>ex</span> <span class='ocrx_word' id='word_1_53' title='bbox 654 523 732 566; x_wconf 89' lang='lat' dir='ltr'>illo</span> <span class='ocrx_word' id='word_1_54' title='bbox 764 526 892 567; x_wconf 90' lang='lat' dir='ltr'>natus</span> <span class='ocrx_word' id='word_1_55' title='bbox 926 523 1131 579; x_wconf 87' lang='lat' dir='ltr'>creditur,</span> <span class='ocrx_word' id='word_1_56' title='bbox 1166 524 1242 566; x_wconf 86' lang='lat' dir='ltr'>sed</span> <span class='ocrx_word' id='word_1_57' title='bbox 1273 524 1385 580; x_wconf 90' lang='lat' dir='ltr'>quod</span> 
     </span>
     <span class='ocr_line' id='line_1_9' title="bbox 37 582 1386 638; baseline 0.001 -14"><span class='ocrx_word' id='word_1_58' title='bbox 37 583 77 625; x_wconf 88' lang='lat' dir='ltr'>ei</span> <span class='ocrx_word' id='word_1_59' title='bbox 108 584 151 624; x_wconf 87' lang='lat' dir='ltr'>et</span> <span class='ocrx_word' id='word_1_60' title='bbox 182 583 248 624; x_wconf 89' lang='lat' dir='ltr'>uis</span> <span class='ocrx_word' id='word_1_61' title='bbox 281 582 558 625; x_wconf 87' lang='lat' dir='ltr'>diuinationis</span> <span class='ocrx_word' id='word_1_62' title='bbox 591 582 849 638; x_wconf 88' lang='lat' dir='ltr'>adiungitur.</span> <span class='ocrx_word' id='word_1_63' title='bbox 899 597 1000 624; x_wconf 90' lang='lat' dir='ltr'>nam</span> <span class='ocrx_word' id='word_1_64' title='bbox 1032 583 1386 627; x_wconf 83' lang='lat' dir='ltr'><strong>APOLLODORVS</strong></span> 
     </span>
     <span class='ocr_line' id='line_1_10' title="bbox 36 639 1389 697; baseline 0.001 -14"><span class='ocrx_word' id='word_1_65' title='bbox 36 641 83 683; x_wconf 91' lang='lat' dir='ltr'>in</span> <span class='ocrx_word' id='word_1_66' title='bbox 119 641 260 697; x_wconf 88' lang='lat' dir='ltr'>libris,</span> <span class='ocrx_word' id='word_1_67' title='bbox 298 641 452 697; x_wconf 89' lang='lat' dir='ltr'>quibus</span> <span class='ocrx_word' id='word_1_68' title='bbox 489 641 641 684; x_wconf 86' lang='lat' dir='ltr'>titulus</span> <span class='ocrx_word' id='word_1_69' title='bbox 683 644 748 683; x_wconf 89' lang='lat' dir='ltr'>est</span> <span class='ocrx_word' id='word_1_70' title='bbox 784 639 884 697; x_wconf 79' lang='grc' dir='ltr'><em>περὶ</em></span> <span class='ocrx_word' id='word_1_71' title='bbox 915 645 1057 696; x_wconf 80' lang='grc' dir='ltr'><strong><em>θεῶν,</em></strong></span> <span class='ocrx_word' id='word_1_72' title='bbox 1095 642 1244 684; x_wconf 79' lang='lat' dir='ltr'><strong>scribit</strong></span> <span class='ocrx_word' id='word_1_73' title='bbox 1276 643 1389 697; x_wconf 90' lang='lat' dir='ltr'>quod</span> 
     </span>
     <span class='ocr_line' id='line_1_11' title="bbox 0 699 1388 756; baseline 0 -13"><span class='ocrx_word' id='word_1_74' title='bbox 0 699 377 755; x_wconf 80' lang='lat' dir='ltr'>:ersculapius</span> <span class='ocrx_word' id='word_1_75' title='bbox 406 700 819 743; x_wconf 87' lang='lat' dir='ltr'>diuinationibus</span> <span class='ocrx_word' id='word_1_76' title='bbox 846 702 895 742; x_wconf 90' lang='lat' dir='ltr'>et</span> <span class='ocrx_word' id='word_1_77' title='bbox 920 700 1151 756; x_wconf 87' lang='lat' dir='ltr'>auguriis</span> <span class='ocrx_word' id='word_1_78' title='bbox 1176 702 1388 755; x_wconf 75' lang='lat' dir='ltr'>praesit.</span> 
     </span>
     <span class='ocr_line' id='line_1_12' title="bbox 36 758 1430 815; baseline 0.003 -15"><span class='ocrx_word' id='word_1_79' title='bbox 36 773 115 802; x_wconf 89' lang='lat' dir='ltr'>nec</span> <span class='ocrx_word' id='word_1_80' title='bbox 151 760 326 815; x_wconf 79' lang='lat' dir='ltr'>mirum,</span> <span class='ocrx_word' id='word_1_81' title='bbox 367 760 404 801; x_wconf 89' lang='lat' dir='ltr'>si</span> <span class='ocrx_word' id='word_1_82' title='bbox 435 759 604 814; x_wconf 87' lang='lat' dir='ltr'>quidem</span> <span class='ocrx_word' id='word_1_83' title='bbox 636 759 872 802; x_wconf 82' lang='lat' dir='ltr'>medicinae</span> <span class='ocrx_word' id='word_1_84' title='bbox 905 761 1035 814; x_wconf 90' lang='lat' dir='ltr'>atque</span> <span class='ocrx_word' id='word_1_85' title='bbox 1070 758 1430 804; x_wconf 84' lang='lat' dir='ltr'>diuinationum5</span> 
     </span>
     <span class='ocr_line' id='line_1_13' title="bbox 37 818 1389 873; baseline 0.001 -13"><span class='ocrx_word' id='word_1_86' title='bbox 37 819 309 861; x_wconf 84' lang='lat' dir='ltr'>consociatae</span> <span class='ocrx_word' id='word_1_87' title='bbox 347 821 448 860; x_wconf 89' lang='lat' dir='ltr'>sunt</span> <span class='ocrx_word' id='word_1_88' title='bbox 485 818 750 873; x_wconf 88' lang='lat' dir='ltr'>disciplinae.</span> <span class='ocrx_word' id='word_1_89' title='bbox 811 832 912 860; x_wconf 90' lang='lat' dir='ltr'>nam</span> <span class='ocrx_word' id='word_1_90' title='bbox 950 818 1138 861; x_wconf 90' lang='lat' dir='ltr'>medicus</span> <span class='ocrx_word' id='word_1_91' title='bbox 1175 819 1244 860; x_wconf 87' lang='lat' dir='ltr'>uel</span> <span class='ocrx_word' id='word_1_92' title='bbox 1277 834 1389 862; x_wconf 92' lang='lat' dir='ltr'>com-</span> 
     </span>
     <span class='ocr_line' id='line_1_14' title="bbox 36 876 1389 934; baseline 0.001 -15"><span class='ocrx_word' id='word_1_93' title='bbox 36 876 164 919; x_wconf 86' lang='lat' dir='ltr'>moda</span> <span class='ocrx_word' id='word_1_94' title='bbox 207 878 276 919; x_wconf 90' lang='lat' dir='ltr'>uel</span> <span class='ocrx_word' id='word_1_95' title='bbox 318 877 589 919; x_wconf 90' lang='lat' dir='ltr'>incommoda</span> <span class='ocrx_word' id='word_1_96' title='bbox 631 877 678 919; x_wconf 89' lang='lat' dir='ltr'>in</span> <span class='ocrx_word' id='word_1_97' title='bbox 722 891 901 932; x_wconf 91' lang='lat' dir='ltr'>corpore</span> <span class='ocrx_word' id='word_1_98' title='bbox 944 877 1092 920; x_wconf 87' lang='lat' dir='ltr'>futura</span> <span class='ocrx_word' id='word_1_99' title='bbox 1129 878 1389 934; x_wconf 85' lang='lat' dir='ltr'>praenoscit,</span> 
     </span>
     <span class='ocr_line' id='line_1_15' title="bbox 36 936 1387 991; baseline 0.001 -14"><span class='ocrx_word' id='word_1_100' title='bbox 36 936 148 978; x_wconf 88' lang='lat' dir='ltr'>sicut</span> <span class='ocrx_word' id='word_1_101' title='bbox 196 937 258 978; x_wconf 89' lang='lat' dir='ltr'>ait</span> <span class='ocrx_word' id='word_1_102' title='bbox 299 936 584 990; x_wconf 87' lang='lat' dir='ltr'>Hippocrates</span> <span class='ocrx_word' id='word_1_103' title='bbox 635 938 834 991; x_wconf 88' lang='lat' dir='ltr'>oportere</span> <span class='ocrx_word' id='word_1_104' title='bbox 884 936 1096 979; x_wconf 87' lang='lat' dir='ltr'>medicum</span> <span class='ocrx_word' id='word_1_105' title='bbox 1144 937 1283 979; x_wconf 87' lang='lat' dir='ltr'>dicere</span> <span class='ocrx_word' id='word_1_106' title='bbox 1336 937 1387 979; x_wconf 86' lang='lat' dir='ltr'>de</span> 
     </span>
     <span class='ocr_line' id='line_1_16' title="bbox 0 993 1390 1052; baseline 0.001 -15"><span class='ocrx_word' id='word_1_107' title='bbox 0 1012 17 1041; x_wconf 78' lang='lat'><strong>5</strong></span> <span class='ocrx_word' id='word_1_108' title='bbox 36 996 212 1048; x_wconf 73' lang='lat' dir='ltr'>aegroto</span> <span class='ocrx_word' id='word_1_109' title='bbox 254 995 307 1037; x_wconf 78' lang='grc' dir='ltr'>τά</span> <span class='ocrx_word' id='word_1_110' title='bbox 343 1010 388 1037; x_wconf 84' lang='grc' dir='ltr'>τε</span> <span class='ocrx_word' id='word_1_111' title='bbox 425 997 643 1051; x_wconf 78' lang='grc' dir='ltr'><strong><em>παρεόντα</em></strong></span> <span class='ocrx_word' id='word_1_112' title='bbox 679 993 752 1037; x_wconf 82' lang='grc' dir='ltr'>καὶ</span> <span class='ocrx_word' id='word_1_113' title='bbox 788 995 840 1037; x_wconf 81' lang='grc' dir='ltr'>τὰ</span> <span class='ocrx_word' id='word_1_114' title='bbox 876 997 1176 1052; x_wconf 79' lang='grc' dir='ltr'><strong><em>προγεγονότα</em></strong></span> <span class='ocrx_word' id='word_1_115' title='bbox 1211 994 1286 1039; x_wconf 81' lang='grc' dir='ltr'>καὶ</span> <span class='ocrx_word' id='word_1_116' title='bbox 1324 997 1390 1052; x_wconf 80' lang='grc' dir='ltr'>τὰ,</span> 
     </span>
     <span class='ocr_line' id='line_1_17' title="bbox 35 1051 647 1109; baseline 0 -13"><span class='ocrx_word' id='word_1_117' title='bbox 35 1051 250 1108; x_wconf 82' lang='grc' dir='ltr'><strong><em>μέλλοντα</em></strong></span> <span class='ocrx_word' id='word_1_118' title='bbox 281 1055 474 1109; x_wconf 76' lang='grc' dir='ltr'><strong><em>ἔσεσθαι,</em></strong></span> <span class='ocrx_word' id='word_1_119' title='bbox 505 1055 549 1096; x_wconf 88' lang='lat' dir='ltr'>id</span> <span class='ocrx_word' id='word_1_120' title='bbox 581 1057 647 1096; x_wconf 89' lang='lat' dir='ltr'>est</span> 
     </span>
    </p>
   </div>
   <div class='ocr_carea' id='block_1_3' title="bbox 35 1136 1386 1358">
    <p class='ocr_par' dir='ltr' id='par_1_3' title="bbox 35 1136 1386 1358">
     <span class='ocr_line' id='line_1_18' title="bbox 35 1136 1386 1193; baseline 0.002 -15"><span class='ocrx_word' id='word_1_121' title='bbox 35 1149 143 1191; x_wconf 87' lang='lat' dir='ltr'>quae</span> <span class='ocrx_word' id='word_1_122' title='bbox 175 1137 278 1192; x_wconf 88' lang='lat' dir='ltr'>sint,</span> <span class='ocrx_word' id='word_1_123' title='bbox 311 1151 420 1192; x_wconf 88' lang='lat' dir='ltr'>quae</span> <span class='ocrx_word' id='word_1_124' title='bbox 451 1136 633 1192; x_wconf 83' lang='lat' dir='ltr'>fuerint,</span> <span class='ocrx_word' id='word_1_125' title='bbox 666 1151 774 1192; x_wconf 88' lang='lat' dir='ltr'>quae</span> <span class='ocrx_word' id='word_1_126' title='bbox 807 1151 907 1179; x_wconf 86' lang='lat' dir='ltr'>mox</span> <span class='ocrx_word' id='word_1_127' title='bbox 939 1139 1121 1180; x_wconf 86' lang='lat' dir='ltr'>uentura</span> <span class='ocrx_word' id='word_1_128' title='bbox 1153 1140 1386 1193; x_wconf 83' lang='lat' dir='ltr'>sequentur</span> 
     </span>
     <span class='ocr_line' id='line_1_19' title="bbox 38 1218 1084 1275; baseline 0.002 -15"><span class='ocrx_word' id='word_1_129' title='bbox 38 1218 151 1273; x_wconf 89' lang='lat' dir='ltr'>quod</span> <span class='ocrx_word' id='word_1_130' title='bbox 181 1218 382 1274; x_wconf 89' lang='lat' dir='ltr'>congruit</span> <span class='ocrx_word' id='word_1_131' title='bbox 412 1218 769 1274; x_wconf 84' lang='lat' dir='ltr'>diuinationibus,</span> <span class='ocrx_word' id='word_1_132' title='bbox 802 1234 910 1275; x_wconf 90' lang='lat' dir='ltr'>quae</span> <span class='ocrx_word' id='word_1_133' title='bbox 943 1220 1084 1262; x_wconf 88' lang='lat' dir='ltr'>sciunt</span> 
     </span>
     <span class='ocr_line' id='line_1_20' title="bbox 187 1298 1227 1358; baseline 0.003 -16"><span class='ocrx_word' id='word_1_134' title='bbox 187 1301 239 1342; x_wconf 80' lang='grc' dir='ltr'>τά</span> <span class='ocrx_word' id='word_1_135' title='bbox 270 1298 306 1342; x_wconf 87' lang='grc' dir='ltr'>τ’</span> <span class='ocrx_word' id='word_1_136' title='bbox 344 1299 473 1343; x_wconf 84' lang='grc' dir='ltr'><strong><em>ἐόντα</em></strong></span> <span class='ocrx_word' id='word_1_137' title='bbox 506 1301 558 1342; x_wconf 80' lang='grc' dir='ltr'>τά</span> <span class='ocrx_word' id='word_1_138' title='bbox 589 1300 624 1343; x_wconf 81' lang='grc' dir='ltr'>τ’</span> <span class='ocrx_word' id='word_1_139' title='bbox 663 1301 876 1357; x_wconf 85' lang='grc' dir='ltr'><strong><em>ἐσσόμενα</em></strong></span> <span class='ocrx_word' id='word_1_140' title='bbox 906 1304 992 1358; x_wconf 78' lang='grc' dir='ltr'>πρό</span> <span class='ocrx_word' id='word_1_141' title='bbox 1023 1300 1060 1344; x_wconf 85' lang='grc' dir='ltr'>τ’</span> <span class='ocrx_word' id='word_1_142' title='bbox 1097 1302 1227 1345; x_wconf 81' lang='grc' dir='ltr'><strong><em>ἐόντα</em></strong></span> 
     </span>
    </p>
   </div>
   <div class='ocr_carea' id='block_1_4' title="bbox 0 1381 1429 1793">
    <p class='ocr_par' dir='ltr' id='par_1_4' title="bbox 0 1381 1429 1558">
     <span class='ocr_line' id='line_1_21' title="bbox 0 1381 1429 1441; baseline 0.003 -17"><span class='ocrx_word' id='word_1_143' title='bbox 0 1401 22 1428; x_wconf 82' lang='lat'><strong>0</strong></span> <span class='ocrx_word' id='word_1_144' title='bbox 158 1381 241 1425; x_wconf 87' lang='lat' dir='ltr'>Sed</span> <span class='ocrx_word' id='word_1_145' title='bbox 267 1397 343 1425; x_wconf 89' lang='lat' dir='ltr'>nec</span> <span class='ocrx_word' id='word_1_146' title='bbox 373 1382 624 1426; x_wconf 86' lang='lat' dir='ltr'>Hercules</span> <span class='ocrx_word' id='word_1_147' title='bbox 658 1398 683 1425; x_wconf 89' lang='lat' dir='ltr'>a</span> <span class='ocrx_word' id='word_1_148' title='bbox 709 1384 953 1427; x_wconf 88' lang='lat' dir='ltr'>substantia</span> <span class='ocrx_word' id='word_1_149' title='bbox 986 1385 1090 1427; x_wconf 90' lang='lat' dir='ltr'>solis</span> <span class='ocrx_word' id='word_1_150' title='bbox 1116 1385 1282 1428; x_wconf 87' lang='lat' dir='ltr'>alienus</span> <span class='ocrx_word' id='word_1_151' title='bbox 1309 1389 1386 1441; x_wconf 82' lang='lat' dir='ltr'>est,</span> <span class='ocrx_word' id='word_1_152' title='bbox 1402 1388 1429 1429; x_wconf 88' lang='lat'>6</span> 
     </span>
     <span class='ocr_line' id='line_1_22' title="bbox 38 1441 1387 1499; baseline 0.002 -16"><span class='ocrx_word' id='word_1_153' title='bbox 38 1441 197 1497; x_wconf 87' lang='lat' dir='ltr'>quippe</span> <span class='ocrx_word' id='word_1_154' title='bbox 228 1441 436 1484; x_wconf 87' lang='lat' dir='ltr'>Hercules</span> <span class='ocrx_word' id='word_1_155' title='bbox 469 1456 520 1484; x_wconf 90' lang='lat' dir='ltr'>ea</span> <span class='ocrx_word' id='word_1_156' title='bbox 559 1444 624 1484; x_wconf 88' lang='lat' dir='ltr'>est</span> <span class='ocrx_word' id='word_1_157' title='bbox 661 1443 763 1484; x_wconf 89' lang='lat' dir='ltr'>solis</span> <span class='ocrx_word' id='word_1_158' title='bbox 802 1445 1013 1499; x_wconf 88' lang='lat' dir='ltr'>potestas,</span> <span class='ocrx_word' id='word_1_159' title='bbox 1052 1458 1160 1499; x_wconf 90' lang='lat' dir='ltr'>quae</span> <span class='ocrx_word' id='word_1_160' title='bbox 1196 1444 1387 1487; x_wconf 87' lang='lat' dir='ltr'>humano</span> 
     </span>
     <span class='ocr_line' id='line_1_23' title="bbox 38 1500 1389 1558; baseline 0.003 -16"><span class='ocrx_word' id='word_1_161' title='bbox 38 1500 185 1556; x_wconf 86' lang='lat' dir='ltr'>generi</span> <span class='ocrx_word' id='word_1_162' title='bbox 230 1501 437 1543; x_wconf 90' lang='lat' dir='ltr'>uirtutem</span> <span class='ocrx_word' id='word_1_163' title='bbox 486 1500 539 1543; x_wconf 88' lang='lat' dir='ltr'>ad</span> <span class='ocrx_word' id='word_1_164' title='bbox 585 1501 909 1544; x_wconf 87' lang='lat' dir='ltr'>similitudinem</span> <span class='ocrx_word' id='word_1_165' title='bbox 955 1504 1149 1558; x_wconf 85' lang='lat' dir='ltr'>praestat</span> <span class='ocrx_word' id='word_1_166' title='bbox 1198 1503 1389 1546; x_wconf 86' lang='lat' dir='ltr'>deorum.</span> 
     </span>
    </p>

    <p class='ocr_par' dir='ltr' id='par_1_5' title="bbox 0 1559 1387 1615">
     <span class='ocr_line' id='line_1_24' title="bbox 0 1559 1387 1615; baseline 0.003 -14"><span class='ocrx_word' id='word_1_167' title='bbox 0 1572 1 1615; x_wconf 62' lang='grc'><strong>;</strong></span> <span class='ocrx_word' id='word_1_168' title='bbox 37 1573 116 1601; x_wconf 88' lang='lat' dir='ltr'>nec</span> <span class='ocrx_word' id='word_1_169' title='bbox 154 1559 353 1602; x_wconf 88' lang='lat' dir='ltr'>aestimes</span> <span class='ocrx_word' id='word_1_170' title='bbox 392 1559 605 1602; x_wconf 88' lang='lat' dir='ltr'>Alcmena</span> <span class='ocrx_word' id='word_1_171' title='bbox 642 1561 755 1615; x_wconf 90' lang='lat' dir='ltr'>apud</span> <span class='ocrx_word' id='word_1_172' title='bbox 787 1560 958 1604; x_wconf 86' lang='lat' dir='ltr'>Thebas</span> <span class='ocrx_word' id='word_1_173' title='bbox 995 1561 1199 1604; x_wconf 86' lang='lat' dir='ltr'>Boeotias</span> <span class='ocrx_word' id='word_1_174' title='bbox 1235 1565 1387 1605; x_wconf 87' lang='lat' dir='ltr'>natum</span> 
     </span>
    </p>

    <p class='ocr_par' dir='ltr' id='par_1_6' title="bbox 0 1617 1388 1680">
     <span class='ocr_line' id='line_1_25' title="bbox 0 1617 1388 1680; baseline 0.004 -21"><span class='ocrx_word' id='word_1_175' title='bbox 0 1639 1 1680; x_wconf 66' lang='lat'>3</span> <span class='ocrx_word' id='word_1_176' title='bbox 39 1618 178 1660; x_wconf 91' lang='lat' dir='ltr'>solum</span> <span class='ocrx_word' id='word_1_177' title='bbox 209 1619 279 1660; x_wconf 89' lang='lat' dir='ltr'>uel</span> <span class='ocrx_word' id='word_1_178' title='bbox 310 1618 495 1673; x_wconf 91' lang='lat' dir='ltr'>primum</span> <span class='ocrx_word' id='word_1_179' title='bbox 521 1617 753 1661; x_wconf 85' lang='lat' dir='ltr'>Herculem</span> <span class='ocrx_word' id='word_1_180' title='bbox 783 1622 1096 1676; x_wconf 87' lang='lat' dir='ltr'>nuncupatum·</span> <span class='ocrx_word' id='word_1_181' title='bbox 1127 1621 1260 1664; x_wconf 90' lang='lat' dir='ltr'>immo</span> <span class='ocrx_word' id='word_1_182' title='bbox 1287 1625 1388 1676; x_wconf 78' lang='lat' dir='ltr'>post</span> 
     </span>
    </p>

    <p class='ocr_par' dir='ltr' id='par_1_7' title="bbox 0 1677 1386 1748">
     <span class='ocr_line' id='line_1_26' title="bbox 0 1677 1386 1748; baseline 0.003 -30"><span class='ocrx_word' id='word_1_183' title='bbox 0 1682 20 1727; x_wconf 54' lang='lat'>5</span> <span class='ocrx_word' id='word_1_184' title='bbox 38 1677 197 1719; x_wconf 89' lang='lat' dir='ltr'>multos</span> <span class='ocrx_word' id='word_1_185' title='bbox 230 1679 360 1733; x_wconf 89' lang='lat' dir='ltr'>atque</span> <span class='ocrx_word' id='word_1_186' title='bbox 390 1680 634 1733; x_wconf 89' lang='lat' dir='ltr'>postremus</span> <span class='ocrx_word' id='word_1_187' title='bbox 659 1678 734 1720; x_wconf 91' lang='lat' dir='ltr'>ille</span> <span class='ocrx_word' id='word_1_188' title='bbox 759 1678 841 1721; x_wconf 93' lang='lat' dir='ltr'>hac</span> <span class='ocrx_word' id='word_1_189' title='bbox 867 1680 1157 1748; x_wconf 88' lang='lat' dir='ltr'>appellatione</span> <span class='ocrx_word' id='word_1_190' title='bbox 1183 1681 1386 1736; x_wconf 83' lang='lat' dir='ltr'>dignatus</span> 
     </span>
    </p>

    <p class='ocr_par' dir='ltr' id='par_1_8' title="bbox 0 1730 1387 1793">
     <span class='ocr_line' id='line_1_27' title="bbox 0 1730 1387 1793; baseline 0.003 -15"><span class='ocrx_word' id='word_1_191' title='bbox 0 1730 2 1793; x_wconf 67' lang='grc' dir='ltr'>ξ</span> <span class='ocrx_word' id='word_1_192' title='bbox 39 1738 116 1790; x_wconf 88' lang='lat' dir='ltr'>est,</span> <span class='ocrx_word' id='word_1_193' title='bbox 146 1736 471 1791; x_wconf 85' lang='lat' dir='ltr'>honoratusque</span> <span class='ocrx_word' id='word_1_194' title='bbox 502 1737 585 1779; x_wconf 88' lang='lat' dir='ltr'>hoc</span> <span class='ocrx_word' id='word_1_195' title='bbox 616 1737 801 1793; x_wconf 89' lang='lat' dir='ltr'>nomine,</span> <span class='ocrx_word' id='word_1_196' title='bbox 836 1739 936 1793; x_wconf 90' lang='lat' dir='ltr'>quia</span> <span class='ocrx_word' id='word_1_197' title='bbox 966 1739 1103 1781; x_wconf 88' lang='lat' dir='ltr'>nimia</span> <span class='ocrx_word' id='word_1_198' title='bbox 1132 1739 1387 1782; x_wconf 85' lang='lat' dir='ltr'>fortitudine</span> 
     </span>
    </p>
   </div>
   <div class='ocr_carea' id='block_1_5' title="bbox 39 1819 321 1824">
    <p class='ocr_par' dir='ltr' id='par_1_9' title="bbox 39 1819 321 1824">
     <span class='ocr_line' id='line_1_28' title="bbox 39 1819 321 1824; baseline 0 0"><span class='ocrx_word' id='word_1_199' title='bbox 39 1819 321 1824; x_wconf 95' lang='lat' dir='ltr'> </span> 
     </span>
    </p>
   </div>
   <div class='ocr_carea' id='block_1_6' title="bbox 40 1863 1386 1948">
    <p class='ocr_par' dir='ltr' id='par_1_10' title="bbox 40 1863 1386 1948">
     <span class='ocr_line' id='line_1_29' title="bbox 135 1863 1386 1913; baseline 0.003 -14"><span class='ocrx_word' id='word_1_200' title='bbox 135 1867 178 1899; x_wconf 87' lang='lat'>14</span> <span class='ocrx_word' id='word_1_201' title='bbox 205 1863 378 1909; x_wconf 87' lang='lat' dir='ltr'>Hippocr.</span> <span class='ocrx_word' id='word_1_202' title='bbox 410 1865 603 1910; x_wconf 86' lang='lat' dir='ltr'>prognost.</span> <span class='ocrx_word' id='word_1_203' title='bbox 636 1864 684 1901; x_wconf 90' lang='lat' dir='ltr'>in.</span> <span class='ocrx_word' id='word_1_204' title='bbox 809 1869 850 1901; x_wconf 84' lang='lat'>17</span> <span class='ocrx_word' id='word_1_205' title='bbox 878 1866 1018 1913; x_wconf 86' lang='lat' dir='ltr'>Vergil.</span> <span class='ocrx_word' id='word_1_206' title='bbox 1053 1865 1184 1912; x_wconf 86' lang='lat' dir='ltr'>Georg.</span> <span class='ocrx_word' id='word_1_207' title='bbox 1217 1866 1286 1902; x_wconf 88' lang='lat' dir='ltr'>IIII</span> <span class='ocrx_word' id='word_1_208' title='bbox 1318 1871 1386 1903; x_wconf 83' lang='lat'>393</span> 
     </span>
     <span class='ocr_line' id='line_1_30' title="bbox 40 1911 411 1948; baseline 0.003 -3"><span class='ocrx_word' id='word_1_209' title='bbox 40 1913 83 1946; x_wconf 85' lang='lat'>19</span> <span class='ocrx_word' id='word_1_210' title='bbox 110 1911 216 1948; x_wconf 88' lang='lat' dir='ltr'>Hom.</span> <span class='ocrx_word' id='word_1_211' title='bbox 243 1911 286 1947; x_wconf 82' lang='lat' dir='ltr'>Il.</span> <span class='ocrx_word' id='word_1_212' title='bbox 312 1912 340 1946; x_wconf 93' lang='grc' dir='ltr'>Α</span> <span class='ocrx_word' id='word_1_213' title='bbox 367 1914 411 1948; x_wconf 82' lang='lat'>70</span> 
     </span>
    </p>
   </div>
   <div class='ocr_carea' id='block_1_7' title="bbox 0 1809 4 1984">
    <p class='ocr_par' dir='ltr' id='par_1_11' title="bbox 0 1809 4 1984">
     <span class='ocr_line' id='line_1_31' title="bbox 0 1809 4 1984; baseline 0 460"><span class='ocrx_word' id='word_1_214' title='bbox 0 1809 4 1984; x_wconf 95' lang='lat' dir='ltr'> </span> 
     </span>
    </p>
   </div>
   <div class='ocr_carea' id='block_1_8' title="bbox 0 1988 1389 2173">
    <p class='ocr_par' dir='ltr' id='par_1_12' title="bbox 0 1988 1389 2173">
     <span class='ocr_line' id='line_1_32' title="bbox 0 1988 1389 2068; baseline 0.004 -5"><span class='ocrx_word' id='word_1_215' title='bbox 0 1988 4 2058; x_wconf 50' lang='lat' dir='ltr'>i</span> <span class='ocrx_word' id='word_1_216' title='bbox 135 2033 154 2064; x_wconf 89' lang='lat'>1</span> <span class='ocrx_word' id='word_1_217' title='bbox 179 2028 428 2064; x_wconf 83' lang='lat' dir='ltr'>*monstratur</span> <span class='ocrx_word' id='word_1_218' title='bbox 453 2028 490 2063; x_wconf 91' lang='lat' dir='ltr'><strong><em>P</em></strong></span> <span class='ocrx_word' id='word_1_219' title='bbox 574 2034 597 2065; x_wconf 88' lang='grc'>4</span> <span class='ocrx_word' id='word_1_220' title='bbox 622 2030 809 2065; x_wconf 81' lang='lat' dir='ltr'>aditorum</span> <span class='ocrx_word' id='word_1_221' title='bbox 834 2030 872 2066; x_wconf 91' lang='lat' dir='ltr'><strong><em>P</em></strong></span> <span class='ocrx_word' id='word_1_222' title='bbox 960 2035 979 2067; x_wconf 90' lang='grc'><strong>7</strong></span> <span class='ocrx_word' id='word_1_223' title='bbox 1006 2042 1028 2067; x_wconf 82' lang='grc'>*</span> <span class='ocrx_word' id='word_1_224' title='bbox 1043 2033 1166 2068; x_wconf 83' lang='lat' dir='ltr'>credrt</span> <span class='ocrx_word' id='word_1_225' title='bbox 1194 2032 1231 2067; x_wconf 88' lang='lat' dir='ltr'><em>P</em></span> <span class='ocrx_word' id='word_1_226' title='bbox 1310 2035 1331 2067; x_wconf 91' lang='lat'>8</span> <span class='ocrx_word' id='word_1_227' title='bbox 1358 2033 1389 2068; x_wconf 83' lang='lat'>&amp;</span> 
     </span>
     <span class='ocr_line' id='line_1_33' title="bbox 40 2075 1388 2126; baseline 0.003 -15"><span class='ocrx_word' id='word_1_228' title='bbox 40 2075 98 2111; x_wconf 82' lang='lat' dir='ltr'>lus</span> <span class='ocrx_word' id='word_1_229' title='bbox 119 2076 156 2111; x_wconf 92' lang='lat' dir='ltr'><strong><em>B</em></strong></span> <span class='ocrx_word' id='word_1_230' title='bbox 240 2075 508 2112; x_wconf 81' lang='lat' dir='ltr'>dommatmms</span> <span class='ocrx_word' id='word_1_231' title='bbox 532 2076 569 2111; x_wconf 92' lang='lat' dir='ltr'><em>P</em></span> <span class='ocrx_word' id='word_1_232' title='bbox 626 2081 646 2112; x_wconf 88' lang='grc'>9</span> <span class='ocrx_word' id='word_1_233' title='bbox 672 2078 798 2113; x_wconf 80' lang='grc' dir='ltr'>ΤΕωΝ</span> <span class='ocrx_word' id='word_1_234' title='bbox 824 2078 861 2113; x_wconf 91' lang='grc' dir='ltr'><strong><em>Β</em></strong></span> <span class='ocrx_word' id='word_1_235' title='bbox 934 2079 985 2123; x_wconf 69' lang='lat' dir='ltr'>qd</span> <span class='ocrx_word' id='word_1_236' title='bbox 1008 2090 1074 2114; x_wconf 89' lang='lat' dir='ltr'>om.</span> <span class='ocrx_word' id='word_1_237' title='bbox 1101 2079 1150 2114; x_wconf 91' lang='lat' dir='ltr'>P&#39;</span> <span class='ocrx_word' id='word_1_238' title='bbox 1217 2084 1260 2115; x_wconf 86' lang='lat'>14</span> <span class='ocrx_word' id='word_1_239' title='bbox 1279 2091 1388 2126; x_wconf 88' lang='lat' dir='ltr'>1ppo-</span> 
     </span>
     <span class='ocr_line' id='line_1_34' title="bbox 39 2121 1388 2173; baseline 0.004 -15"><span class='ocrx_word' id='word_1_240' title='bbox 39 2122 160 2158; x_wconf 84' lang='lat' dir='ltr'>crates</span> <span class='ocrx_word' id='word_1_241' title='bbox 181 2121 242 2167; x_wconf 91' lang='lat' dir='ltr'>P&#39;,</span> <span class='ocrx_word' id='word_1_242' title='bbox 268 2123 519 2169; x_wconf 82' lang='lat' dir='ltr'>hyppocrates</span> <span class='ocrx_word' id='word_1_243' title='bbox 538 2124 574 2159; x_wconf 94' lang='lat' dir='ltr'><strong><em>B</em></strong></span> <span class='ocrx_word' id='word_1_244' title='bbox 696 2128 739 2160; x_wconf 86' lang='lat'>15</span> <span class='ocrx_word' id='word_1_245' title='bbox 767 2136 856 2173; x_wconf 67' lang='lat' dir='ltr'>egro</span> <span class='ocrx_word' id='word_1_246' title='bbox 883 2126 921 2160; x_wconf 91' lang='lat' dir='ltr'><strong><em>P</em></strong></span> <span class='ocrx_word' id='word_1_247' title='bbox 1037 2127 1093 2162; x_wconf 91' lang='grc' dir='ltr'>ΤΕ</span> <span class='ocrx_word' id='word_1_248' title='bbox 1117 2137 1260 2163; x_wconf 81' lang='lat' dir='ltr'>erasum</span> <span class='ocrx_word' id='word_1_249' title='bbox 1285 2128 1327 2163; x_wconf 80' lang='lat' dir='ltr'>in</span> <span class='ocrx_word' id='word_1_250' title='bbox 1352 2128 1388 2162; x_wconf 97' lang='grc' dir='ltr'><strong><em>Β</em></strong></span> 
     </span>
    </p>
   </div>
   <div class='ocr_carea' id='block_1_9' title="bbox 1 2171 1392 2347">
    <p class='ocr_par' dir='ltr' id='par_1_13' title="bbox 1 2171 1387 2347">
     <span class='ocr_line' id='line_1_35' title="bbox 39 2171 1387 2254; baseline 0.003 -13"><span class='ocrx_word' id='word_1_251' title='bbox 39 2171 282 2242; x_wconf 76' lang='grc' dir='ltr'>ΠΑΡΕΛΟΘΝΤΑ</span> <span class='ocrx_word' id='word_1_252' title='bbox 316 2205 352 2240; x_wconf 89' lang='grc' dir='ltr'><strong><em>Β</em></strong></span> <span class='ocrx_word' id='word_1_253' title='bbox 474 2209 517 2241; x_wconf 87' lang='grc'>16</span> <span class='ocrx_word' id='word_1_254' title='bbox 550 2207 723 2243; x_wconf 73' lang='grc' dir='ltr'>ΕΕΕΕΤΑΙ</span> <span class='ocrx_word' id='word_1_255' title='bbox 755 2208 808 2252; x_wconf 86' lang='lat' dir='ltr'>P,</span> <span class='ocrx_word' id='word_1_256' title='bbox 845 2208 1021 2244; x_wconf 74' lang='grc' dir='ltr'>ΕΕΕΕΘΑΙ</span> <span class='ocrx_word' id='word_1_257' title='bbox 1053 2209 1106 2254; x_wconf 92' lang='grc' dir='ltr'>Β,</span> <span class='ocrx_word' id='word_1_258' title='bbox 1143 2210 1332 2245; x_wconf 76' lang='grc' dir='ltr'>ΓΙΝΕΕΘΔΙ</span> <span class='ocrx_word' id='word_1_259' title='bbox 1366 2211 1387 2244; x_wconf 87' lang='lat' dir='ltr'><strong><em>b</em></strong></span> 
     </span>
     <span class='ocr_line' id='line_1_36' title="bbox 42 2252 1392 2303; baseline 0.004 -17"><span class='ocrx_word' id='word_1_260' title='bbox 42 2255 84 2287; x_wconf 84' lang='grc'>17</span> <span class='ocrx_word' id='word_1_261' title='bbox 112 2252 195 2288; x_wconf 84' lang='lat' dir='ltr'>sunt</span> <span class='ocrx_word' id='word_1_262' title='bbox 218 2254 255 2289; x_wconf 92' lang='lat' dir='ltr'><em>B</em></span> <span class='ocrx_word' id='word_1_263' title='bbox 371 2256 413 2288; x_wconf 88' lang='grc'>18</span> <span class='ocrx_word' id='word_1_264' title='bbox 439 2264 534 2298; x_wconf 87' lang='lat' dir='ltr'>quae</span> <span class='ocrx_word' id='word_1_265' title='bbox 559 2264 583 2289; x_wconf 79' lang='lat'>*</span> <span class='ocrx_word' id='word_1_266' title='bbox 607 2265 630 2290; x_wconf 81' lang='lat'><em>*</em></span> <span class='ocrx_word' id='word_1_267' title='bbox 655 2254 772 2290; x_wconf 80' lang='lat' dir='ltr'>solunt</span> <span class='ocrx_word' id='word_1_268' title='bbox 797 2256 937 2301; x_wconf 75' lang='lat' dir='ltr'>(prima</span> <span class='ocrx_word' id='word_1_269' title='bbox 962 2257 1032 2293; x_wconf 76' lang='lat' dir='ltr'>litt.</span> <span class='ocrx_word' id='word_1_270' title='bbox 1058 2257 1135 2293; x_wconf 80' lang='lat' dir='ltr'>uid.</span> <span class='ocrx_word' id='word_1_271' title='bbox 1161 2257 1234 2301; x_wconf 79' lang='lat' dir='ltr'>fui</span> <span class='ocrx_word' id='word_1_272' title='bbox 1224 2267 1274 2293; x_wconf 85' lang='lat' dir='ltr'>se</span> <span class='ocrx_word' id='word_1_273' title='bbox 1298 2257 1392 2303; x_wconf 78' lang='lat' dir='ltr'>s)P</span> 
     </span>
     <span class='ocr_line' id='line_1_37' title="bbox 1 2299 711 2347; baseline 0.006 -14"><span class='ocrx_word' id='word_1_274' title='bbox 1 2321 4 2338; x_wconf 88' lang='lat'>,</span> <span class='ocrx_word' id='word_1_275' title='bbox 41 2301 86 2333; x_wconf 84' lang='lat'>23</span> <span class='ocrx_word' id='word_1_276' title='bbox 111 2299 249 2335; x_wconf 68' lang='lat' dir='ltr'>boenas</span> <span class='ocrx_word' id='word_1_277' title='bbox 269 2299 349 2335; x_wconf 90' lang='lat' dir='ltr'>BP</span> <span class='ocrx_word' id='word_1_278' title='bbox 369 2301 415 2344; x_wconf 80' lang='lat' dir='ltr'>cf.</span> <span class='ocrx_word' id='word_1_279' title='bbox 443 2301 492 2337; x_wconf 84' lang='lat' dir='ltr'>ad</span> <span class='ocrx_word' id='word_1_280' title='bbox 512 2304 711 2347; x_wconf 77' lang='lat' dir='ltr'>p.62,12</span> 
     </span>
    </p>
   </div>
   <div class='ocr_carea' id='block_1_10' title="bbox 0 2343 1104 2444">
    <p class='ocr_par' dir='ltr' id='par_1_14' title="bbox 0 2343 1104 2444">
     <span class='ocr_line' id='line_1_38' title="bbox 0 2343 1104 2444; baseline 0.008 -55"><span class='ocrx_word' id='word_1_281' title='bbox 0 2343 5 2444; x_wconf 54' lang='lat'>²</span> <span class='ocrx_word' id='word_1_282' title='bbox 112 2365 262 2391; x_wconf 70' lang='lat' dir='ltr'>MAcaom</span> <span class='ocrx_word' id='word_1_283' title='bbox 250 2372 300 2392; x_wconf 68' lang='grc' dir='ltr'>ιη</span> <span class='ocrx_word' id='word_1_284' title='bbox 1083 2367 1104 2398; x_wconf 94' lang='grc'>8</span> 
     </span>
    </p>
   </div>
   <div class='ocr_carea' id='block_1_11' title="bbox 105 1986 321 1989">
    <p class='ocr_par' dir='ltr' id='par_1_15' title="bbox 105 1986 321 1989">
     <span class='ocr_line' id='line_1_39' title="bbox 105 1986 321 1989; baseline 0 0"><span class='ocrx_word' id='word_1_285' title='bbox 105 1986 321 1989; x_wconf 95' lang='lat' dir='ltr'> </span> 
     </span>
    </p>
   </div>
   <div class='ocr_carea' id='block_1_12' title="bbox 0 2059 4 2320">
    <p class='ocr_par' dir='ltr' id='par_1_16' title="bbox 0 2059 4 2320">
     <span class='ocr_line' id='line_1_40' title="bbox 0 2059 4 2320; baseline 0 0"><span class='ocrx_word' id='word_1_286' title='bbox 0 2059 4 2320; x_wconf 95' lang='lat' dir='ltr'> </span> 
     </span>
    </p>
   </div>
  </div>
 </body>
</html>
