1526 2444
583 53 719 88 XVIIII
745 57 860 89 8—18
1297 54 1383 96 561

38 160 227 203 refundit
263 161 506 203 claritatem
543 176 629 203 non
667 162 865 205 calorem.
931 176 1033 204 nam
1070 164 1114 204 et
1151 163 1385 217 speculum,

0 244 19 272 ς
37 235 134 263 611111
161 220 434 275 splendorem
461 220 511 262 de
538 235 582 262 se
609 221 652 262 ui
679 221 866 276 appositi
892 221 1058 263 eminus
1077 221 1190 276 ignis
1209 222 1383 276 emittit,

37 279 175 322 solam
201 279 314 336 ignis
335 279 661 321 similitudinem
682 282 899 322 carentem
921 294 1048 322 sensu
1067 280 1222 322 caloris
1243 284 1381 323 osten-

35 338 109 381 dit.
172 353 298 394 quem
336 339 419 380 soli
459 338 649 380 ordinem
680 337 807 381 Plato
846 338 1011 381 dederit
1047 339 1115 381 uel
1154 339 1244 381 eius
1283 354 1378 382 auc·
1397 342 1453 383 14

0 400 168 464 stores,
213 411 375 452 quosue
413 396 560 440 Cicero
606 400 776 440 secutus
822 401 1021 453 quartum
1066 399 1209 440 locum
1247 399 1394 461 globo
1403 433 1445 471 '³1
1503 430 1505 432 -

35 457 125 498 eius
158 456 472 512 adsignauerit,
508 457 577 499 uel
614 471 723 512 quae
756 458 866 498 ratio
898 457 1220 524 persuasionem
1252 447 1425 509 huiusffss,
1412 466 1426 489 -⁴-

35 515 296 569 diuersitatis
322 515 548 571 induxerit,
574 518 618 558 et
637 530 711 558 cur
731 515 884 557 dixerit
904 516 1108 559 Τι1111118
1097 531 1147 558 111
1173 516 1381 559 infimo-

35 588 128 628 que
161 575 280 617 orbe
312 575 430 617 luna
461 549 623 616 radiis
657 575 783 618 solis
810 589 1023 617 aceensa
1049 576 1380 618 conuertitur

34 633 139 674 satis
166 633 326 675 dietum
353 636 430 688 est,
456 633 531 675 sed
555 634 623 676 his
643 633 724 676 hoc
742 633 1007 676 adiciendum
1029 637 1105 687 est,
1132 649 1205 676 cur
1226 633 1377 678 Cicero

0 703 129 733 ocum
161 696 361 747 quartum
395 693 445 734 de
484 697 647 747 septem
679 693 814 734 solem
853 693 978 747 uelit,
1017 696 1195 748 quartus
1234 698 1378 736 autem

32 750 144 792 inter
175 754 339 806 septem
372 766 456 793 non
490 751 578 793 fere
609 751 775 793 medius
809 751 883 793 sed
913 752 1030 793 omni
1056 752 1184 794 modo
1211 753 1377 796 medius

32 812 75 851 et
112 810 168 851 sit
205 813 248 852 et
285 810 514 865 habeatur,
558 825 644 851 non
683 811 863 864 abrupte
901 810 1090 852 medium
1129 811 1263 853 solem
1302 812 1377 854 sed

30 868 138 910 fere
187 869 403 911 medium
453 868 609 911 dixerit
658 869 726 910 his
770 869 914 911 uerbis
964 869 1145 912 deinde
1195 870 1376 913 subter

0 927 245 977 ›mediam
294 927 402 970 fere
452 929 710 982 regionem
763 929 839 971 sol
883 928 1096 983 optinet.
1171 929 1244 970 sed
1288 930 1447 972 1101115

0 996 14 1025 s
30 989 158 1028 uacat
184 987 380 1041 adiectio,
406 1002 490 1042 qua
516 987 622 1029 haec
646 987 941 1042 pronuntiatio
966 990 1241 1043 temperatur,
1272 1003 1374 1031 nam

29 1036 114 1087 soT
128 1048 329 1100 quartum
360 1047 501 1088 locum
528 1047 727 1102 optinens
754 1045 937 1088 mediam
963 1047 1184 1102 regionem
1210 1049 1375 1091 tenebit

28 1118 226 1160 numero,
272 1105 413 1159 spatio
457 1119 542 1147 non
586 1105 764 1147 tenebit.
838 1106 874 1147 si
916 1106 1030 1148 inter
1071 1110 1216 1148 ternos
1260 1108 1374 1149 enim

28 1176 219 1206 summos
257 1166 300 1206 et
336 1164 446 1207 imos
478 1165 660 1218 locatur,
699 1165 792 1206 sine
830 1164 960 1207 dubio
999 1165 1163 1207 medius
1202 1168 1267 1207 est
1297 1181 1371 1208 nu-

27 1236 158 1277 mero,
185 1222 259 1264 sed
283 1223 418 1265 totius
440 1223 584 1279 spatii,
603 1198 717 1278 qtiod
736 1226 899 1278 septem
922 1223 1129 1279 sphaerae
1150 1228 1373 1290 occupant,

0 1292 9 1320 1
26 1281 289 1323 dimensione
313 1284 539 1337 perspecta
559 1283 678 1348 regio
700 1282 805 1324 solis
825 1298 910 1325 non
931 1283 1148 1325 inuenitur
1165 1283 1211 1325 in
1231 1285 1370 1327 medio

27 1341 168 1396 spatio
207 1341 368 1395 locata,
406 1341 507 1396 quia
544 1342 683 1396 magis
723 1356 747 1383 a
786 1356 954 1383 summo
992 1342 1103 1396 ipse,
1146 1357 1277 1398 quam
1316 1344 1370 1385 ab

6 1398 121 1453 ipso
159 1400 336 1442 recessit
365 1401 453 1442 ima
483 1400 778 1454 postremitas,
817 1401 928 1454 quod
963 1400 1053 1442 sine
1084 1402 1177 1443 ulla
1206 1401 1370 1457 discep-

0 1447 203 1500 sstationis
243 1459 424 1514 ambage
463 1459 767 1514 compendiosa
798 1459 1004 1514 probabit
1034 1460 1234 1502 adsertio.
1297 1459 1370 1503 Sa·
1388 1461 1440 1502 16

24 1518 141 1559 turni
173 1518 309 1570 stella,
342 1532 450 1572 quae
483 1533 652 1561 summa
683 1521 758 1572 est,
790 1518 1010 1560 zodiacum
1035 1519 1218 1574 triginta
1243 1520 1367 1562 annis

0 1580 236 1632 speragrat,
262 1577 327 1619 sol
354 1577 518 1619 medius
545 1592 658 1620 anno
684 1592 782 1630 11110,
808 1578 911 1619 luna
936 1577 1090 1619 ultima
1115 1593 1200 1620 uno
1220 1593 1368 1621 mense

21 1649 108 1677 non
151 1636 332 1691 integro.
405 1638 576 1678 tantum
620 1650 722 1692 ergo
766 1611 946 1678 111161681
988 1637 1102 1679 111161
1146 1638 1281 1679 8016111
1325 1642 1368 1680 61

22 1691 256 1736 Saturnum
301 1698 508 1750 quantum
554 1695 667 1737 inter
703 1709 834 1737 unum
876 1698 919 1737 61
954 1696 1151 1750 triginta,
1194 1699 1366 1739 tantum

19 1752 134 1795 inter
182 1753 328 1795 lunam
379 1754 593 1809 solemque
644 1757 855 1810 quantum
898 1755 1011 1796 inter
1055 1755 1278 1797 duodecim
1323 1759 1366 1798 et

19 1826 164 1854 unum.
219 1827 270 1854 ex
295 1813 363 1855 his
395 1815 576 1869 apparet
599 1814 734 1855 totius
761 1828 786 1855 a
811 1828 979 1855 summo
1005 1815 1051 1855 in
1075 1814 1208 1856 imum
1233 1815 1365 1870 spatii
1382 1815 1435 1856 17

0 1872 181 1913 »certam
219 1886 269 1913 ex
306 1872 448 1914 media
486 1875 610 1927 parte
648 1872 902 1914 diuisionem
934 1873 1039 1915 solis
1070 1874 1246 1927 regione
1276 1888 1364 1916 non

0 1929 122 1973 fieri.
177 1930 250 1972 sed
277 1931 378 1986 quia
401 1931 473 1972 hic
498 1931 549 1972 de
574 1946 752 1973 numero
779 1932 1046 1988 loquebatur,
1070 1932 1114 1974 in
1140 1947 1223 1988 quo
1250 1947 1363 1987 uere,

0 1985 92 2044 qui
129 1992 306 2044 quartus
344 1993 387 2031 et
418 1989 582 2032 medius
614 1993 696 2045 est,
733 1990 827 2033 ideo
861 1991 1159 2045 pronuntiauit
1190 1991 1360 2047 quidem

0 2045 205 2090 medium
237 2048 310 2090 sed
342 2052 542 2103 propter
549 2049 756 2091 latentem
786 2051 1024 2104 spatiorum
1051 2050 1362 2093 dimensionem

0 2081 214 2161 herbum,
259 2122 342 2162 quo
386 2108 498 2149 hane
541 2109 832 2151 definitionem
872 2112 1150 2164 temperaret,
1194 2110 1360 2152 adiecit.

17 2165 266 2220 notandum,
298 2166 411 2221 quod
442 2181 535 2209 esse
561 2168 732 2210 stellam
759 2166 932 2211 Saturni
959 2172 1002 2210 et
1027 2169 1205 2211 alteram
1231 2169 1360 2223 Iouis,
1377 2170 1430 2211 18

17 2222 170 2267 Martis
220 2225 349 2267 aliam
398 2240 486 2268 non
533 2230 712 2269 naturae
756 2228 1008 2270 constitutio
1054 2227 1128 2270 sed
1170 2228 1360 2270 humana

16 2283 239 2339 persuasio
283 2287 366 2336 est,
410 2299 518 2339 quae
564 2286 732 2328 stellis
777 2302 1015 2329 numeros
1060 2289 1110 2328 et
1152 2287 1359 2329 nomina

85 2358 274 2387 Mtoaomvs
1031 2359 1075 2390 36
