1526 2444
172 70 228 111 92
683 70 785 108 SAT.
809 71 937 107 LIBRI
961 72 978 106 Ι

174 190 270 218 cum
321 179 466 219 tamen
515 177 671 231 pestis,
719 191 826 232 quae
870 178 923 220 ab
967 192 1016 220 eo
1058 178 1196 219 noxiis
1239 178 1501 221 immittitur

104 236 160 276 24
174 237 319 289 aperte
355 235 468 276 hunc
506 235 630 277 deum
667 235 791 277 bonis
821 250 1091 291 propugnare
1123 236 1342 290 significet.
1400 237 1500 282 hin

174 295 259 347 est,
313 293 425 346 quod
479 293 591 346 apud
645 292 890 348 Pachynum
941 293 1106 335 Siciliae
1162 296 1500 348 promuntorium,

173 349 359 404 Apollo
385 350 684 404 Libystinus
709 352 862 393 eximia
880 352 1085 406 religione
1105 352 1352 394 celebratur.
1399 367 1501 395 nan·

175 422 270 449 cum
301 407 455 462 Libyes
493 408 685 451 inuasuri
716 408 902 451 Siciliam
941 410 1120 451 classem
1153 410 1416 464 appulissent
1446 411 1510 454 ad

173 465 216 506 id
253 466 611 521 promuntorium,
648 467 823 521 Apollo,
864 467 936 522 qui
972 467 1034 509 ibi
1072 467 1244 522 colitur,
1279 468 1502 510 inuocatu

175 523 228 564 ab
272 523 421 565 incolis
462 524 641 566 inmissa
682 525 879 566 hostibus
919 527 1038 578 peste
1082 528 1124 566 et
1160 539 1293 579 paene
1338 526 1492 569 cuncti

175 580 317 623 subita
348 584 483 624 morte
514 582 760 636 interceptis
791 582 1041 637 Libystinus
1073 584 1394 638 cognominatus
1426 598 1469 626 es
1505 611 1507 614 <

104 641 160 681 25
175 639 336 681 nostris
359 654 546 694 unoque
584 641 826 682 continetur
863 640 1087 682 annalibus
1126 641 1277 683 similis
1315 642 1501 684 eiusde-¹

174 697 242 738 dei
271 699 538 753 praesentiae
561 699 774 740 maiestas.
822 713 923 739 nam
948 713 1043 740 cum
1069 699 1158 740 ludi
1182 699 1342 741 Romae
1370 699 1500 754 Apol-

174 754 251 795 lini
277 756 591 797 celebrarentur
615 770 666 797 ex
690 756 896 798 uaticinio
923 756 1072 798 Marcii
1097 757 1210 798 uatis
1236 757 1506 812 carminequ-

175 811 407 868 Sibyllino,
449 814 671 868 repentino
714 814 851 856 hostis
895 814 1080 856 aduentu
1123 815 1244 868 plebs
1289 815 1341 856 ad
1384 830 1509 859 arm:

174 871 358 912 excitata
378 872 560 913 occurrit
584 872 711 925 hosti,
733 886 864 926 eoque
883 874 1074 926 tempore
1092 873 1225 914 nubes
1245 873 1517 928 sagittarum

173 929 219 968 in
256 928 457 971 aduersos
495 930 587 971 uisa
623 930 725 971 ferri
763 932 805 971 et
840 930 1006 972 hostem
1043 930 1211 986 fugauit
1245 933 1287 971 et
1317 931 1513 974 uictores

174 985 390 1028 Romanos
435 987 487 1029 ad
525 988 764 1042 spectacula
801 987 867 1029 dei
905 988 1120 1042 sospitalis
1157 988 1336 1031 reduxit.
1400 989 1503 1032 hinc

175 1045 440 1099 intellegitur
457 1045 611 1098 proelii
630 1059 768 1099 causa,
792 1060 878 1087 non
896 1046 1178 1101 pestilentiae,
1203 1047 1312 1088 sicut
1331 1047 1490 1100 quida·-

104 1103 159 1144 526
177 1102 420 1153 aestimant,
465 1102 587 1144 ludos
630 1103 864 1145 institutos.
928 1104 1041 1146 -haec
1084 1106 1149 1145 est
1191 1109 1333 1146 autem
1375 1104 1503 1147 huius

175 1160 485 1202 aestimationis
510 1161 634 1215 ratio,
662 1162 775 1216 quod
799 1164 900 1203 tunc
926 1163 990 1203 sol
1017 1176 1142 1216 super
1166 1162 1306 1215 ipsum
1330 1165 1511 1206 nostra]

163 1217 454 1264 >habitationis
492 1219 695 1261 uerticem
730 1219 878 1274 fulget.
939 1234 1037 1261 nam
1070 1219 1231 1262 Cancer
1263 1220 1308 1261 in
1339 1220 1500 1262 aestiuo

172 1276 336 1329 tropico
381 1279 466 1331 est,
513 1277 558 1318 in
601 1291 683 1331 quo
727 1280 894 1319 meante
938 1278 1028 1319 sole
1071 1277 1180 1319 radii
1221 1280 1500 1332 temperatam

85 1335 93 1346 ’
162 1336 362 1375 nostram
416 1349 503 1377 non
557 1335 722 1376 eminus
778 1335 850 1377 sed
905 1349 1082 1389 superne
1143 1336 1317 1377 demissi
1372 1337 1493 1378 recti

173 1391 411 1446 fulgoribus
443 1393 638 1435 lustrant.
687 1394 798 1434 unde
824 1394 1095 1435 aestimatum
1122 1396 1187 1435 est
1213 1409 1238 1435 a
1262 1408 1347 1436 non
1371 1394 1514 1437 nullis-

175 1449 226 1490 ad
239 1450 556 1504 propitiandum
570 1453 672 1493 tunc
685 1452 866 1493 maxime
881 1450 1004 1492 deum
1017 1451 1168 1494 caloris
1182 1451 1506 1506 Apollinaribuv

103 1507 301 1550 2711tari.
367 1508 439 1549 sed
475 1509 644 1551 inuenio
682 1509 726 1551 in
762 1509 917 1551 litteris
953 1509 1032 1551 hos
1069 1509 1190 1551 ludos
1234 1510 1503 1564 uictoriae,

173 1580 273 1607 non
297 1566 604 1609 ualitudinis
629 1581 797 1621 causa,
821 1570 869 1608 ut
893 1567 1064 1622 quidam
1089 1579 1330 1610 ANNALIVM
1356 1579 1498 1610 SCRIP-

175 1635 323 1666 TORES
354 1627 605 1679 memorant,
635 1625 918 1667 institutos.
979 1625 1116 1667 bello
1149 1626 1279 1667 enim
1312 1626 1500 1667 Punico

174 1681 225 1722 hi
255 1682 361 1723 ludi
392 1696 447 1723 ex
478 1683 626 1723 libris
659 1681 929 1736 Sibyllinis
960 1683 1174 1736 primum
1207 1686 1323 1724 sunt
1352 1684 1524 1725 insti-

173 1739 272 1780 tuti
321 1739 564 1781 suadente
608 1737 842 1782 Cornelio
886 1740 1016 1782 Rufo
1069 1742 1368 1794 decemuiro,
1418 1740 1500 1796 qui

172 1800 446 1851 propterea
473 1797 671 1852 Sibylla
702 1800 1091 1853 cognominatus
1121 1802 1214 1854 est,
1244 1802 1293 1841 et
1323 1802 1487 1853 poste·

173 1857 418 1908 corrupto
450 1856 651 1898 nomine
681 1857 873 1910 primus
906 1858 1075 1911 coepit
1101 1856 1243 1912 Sylla
1267 1857 1507 1900 uocitati.‚

267 1996 287 2026 2
313 1993 410 2027 dxem
432 1993 469 2027 P
538 1997 558 2028 3
577 1994 775 2037 pachinum
794 1994 875 2029 BP
939 1994 1192 2042 &munssetorffi
1215 1993 1250 2028 P
1319 1997 1342 2028 4
1359 1993 1510 2038 hbysti-

172 2038 242 2073 nus
269 2058 313 2065 —
345 2043 365 2073 6
397 2038 530 2084 Apollo
568 2050 633 2075 om.
663 2040 700 2074 P
816 2044 835 2075 7
866 2040 1026 2076 immlfla
1055 2041 1093 2075 P
1206 2044 1227 2075 8
1258 2039 1442 2075 hb1st1nus
1486 2044 1506 2055 ''

174 2089 218 2120 10
242 2085 431 2132 praesente
457 2085 504 2120 B'
585 2090 626 2120 11
652 2087 777 2122 martu
802 2087 883 2122 BP
959 2091 1001 2121 12
1027 2086 1188 2122 s1b1111no
1211 2086 1248 2121 P
1318 2090 1362 2121 14
1386 2086 1507 2121 ortew

172 2131 221 2167 P‘
308 2136 350 2166 16
376 2132 508 2176 praelu
530 2132 566 2166 P
646 2136 689 2167 21
710 2133 861 2168 dem1sse
887 2133 935 2168 P'
1021 2137 1065 2168 22
1092 2133 1299 2168 estimatam
1324 2130 1371 2168 B'
1453 2135 1490 2167 2

172 2177 473 2316 {3⁰}{tff1i{ssff{sss
476 2182 490 2213 ⁸
512 2179 589 2259 ‘⁴2²3‘
602 2178 723 2261 rft'ffla
747 2183 796 2260 ΞΡ
821 2179 1485 2272 112211ῑὶ01ζῖωέὂῳῖῗῃῖἓιιΐῖηι
1498 2262 1500 2265 ,

172 2281 256 2306 uoci
274 2282 342 2317 raji
