1526 2444
145 87 231 128 572
442 88 591 124 COMM.
616 87 669 123 IN
695 87 835 124 SOMN.
862 88 972 124 SCIP.
997 88 1125 124 LIBRI
1148 89 1165 123 I

147 194 256 235 sieut
287 194 598 248 descripsimus,
629 194 813 236 habebit.
863 194 1059 236 similiter
1090 195 1134 236 in
1159 209 1465 250 quamcumque

146 252 393 306 migrauerit
435 254 619 305 partem,
660 252 704 293 in
748 252 890 307 signo,
934 253 1011 294 sub
1059 267 1140 307 quo
1184 252 1329 307 fuerit,
1376 267 1466 295 esse

45 353 49 358 ,
145 309 317 351 dicetur.

105 368 132 409 5
264 367 405 420 Atque
436 366 540 408 haee
569 367 662 420 ipsa
689 366 915 422 descriptio
942 367 1087 409 eodem
1112 369 1357 425 compendio
1388 381 1466 409 nos

147 423 331 478 docebit,
363 438 436 465 cur
473 424 648 466 eundem
681 425 894 466 zodiacum
932 425 1160 479 eademque
1197 426 1320 481 signa
1357 426 1464 466 aliae
1504 436 1522 463 ⁵

145 485 336 546 tempore
367 482 562 536 longiore
594 482 701 523 aliae
732 482 924 523 breuiore
954 486 1213 536 percurrant.
1272 484 1466 538 quotiens

146 539 257 580 enim
298 539 439 593 plures
480 540 603 581 orbes
641 540 750 581 inter
789 554 832 581 se
864 540 1076 593 locantur,
1115 541 1224 582 sicut
1259 540 1466 582 maximus

145 600 210 638 est
228 597 314 651 ille,
341 597 413 651 qui
437 597 598 651 primus
623 599 688 639 est
712 600 754 638 et
778 597 989 652 minimus,
1014 599 1085 652 qui
1109 599 1247 640 locum
1274 598 1466 640 ultimum

144 656 278 708 tenet,
310 655 375 696 ita
404 655 455 696 de
488 655 655 708 mediis,
692 656 764 710 qui
796 670 960 697 summo
991 656 1165 710 propior
1202 658 1266 698 est
1296 656 1469 698 inferio·

142 712 261 753 ribus
293 713 448 765 maior,
486 713 559 766 qui
588 713 770 754 uicinior
800 716 864 754 est
893 714 1044 755 ultimo
1076 714 1244 755 breuior
1275 714 1459 767 superio·
1484 725 1519 751 1⁰

103 770 262 812 6ribus
301 770 491 812 habetur.
551 773 594 812 et
630 771 740 812 inter
775 771 853 812 has
890 772 1021 825 igitur
1063 774 1226 825 septem
1266 771 1468 826 sphaeras

144 828 323 882 gradum
383 828 611 870 celeritatis
673 843 773 869 suae
827 829 1006 883 singulis
1075 829 1176 870 ordo
1243 830 1469 883 positionis

143 885 376 939 adscripsit.
448 886 542 927 ideo
586 886 752 939 stellae,
795 901 901 940 quae
946 901 1021 940 per
1063 887 1202 940 spatia
1242 887 1470 941 grandiora
1520 889 1526 912 ¹

142 943 402 997 discurrunt,
444 943 653 984 ambitum
697 958 817 984 suum
872 947 1060 999 tempore
1102 944 1331 998 prolixiore
1375 959 1469 986 con-

141 1000 305 1054 ficiunt,
349 1014 456 1054 quae
505 1015 581 1055 per
623 1004 824 1054 angusta,
873 1002 1074 1043 breuiore.
1147 1004 1314 1043 constat
1356 1003 1503 1043 enim1

141 1058 303 1099 nullam
343 1059 454 1099 inter
485 1073 555 1100 eas
587 1059 761 1100 celerius
794 1059 943 1100 ceteris
979 1059 1195 1100 tardiusue
1226 1060 1469 1113 procedere:

144 1116 215 1156 sed
247 1130 342 1157 cum
373 1117 430 1157 sit
460 1117 656 1158 omnibus
687 1117 798 1157 idem
823 1117 972 1158 modus
1005 1117 1183 1170 meandi,
1213 1121 1378 1158 tantam
1409 1119 1469 1158 eis

142 1173 435 1215 diuersitatem
466 1175 671 1228 temporis
717 1175 808 1216 sola
840 1175 1071 1228 spatiorum
1103 1175 1327 1216 diuersitas
1357 1175 1470 1216 facit.

104 1234 242 1274 7113111
280 1233 328 1272 ut
363 1232 413 1272 de
453 1232 601 1273 mediis
638 1246 751 1274 1111110
788 1233 1194 1287 praetermittamUS,
1234 1247 1286 1273 ne
1324 1233 1468 1274 eadem

143 1303 265 1343 saepe
302 1291 568 1343 repetantur,
608 1290 718 1343 quod
761 1290 906 1331 eadem
945 1291 1067 1344 signa
1105 1288 1312 1331 Saturnus
1344 1291 1503 1331 annisz

141 1347 338 1401 triginta,
375 1348 477 1388 111113
513 1347 659 1388 diebus
697 1348 853 1402 uiginti
890 1351 985 1390 octo
1018 1348 1151 1389 ambit
1188 1351 1230 1389 et
1266 1351 1466 1402 permeat,

144 1404 236 1446 3013,
266 1419 395 1446 031133
425 1405 469 1446 111
501 1405 739 1460 quantitate
765 1409 829 1446 est
860 1406 1125 1460 circulorum,
1156 1420 1334 1459 quorum
1360 1406 1467 1447 alter

144 1465 209 1503 est
244 1463 474 1518 maximus,
511 1464 619 1504 alter
654 1468 720 1504 est
756 1464 975 1505 minimus:
1013 1477 1112 1518 ergo
1151 1467 1194 1504 et
1230 1467 1465 1505 ceterarum

145 1520 336 1575 singulae
367 1536 445 1575 pro
478 1521 605 1574 spatii
637 1522 702 1562 sui
733 1522 856 1562 modo
887 1526 1056 1575 tempus
1087 1521 1257 1562 meandi
1294 1524 1367 1563 aut
1397 1536 1466 1562 ex-

95 1580 129 1621 *8
143 1578 326 1619 tendunt
375 1581 449 1619 aut
498 1578 765 1620 contrahunt.
835 1579 916 1620 hoc
965 1580 1058 1621 loco
1107 1579 1284 1634 diligens
1329 1594 1469 1620 rerum

147 1635 360 1678 discussor
418 1637 622 1690 inueniet,
672 1637 782 1690 quod
836 1637 1032 1690 requirat.
1107 1637 1308 1690 inspectis
1359 1637 1470 1678 enim

147 1693 307 1735 zodiaci
343 1695 477 1747 notis,
515 1709 618 1749 quas
655 1697 866 1736 monstrat
900 1695 942 1735 in
981 1694 1235 1748 praesidium
1273 1695 1370 1736 fidei
1400 1694 1470 1736 ad-

147 1754 301 1792 uocata
337 1752 583 1806 descriptio:
622 1752 716 1806 quis
754 1767 874 1806 uero,
915 1753 1096 1807 inquiet,
1132 1753 1231 1794 circi
1275 1753 1469 1794 caelestis

139 1809 359 1851 duodecim
395 1814 540 1863 partes
579 1815 653 1852 aut
687 1810 851 1851 inuenit
889 1813 964 1851 aut
1000 1810 1116 1860 fecit,
1154 1811 1338 1851 maxime
1375 1825 1469 1852 cum

138 1867 258 1907 nulla
311 1868 441 1909 oculis
489 1868 754 1910 subiciantur
802 1869 970 1909 exordia
1026 1868 1318 1923 singularum?
1368 1868 1467 1909 huic

139 1923 271 1978 igitur
320 1928 408 1966 tani
457 1926 720 1967 necessariae
769 1926 1095 1981 interrogationi
1143 1925 1324 1967 historia
1372 1925 1466 1979 ipsa

232 2053 252 2083 3
279 2049 415 2084 dicitur
439 2050 485 2084 P'
563 2055 582 2085 7
607 2054 705 2085 intra
729 2051 764 2085 Ie
790 2051 826 2085 P
894 2055 915 2085 8
939 2050 1162 2086 min1*mus
1185 2051 1220 2084 P
1291 2054 1333 2084 11
1352 2052 1467 2094 igitur

137 2095 268 2139 inYfine
293 2107 383 2131 uers.
409 2107 475 2132 om.
501 2097 538 2131 B
632 2096 846 2144 spheram*
875 2097 911 2130 P
994 2101 1035 2131 12
1060 2098 1175 2139 igitur
1199 2100 1283 2132 ante
1307 2096 1463 2140 gradum

137 2142 221 2177 aad.
247 2142 283 2176 B
391 2146 433 2178 13
459 2142 638 2187 asscripsit
662 2143 698 2177 B
807 2146 850 2177 15
875 2144 1043 2178 breuiore
1067 2141 1113 2177 B'
1219 2147 1261 2178 16
1286 2145 1382 2178 inter
1406 2141 1470 2178 eas
1484 2148 1485 2151 ’

136 2188 278 2222 nullam
301 2188 337 2223 B
434 2192 475 2224 17
501 2189 620 2223 modis
642 2189 692 2223 P'
790 2190 946 2224 tamtam
974 2187 1021 2224 P'
1120 2192 1163 2223 18
1188 2188 1483 2224 diuersitantem³

136 2238 178 2270 ut
200 2235 278 2270 uid.
301 2232 349 2269 P'
422 2234 498 2269 sala
516 2235 565 2269 P'
639 2238 682 2269 19
700 2246 769 2270 nec
791 2234 839 2269 P'
914 2239 959 2270 24
978 2235 1059 2280 sing
1060 2234 1121 2270 ula
1139 2235 1176 2269 P
1243 2235 1410 2270 extendit
1429 2235 1475 2271 P

138 2284 182 2315 25
207 2280 395 2316 contrahit
421 2281 457 2315 P
526 2284 570 2316 26
597 2281 772 2316 discursor
795 2281 847 2316 P'
920 2286 963 2316 31
989 2281 1292 2326 interrogationis
1313 2282 1350 2316 B
