1526 2444
133 80 190 120 22
650 81 750 117 SAT.
776 81 903 117 LIBRI
921 83 939 117 I
1509 0 1526 139 11

136 200 280 228 eorum
316 186 476 228 fecerat
510 188 684 241 propter
721 185 851 240 Oropi
885 189 1178 231 uastationem.
1240 203 1289 230 ea
1319 189 1454 231 multa
1522 199 1526 238 ς’

69 245 121 287 15
134 244 273 286 fuerat
315 245 526 285 talentum
569 244 654 286 fere
697 245 985 300 quingentum.
1052 249 1172 288 erant
1213 246 1285 288 isti
1320 247 1453 301 philo-
1522 243 1526 251 ¹

134 302 257 356 sophi
287 300 524 343 Carneades
556 316 606 343 ex
636 301 883 357 Academia,
913 302 1124 358 Diogenes
1158 303 1335 358 Stoicus,
1367 303 1454 346 Ori·
1524 344 1526 353 ,

133 360 272 401 tolaus
314 359 640 413 Peripateticus:
684 374 788 414 quos
830 360 973 402 ferunt
1015 375 1205 403 seorsum
1248 375 1453 416 quemque
1523 364 1526 373 ⁴

135 417 375 458 ostentandi
414 418 554 472 gratia
585 417 856 459 celeberrima
891 419 1008 460 urbis
1039 420 1131 461 loca
1161 433 1317 474 magno
1356 434 1452 461 oon·
1489 439 1505 466 5

67 477 121 518 16
134 477 264 516 uentu
304 475 525 516 hominum
565 475 867 517 dissertavisse.
926 476 1025 530 fuit,
1066 480 1116 518 ut
1157 478 1338 518 relatum
1377 479 1454 531 est,
1524 482 1526 485 '

132 532 331 574 facundia
362 531 599 574 Carneades
630 533 816 574 uiolenta
852 536 895 574 et
923 534 1088 588 rapida,
1113 535 1220 576 scita
1256 537 1298 575 et
1328 536 1452 576 tereti

134 589 357 642 Critolaus,
387 591 581 632 modesta
606 589 820 645 Diogenes
845 593 887 631 et
912 591 1070 645 sobria,
1102 592 1173 633 sed
1192 593 1236 633 in
1262 595 1454 633 senatum

132 647 362 689 introducti
391 649 622 701 interprete
654 649 720 689 usi
752 650 850 690 sunt
880 647 1025 690 Caelio
1058 652 1260 691 senatore.
1311 652 1355 691 at
1385 650 1453 691 hic
1522 656 1526 670 ¹·

131 708 278 747 noster
308 720 403 747 cum
435 709 571 747 sectas
597 720 744 747 omnes
770 706 991 748 adsecutus
1024 706 1098 748 sed
1122 708 1452 760 probabiliorem
1473 717 1526 752 10³

134 765 301 805 secutus
333 763 406 817 sit,
438 764 660 817 omniaque
697 763 802 805 haec
837 764 950 805 inter
981 763 1165 806 Graecos
1203 779 1358 820 genera
1394 765 1453 806 di·
1523 772 1526 813 ξ

133 821 254 862 cendi
286 822 398 862 solus
428 822 622 875 impleat,
653 821 764 862 inter
792 836 870 863 nos
905 824 1049 863 tamen
1079 822 1140 863 ita
1171 823 1236 863 sui
1266 823 1453 876 locuples

132 879 339 932 interpres
372 881 447 932 est,
477 882 526 920 ut
549 879 711 920 nescias
743 894 824 933 qua
854 879 1002 933 lingua
1032 879 1199 921 facilius
1230 880 1299 921 uel
1330 895 1453 922 orna·
1523 885 1526 922 i

66 939 116 979 17
133 937 217 977 tius
261 937 426 990 expleat
484 951 657 991 operam
701 936 959 979 disserendi?
1026 938 1258 991 probauere
1307 952 1452 979 omnes
1522 949 1526 986 ῑ

133 994 179 1043 Q.
212 994 373 1035 Aurelii
409 994 627 1047 iudicium,
669 1009 750 1048 quo
795 995 1063 1036 edecumatos
1102 995 1232 1050 elegit
1269 995 1452 1049 sodales,
1473 1013 1505 1039 15
1520 995 1526 1037 'i

132 1054 262 1106 atque
287 1052 355 1093 his
387 1053 448 1093 ita
473 1053 716 1093 constitutis
747 1053 930 1106 primum
962 1067 987 1094 a
1013 1053 1282 1094 Praetextato
1314 1053 1456 1105 simul,
1524 1062 1526 1064 ’

131 1110 279 1151 deinde
305 1125 330 1151 a
363 1124 405 1151 se
431 1109 690 1151 discedentes
717 1109 887 1152 domum
919 1110 1095 1165 quisque
1127 1125 1246 1152 suam
1271 1111 1452 1164 regressi
1524 1119 1526 1146 i

130 1170 243 1209 sunt.

61 1237 125 1279 VI
247 1236 424 1278 Postero
463 1237 528 1277 die
561 1236 612 1277 ad
643 1237 765 1278 aedes
797 1237 932 1279 Vettii
963 1238 1160 1279 matutini
1192 1251 1355 1290 omnes,
1391 1237 1452 1278 111-

132 1298 197 1336 ter
228 1309 331 1360 quos
356 1294 491 1348 pridie
517 1297 781 1345 conuenerat,
813 1294 1048 1348 adfuerunt,
1080 1295 1232 1349 quibus
1258 1295 1452 1336 Praetex·
1474 1314 1526 1340 20

133 1355 250 1394 tatus
287 1353 333 1393 in
375 1352 677 1393 bibliothecam
713 1353 912 1406 receptis,
949 1352 994 1393 in
1037 1367 1119 1407 qua
1156 1367 1228 1395 eos
1265 1355 1454 1408 opperie-

91 1411 262 1453 2batur
292 1408 588 1463 praeclarum'
619 1410 756 1464 inquit
787 1408 912 1451 ‘diem
951 1410 1055 1452 mihi
1084 1411 1175 1452 fore
1206 1411 1329 1452 uideo
1361 1425 1455 1452 cum
1520 1404 1526 1470 s

135 1471 178 1510 et
207 1482 285 1509 uos
318 1467 474 1508 adestis
506 1470 549 1508 et
573 1467 791 1509 adfuturos
823 1481 867 1509 se
896 1468 971 1522 illi,
1003 1482 1107 1523 quos
1140 1469 1192 1510 ad
1223 1471 1454 1510 conuentus
1524 1475 1526 1522 3

132 1526 272 1568 nostri
310 1527 553 1567 societatem
590 1525 734 1580 rogari
769 1526 946 1579 placuit,
982 1527 1309 1580 spoponderunt.
1376 1527 1455 1568 soli
1522 1538 1526 1556 ³

131 1584 408 1625 Postumiano
423 1583 649 1649 antiquior
678 1583 772 1624 uisa
797 1585 861 1624 est
885 1583 1226 1625 instruendamm
1257 1598 1356 1626 cura
1388 1584 1454 1624 de·
1474 1579 1526 1631 25-

131 1642 389 1694 fensionum,
420 1641 464 1681 in
490 1641 608 1681 cuius
635 1641 858 1681 abnuentis
885 1641 1024 1682 locum
1050 1641 1294 1695 Eusebium,
1325 1641 1455 1683 Graia
1521 1627 1526 1691 Ξ

132 1702 175 1740 et
206 1699 398 1740 doctrina
429 1700 472 1739 et
507 1698 707 1739 facundia
743 1698 902 1739 clarum
938 1698 1168 1753 rhetorem,
1206 1675 1453 1765 80111οςα111,
1514 1698 1526 1751 j

131 1757 472 1809 insinuatumque
498 1755 705 1809 omnibus,
736 1758 784 1796 ut
814 1756 867 1797 ab
893 1759 1039 1798 exorto
1073 1757 1138 1797 die
1169 1771 1213 1798 se
1242 1757 1363 1798 nobis
1394 1757 1455 1798 in·
1523 1755 1526 1803 ]

132 1815 367 1880 dulgerent,
392 1813 559 1868 quando
591 1813 759 1867 quidem
784 1813 910 1855 nullis
936 1814 1060 1855 hodie
1093 1815 1246 1856 officiis
1271 1815 1453 1868 publicis
1521 1817 1526 1849 Σ

133 1872 330 1927 occupari
359 1871 425 1913 fas
458 1873 586 1912 esset:
625 1874 797 1926 togatus
836 1874 947 1913 certe
984 1872 1051 1913 uel
1081 1873 1301 1914 trabeatus
1338 1873 1452 1926 palu·
1471 1875 1526 1921 ao}

92 1930 310 1976 3datusue
342 1943 415 1971 seu
446 1930 735 1982 praetextatus
766 1929 848 1970 hac
880 1929 945 1970 die
969 1930 1137 1971 uidetur
1161 1929 1331 1971 nullus?
1361 1932 1454 1972 tum
1521 1939 1526 1960 ⁵

1522 511 1526 566 i

226 2047 247 2077 3
272 2043 487 2077 achademia
505 2042 542 2077 P
609 2045 630 2075 5
655 2041 868 2077 ostendandi
895 2041 938 2076 P'
1014 2047 1033 2077 7
1058 2043 1169 2078 teretl
1190 2054 1280 2079 corr.
1299 2044 1341 2078 in
1361 2043 1453 2079 Gan·
1518 2042 1526 2081 ’ἔ

135 2090 364 2135 tabriyiensi:
389 2089 491 2124 tenti
514 2088 718 2134 B,ter{r1t1
742 2088 779 2122 P
859 2093 902 2123 10
928 2089 1092 2124 adfectas
1110 2087 1168 2131 B‘‚
1194 2089 1404 2133 assequutus
1422 2090 1459 2124 P
1517 2128 1519 2130 v

168 2135 308 2170 bahore
326 2135 329 2181 1
345 2135 382 2169 Ρ
468 2138 508 2169 11
531 2134 703 2177 sequutus
716 2135 753 2169 P
830 2139 873 2169 14
893 2134 1134 2179 dedisserendi
1151 2136 1188 2170 Β
1270 2139 1312 2170 15
1333 2139 1454 2179 quinti
1514 2168 1515 2173 ,

175 2182 212 2216 Ρ
299 2185 343 2216 20
368 2181 549 2216 affuerunt
573 2181 632 2216 bP
711 2185 754 2215 21
776 2182 1007 2225 operiebatur
1030 2182 1067 2216 P
1145 2186 1189 2217 23
1215 2182 1390 2217 effuturos
1409 2182 1454 2225 P,

134 2228 310 2264 affuturos
330 2239 359 2273 10
430 2231 474 2262 26
499 2238 601 2273 graie
627 2227 663 2261 P
730 2230 774 2261 27
802 2228 940 2262 clarum
964 2239 1028 2263 om.
1054 2228 1284 2264 Prcffhorem
1302 2229 1339 2263 B
1410 2210 1454 2263 29⁷

131 2273 274 2311 nullis*
291 2275 327 2309 B
399 2277 443 2308 30
467 2272 733 2319 paludatusque
758 2273 794 2308 P
862 2277 905 2308 31
930 2275 998 2309 '’ac
1023 2273 1060 2308 P
