1526 2444
535 60 571 95 11
597 62 735 95 10—16
770 59 822 95 111
848 62 939 95 1-3
1327 57 1414 99 413

67 171 296 227 pertinent.
358 172 424 212 est
457 169 571 212 enim
601 168 702 211 huic
734 168 868 210 aetati
899 166 1140 223 loquacitas
1171 166 1414 210 familiaris.

66 231 173 274 haec
205 230 343 273 sciens
370 228 588 272 Homerus
617 227 832 283 quandam
860 226 1106 283 congeriem
1133 225 1262 269 simul
1287 226 1415 268 inter-
1432 227 1486 269 15

65 289 340 346 rogationum
371 286 551 331 Nestori
581 286 684 329 fecit
716 286 858 350 offerri
1218 297 1222 301 ’

3 416 5 418 ,
126 368 161 414 ὦ
192 369 367 428 Νέστορ
399 369 655 426 Νηληιάδη,
688 370 743 411 σὺ
777 366 816 411 δ’
855 366 1019 423 ἀληθὲς
1050 369 1244 422 ἐῶισπες,

3 429 6 436 ²
30 448 47 474 5
125 438 217 481 πῶς
247 428 373 473 ἔθαν’
405 428 628 486 Ἀτρείδης
658 428 930 485 εὐρυκρείων
957 424 1260 483 Ἀγαμέμνων;

125 496 212 533 ποῦ
244 489 475 539 Μενέλαος
506 490 602 544 ἕην;

127 549 154 604 ἢ
187 548 267 592 οὐκ
286 547 470 605 ’Ἁργεος
500 544 578 602 ἦεν
604 545 839 602 Ἀχαιικοῦ.

68 634 135 674 tot
159 631 362 686 loquendi
383 631 548 673 semina
567 629 876 690 interrogando
897 628 1116 685 congessit
1135 630 1184 670 ut
1203 627 1419 683 pruritum

72 690 305 732 senectutis
338 691 538 746 expleret.
589 691 632 732 et
659 688 939 744 Vergilianus
966 689 1135 730 Aeneas
1168 689 1342 743 gratum
1374 701 1418 729 se
1437 686 1489 729 16

19 767 55 793 10
74 749 128 792 ad
184 749 329 792 omnia
382 749 593 804 praebens
643 747 845 790 Euandro
901 747 1047 794 uarias
1102 745 1167 788 illi
1215 745 1420 788 narrandi

71 809 317 851 occasiones
355 808 586 850 ministrat.
647 820 786 861 neque
824 805 937 848 enim
976 805 1026 847 de
1063 820 1150 848 una
1183 819 1230 846 re
1263 808 1337 847 aut
1369 804 1420 847 de

72 869 209 910 altera
239 867 421 923 requirit
452 866 526 909 sed

355 949 528 1004 singula
558 949 698 991 laetus

131 1008 400 1064 exquiritque
433 1008 637 1064 auditque
669 1008 810 1050 uirum
842 1007 1110 1049 monimenta
1140 1006 1355 1061 priorum,

0 1109 53 1150 *²⁵
73 1094 115 1133 et
139 1090 344 1167 Euandqr
375 1090 766 1134 consultationibus
799 1091 948 1145 captus
982 1090 1101 1132 scitis
1129 1104 1258 1145 quam
1284 1089 1422 1131 multa

72 1150 312 1193 narrauerit
330 1183 339 1193 .

191 1231 312 1274 Haec
343 1231 555 1274 dicentem
592 1231 717 1274 fauor
748 1231 942 1274 omnium
974 1230 1152 1286 excepit.
1214 1230 1290 1273 sed
1319 1230 1496 1273 moxIH

0 1283 3 1358 ᾗ
75 1291 259 1334 subiecit
284 1290 478 1333 Auienus
510 1290 604 1333 ‘uos
637 1305 798 1345 omnes,
828 1290 902 1345 qui
933 1289 1156 1333 doctorum
1183 1290 1426 1332 doctissimi

15 1406 18 1410 ι
76 1350 254 1405 adestis,
289 1350 515 1402 orauerim,
546 1352 596 1391 ut
625 1350 804 1392 hortatu
835 1351 982 1392 uestro
1014 1348 1286 1403 Eustathius,
1317 1363 1426 1404 quae

0 1429 58 1456 »ιο
77 1409 128 1452 de
173 1411 407 1452 scommate
450 1409 581 1464 paulo
627 1410 727 1451 ante
766 1408 937 1461 dixerit,
981 1408 1196 1450 animetur
1233 1408 1426 1463 aperire'.

77 1468 364 1523 omnibusque
426 1469 479 1511 ad
542 1468 626 1511 hoc
680 1467 1018 1523 prouocantibus
1073 1467 1150 1509 ille
1205 1467 1428 1509 contexuit

6 1535 23 1566 β
77 1527 263 1583 ‘praeter
324 1528 591 1583 categorian,
652 1541 761 1582 quae
818 1528 958 1581 ψόγος
1012 1527 1096 1581 est,
1157 1528 1201 1568 et
1256 1527 1468 1581 praeter2

78 1587 308 1642 διαβολήν,
333 1601 443 1642 quae
468 1587 628 1630 delatio
655 1588 734 1640 est,
763 1588 864 1628 sunt
889 1586 974 1628 alia
1000 1585 1083 1628 duo
1105 1585 1219 1640 apud
1239 1584 1426 1628 Graecos

77 1645 272 1701 nomina,
315 1646 516 1703 λοιδορία
559 1649 603 1688 et
646 1652 850 1701 σκῶμμα,
893 1645 1049 1700 quibus
1092 1659 1171 1687 nec
1215 1644 1428 1687 uocabula,

24 1724 60 1751 25
79 1704 235 1747 Latina
282 1706 500 1761 repperio,
548 1705 634 1747 nisi
677 1705 788 1747 forte
833 1704 950 1746 dieas
994 1702 1234 1746 loedoriam
1277 1718 1427 1759 expro-

78 1764 324 1807 brationem
374 1778 469 1807 esse
513 1779 562 1807 ac
606 1765 814 1807 directam
860 1763 1187 1818 contumeliam,
1237 1777 1429 1805 scomma

79 1823 193 1865 enim
237 1837 375 1878 paene
412 1823 592 1866 dixerim
630 1837 825 1866 morsum
862 1823 1116 1878 figuratum,
1158 1822 1267 1877 quia
1299 1836 1427 1878 saepe

29 1923 31 1926 Α
79 1882 228 1924 fraude
270 1883 339 1924 uel
382 1883 631 1926 urbanitate
669 1883 849 1938 tegitur,
891 1884 940 1923 ut
977 1881 1092 1924 aliud
1130 1884 1270 1937 sonet,
1314 1881 1429 1923 aliud

17 1955 20 1987 2
78 1941 319 1996 intellegas.
368 1956 448 1984 nec
471 1943 620 1984 tamen
644 1955 811 1997 semper
839 1941 893 1983 ad
918 1940 1249 1983 amaritudinem
1274 1941 1469 1997 pergit‚3

18 1998 63 2052 ἰεο
81 2000 156 2042 sed
186 2014 274 2043 non
303 2014 539 2056 numquam
569 2001 657 2055 his,
693 2000 739 2042 in
771 2015 880 2056 quos
912 2000 1085 2053 iacitur,
1122 2003 1166 2043 et
1198 2000 1319 2043 dulce
1351 2003 1427 2043 est.

174 2114 197 2145 4
224 2111 290 2147 Od.
315 2123 339 2154 γ
364 2115 432 2147 247
509 2115 550 2147 13
577 2111 668 2146 Aen.
695 2109 782 2145 VIII
807 2114 875 2145 311

178 2215 198 2246 5
224 2211 340 2258 ἔθαν’]
368 2212 464 2247 ΕΘΔ
482 2212 520 2247 Ρ
590 2211 828 2258 εὐρυκρείων]
855 2212 1059 2247 ΕΙΡΙΠΕΕ*
1084 2212 1120 2247 Ρ
1191 2212 1428 2255 Ἀγαμέμνων

82 2267 149 2293 om.
175 2258 213 2294 P
304 2262 350 2293 20
376 2269 542 2304 aperlere
567 2257 616 2295 P'
715 2262 760 2294 22
786 2259 876 2295 ΨΟ(
901 2259 938 2294 Ρ
1042 2263 1086 2294 23
1113 2259 1369 2295 ΕΔΙΑΒΟΛΗΝ
1397 2259 1434 2294 Ρ

27 2322 31 2372 ι
83 2307 130 2340 24
154 2305 296 2341 ledor-ia
321 2305 351 2341 δι
377 2305 479 2342 soma
505 2306 542 2341 P
613 2310 658 2343 25
684 2307 829 2342 ledoria
855 2306 893 2341 P

21 2126 24 2147 ὅ
