1526 2444
40 1640 46 1645 *
78 1628 79 1631 ¹
111 1637 167 1680 26
181 1632 288 1674 tium
326 1631 546 1673 stellarum
568 1646 699 1683 semi·
735 1631 954 1687 legitimus
986 1634 1210 1673 coercetur.
1271 1645 1374 1684 quas
1404 1629 1472 1671 ide

172 79 258 121 544
469 80 616 117 COMM.
641 81 693 116 IN
718 80 862 116 SOMN.
889 80 999 118 SOIP.
1023 81 1151 117 LIBRI
1175 82 1191 116 I

172 187 361 228 ueniunt.
422 200 566 228 omnes
599 187 710 228 enim
741 187 889 229 stellae
919 188 1029 229 inter
1059 202 1114 242 se,
1145 188 1227 229 etsi
1254 187 1299 229 in
1330 188 1492 243 magni·

173 245 316 286 tudine
348 244 549 298 aliquam,
579 244 741 286 nullam
770 248 914 286 tamen
943 245 1104 287 habent
1133 246 1178 287 in
1209 246 1346 299 specie
1378 245 1491 287 diffe-

172 303 368 344 rentiam.
422 315 498 355 per
527 302 631 344 haec
662 309 803 344 autem
835 303 917 345 duo
948 304 1122 345 nomina
1153 303 1289 345 solida
1315 303 1494 357 sphaera

175 359 445 413 describitur,
488 373 593 413 quae
636 374 712 401 1100
755 375 805 401 ex
842 361 987 414 globo,
1030 362 1066 403 si
1102 361 1335 402 rotunditas
1375 360 1493 412 desit,

173 431 251 458 nec
282 431 332 458 ex
357 417 628 470 rotunditate,
659 418 695 458 si
719 418 872 472 globus
899 418 1018 472 desit,
1048 418 1241 473 efficitur,
1272 433 1366 460 cum
1393 419 1492 460 alte-

173 489 268 516 rum
323 475 478 529 forma,
533 475 715 516 alterum
767 475 982 517 soliditate
1031 477 1218 530 corporis
1268 477 1493 518 deseratur.

106 538 162 580 23
177 533 378 587 sphaeras
422 535 562 574 autem
598 533 668 574 1110
708 533 886 574 dicimus
923 534 1112 587 ipsarum
1149 534 1367 575 stellarum
1404 547 1493 575 cor-

174 605 296 645 pora,
328 605 434 644 quae
466 590 607 631 omnia
637 591 716 632 hac
749 591 886 644 specie
917 591 1099 632 formata
1129 594 1238 632 sunt.
1299 591 1494 632 dicuntur

110 693 134 706 ,Χ
174 652 396 702 praeterea
427 648 631 702 sphaerae
663 651 705 690 et
735 648 929 703 ἀπλανής
959 650 1044 703 illa,
1074 663 1180 703 quae
1205 649 1388 691 maxima
1418 651 1495 702 est,

176 709 218 747 et
255 706 468 747 subiectae
506 709 684 760 septem,
721 721 796 760 per
833 721 937 761 quas
975 707 1056 748 duo
1094 707 1255 765 lum-ina
1289 709 1332 748 et
1361 719 1526 761 uagae1

106 769 163 810 24
177 764 362 818 quinque
395 764 646 806 discurrunt.
707 765 807 806 circi
837 778 938 806 uero
971 767 1012 805 et
1043 765 1164 806 orbes
1196 764 1372 806 duarum
1398 766 1498 806 sunt

175 836 316 863 rerum
360 822 441 864 duo
484 822 675 875 nomina,
719 825 760 863 et
800 822 868 863 his
910 823 1151 864 nominibus
1190 822 1358 876 quidem
1395 821 1498 863 alibi

177 881 301 921 aliter
331 882 396 921 est
426 893 541 921 usus,
600 894 699 921 nam
731 882 773 920 et
804 880 949 921 orbem
979 894 1056 934 pro
1089 880 1244 921 circulo
1277 880 1420 934 posuit
1449 882 1498 920 ut

178 938 348 980 orbem
383 938 617 991 lacteum,
656 940 698 978 et
735 938 880 978 orbem
916 952 993 992 pro
1030 938 1209 991 sphaera
1238 940 1286 978 ut
1320 951 1498 979 nouem

176 995 275 1037 tibi
324 995 532 1036 orbibus
582 996 661 1036 uel
712 995 879 1049 potius
930 995 1109 1049 globis.
1187 995 1258 1036 sed
1306 998 1349 1037 et
1398 994 1526 1042 circii,

177 1055 405 1106 uocantur,
447 1053 519 1107 qui
563 1052 785 1107 sphaeram
829 1054 1056 1094 maximam
1099 1053 1292 1107 cingunt,
1334 1055 1383 1094 ut
1426 1067 1526 1106 eos}

179 1125 359 1165 sequens
395 1114 602 1152 tractatus
639 1111 842 1164 inueniet,
879 1125 1058 1164 quorum
1094 1125 1201 1152 unus
1233 1114 1297 1152 est
1326 1108 1526 1164 lacteus,

109 1169 229 1216 25de
260 1183 341 1223 quo
373 1168 435 1210 ait
463 1169 597 1209 inter
628 1168 862 1210 flammas
894 1169 1056 1210 circus
1087 1170 1272 1210 lucens.
1328 1168 1401 1210 sed
1430 1167 1499 1210 1110

178 1227 330 1268 horum
366 1226 492 1278 nihil,
528 1240 664 1281 neque
701 1226 801 1268 circi
836 1240 973 1280 neque
1011 1226 1123 1268 orbis
1161 1226 1330 1268 nomine
1360 1226 1499 1267 uoluit

178 1285 387 1338 intellegi,
424 1283 496 1325 sed
534 1286 598 1325 est
636 1285 774 1326 orbis
811 1285 856 1325 in
893 1284 973 1326 hoc
1009 1285 1101 1326 loco
1138 1284 1286 1326 stellae
1322 1298 1406 1325 una
1435 1283 1498 1324 111-

102 1343 106 1348 ’
178 1345 299 1397 tegra
331 1345 373 1383 et
402 1344 573 1396 peracta
604 1342 836 1399 conuersio,
865 1342 906 1383 id
938 1344 1002 1383 est
1033 1342 1086 1383 ab
1113 1342 1258 1384 eodem
1283 1342 1375 1383 loco
1401 1343 1510 1395 post*

180 1414 397 1442 emensum
435 1400 655 1454 sphaerae,
691 1414 767 1454 per
806 1414 931 1453 quam
969 1402 1182 1454 mouetur,
1219 1399 1425 1441 ambitum
1455 1399 1500 1440 in

181 1458 358 1500 eundem
388 1458 528 1499 locum
559 1471 797 1512 regressus,
828 1458 990 1500 circus
1022 1461 1087 1499 est
1117 1460 1258 1499 autem
1287 1457 1357 1499 1110
1387 1457 1472 1498 11110

180 1517 371 1558 ambiens
421 1515 645 1570 sphaeram
695 1530 743 1557 ac
788 1516 920 1556 ueluti
963 1515 1158 1557 semitam
1199 1515 1377 1568 faciens,
1424 1528 1476 1568 pe

181 1589 308 1629 quam
333 1575 475 1615 lumen
500 1575 726 1628 utrumque
752 1573 961 1628 discurrit,
988 1577 1030 1615 et
1053 1561 1167 1615 intra
1192 1587 1317 1627 quam
1342 1585 1497 1626 uagan-

180 1693 345 1732 ueteres
377 1703 516 1731 errare
549 1689 754 1743 dixerunt,
785 1689 884 1743 quia
914 1692 957 1730 et
986 1703 1109 1731 cursu
1140 1703 1215 1730 suo
1242 1688 1435 1730 feruntur
1459 1702 1482 1728 e

182 1751 330 1790 contra
357 1747 559 1802 sphaerae
585 1747 804 1801 maximae,
834 1747 877 1787 id
902 1749 966 1788 est
989 1747 1123 1801 ipsius
1149 1747 1265 1801 caeli,
1295 1747 1456 1800 impetu

182 1806 396 1847 contrario
434 1807 551 1847 motu
589 1806 640 1846 ad
678 1805 881 1846 orientem
919 1805 971 1846 ab
1009 1804 1224 1846 occidente
1259 1804 1467 1846 uoluuntu

182 1867 225 1904 et
250 1864 438 1905 omnium
465 1863 634 1917 quidem
658 1877 736 1916 par
760 1863 955 1904 celeritas
980 1865 1121 1904 motus
1147 1862 1296 1904 similis
1321 1864 1363 1903 et
1387 1861 1454 1902 ide

183 1923 248 1963 est
291 1920 439 1963 modus
485 1921 672 1975 meandi,
715 1921 787 1962 sed
822 1935 909 1963 11011
948 1934 1093 1962 omnes
1131 1920 1277 1962 eodem
1312 1922 1456 1973 tempo

115 1984 170 2025 27
186 1979 319 2020 circos
351 1992 449 2020 suos
481 1979 685 2032 orbesque
717 1978 955 2020 conficiunt.
1016 1981 1058 2019 et
1087 1977 1182 2019 ideo
1213 1979 1279 2019 est
1309 1977 1477 2021 celerits

185 2037 278 2091 ipsa
309 2036 528 2090 mirabilis,
562 2036 660 2090 quia
692 2051 787 2078 cum
819 2036 874 2078 sit
906 2036 1051 2078 eadem
1083 2035 1284 2089 omnium,
1313 2049 1390 2076 nec
1414 2034 1460 2076 ul

277 2189 298 2219 3
324 2185 428 2232 speia
452 2182 498 2219 P'
573 2187 593 2218 6
619 2185 667 2220 ad
691 2183 881 2219 deseratur
902 2185 986 2220 add.
1011 2186 1029 2219 1
1046 2184 1252 2228 requiratur
1268 2195 1293 2228 p
1365 2186 1385 2217 9
1405 2179 1469 2228 ap'

183 2232 248 2268 nef
265 2232 301 2266 P
383 2234 425 2265 12
452 2231 490 2265 et
514 2241 580 2267 om.
600 2231 637 2266 P
717 2234 759 2266 16
780 2230 862 2275 quls
875 2228 924 2265 P'
1003 2234 1046 2267 20
1065 2231 1175 2267 1000*
1193 2231 1229 2266 P
1303 2232 1349 2265 24
1366 2229 1436 2264 hac

185 2284 229 2316 26
253 2278 403 2314 letlmus
421 2275 469 2312 P'
543 2281 586 2312 31
612 2277 735 2312 motus
754 2277 901 2313 meandi
927 2277 964 2311 P
1454 2278 1461 2302 'I
