1526 2444
652 73 706 109 ΙΙΙ
731 77 846 109 9-16
1340 71 1428 114 595

10 189 30 231 ᾗ
80 182 237 239 quippe
260 183 516 238 incorporea
545 181 639 224 sola
664 181 948 223 aestimantur
973 180 1152 236 ratione,
1175 194 1264 222 non
1289 194 1430 237 sensu,

27 264 29 266 -
81 241 370 296 quaerendum
402 243 485 296 est,
522 243 666 283 utrum
699 242 743 282 et
773 241 818 282 in
849 240 945 296 ipso
978 239 1126 282 mundi
1157 253 1336 294 corpore
1369 239 1427 281 di·
1523 291 1526 294 Α

14 302 26 331 's'
79 300 242 343 mensio
273 300 433 342 librata
465 299 714 342 seruauerit.
765 302 808 340 et
834 299 1113 341 Archimedes
1143 298 1315 354 quidem
1341 300 1426 340 sta·
1445 300 1498 343 13

11 363 15 367 ’
79 359 247 401 diorum
282 373 508 401 numerum
541 357 871 413 deprehendisse
904 372 947 399 se
980 357 1176 412 credidit,
1215 357 1371 412 quibus
1403 372 1429 400 a

23 428 61 455 ⁶
80 420 221 460 terrae
253 418 476 473 superficie
507 419 611 460 luna
642 417 822 459 distaret
853 419 897 459 et
929 431 954 458 a
984 416 1088 459 luna
1122 416 1374 471 Mercurius,
1404 431 1430 459 a

27 474 30 477 ’
78 476 293 519 Mercurio
326 476 485 531 Venus,
526 477 591 520 sol
624 491 649 518 a
679 475 859 530 Venere,
890 475 1009 518 Mars
1041 490 1066 517 a
1098 475 1201 530 sole,
1233 490 1258 518 a
1290 474 1429 518 Marte

16 555 31 583 ς
77 534 292 590 Iuppiter,
327 534 539 578 Saturnus
572 550 597 577 a
627 534 749 590 Ioue,
782 535 856 576 sed
887 537 931 576 et
960 549 986 576 a
1018 532 1197 576 Saturni
1228 535 1331 577 orbe
1362 549 1429 576 us-

79 608 160 648 que
205 594 259 636 ad
301 594 444 649 ipsum
490 594 746 636 stelliferum
790 593 955 635 caelum
995 607 1119 635 omne
1158 593 1346 648 spatium
1384 607 1428 635 se

14 656 33 711 J
78 652 246 695 ratione
295 667 514 695 emensum
558 652 742 708 putauit.
816 666 925 707 quae
968 654 1116 693 tamen
1158 652 1429 694 Archimedis
1446 654 1501 696 14

23 711 293 754 dimensio
339 727 364 753 a
400 711 635 755 Platonicis
679 710 904 765 repudiata
947 714 1012 752 est
1056 711 1179 765 quasi
1220 711 1351 765 dupla
1388 714 1431 754 et

7 793 32 797 „
78 771 210 825 tripla
241 771 471 813 interualla
501 785 587 812 non
620 784 818 824 seruans,
849 772 893 811 et
925 771 1188 824 statuerunt,
1219 769 1302 811 hoc
1335 784 1429 812 esse

79 829 355 885 credendum,
391 832 442 871 ut
473 831 681 885 quantum
714 830 780 870 est
815 843 840 870 a
871 830 986 870 terra
1016 842 1153 883 usque
1186 827 1238 869 ad
1270 828 1429 883 lunam,

34 892 37 926 ῗ
79 887 258 942 duplum
295 888 353 929 sit
387 903 413 930 a
443 891 560 930 terra
591 901 726 942 usque
759 886 812 929 ad
845 887 998 941 solem,
1036 889 1331 942 quantumque
1363 891 1430 930 est

6 955 26 1000 glv
79 961 105 989 a
135 949 252 988 terra
282 961 418 1002 usque
451 947 504 988 ad
538 947 690 1001 solem,
720 946 899 1001 triplum
931 946 990 988 sit
1022 960 1046 987 a
1071 948 1188 987 terra
1213 961 1348 1001 usque
1375 947 1429 989 ad

80 1005 304 1059 Venerem,
335 1008 628 1061 quantumque
661 1007 727 1047 est
758 1020 783 1047 a
814 1007 929 1047 terra
961 1019 1096 1059 usque
1129 1005 1182 1047 ad
1209 1007 1430 1061 Venerem,

8 1074 32 1120 ,ᾗ
80 1067 231 1119 quater
261 1066 430 1106 tantum
463 1064 520 1106 sit
552 1079 578 1106 a
607 1068 724 1106 terra
755 1078 890 1119 usque
923 1063 977 1105 ad
1007 1062 1212 1106 Mercurii
1245 1065 1429 1119 stellam,

8 1121 32 1175 ᾖ
78 1125 375 1178 quantumque
408 1125 475 1166 est
505 1123 558 1165 ad
584 1123 845 1165 Mercurium
871 1137 896 1165 a
921 1126 1050 1177 terra,
1082 1122 1232 1165 nouies
1258 1126 1429 1166 tantum

5 1183 37 1215 ί
79 1182 138 1223 sit
169 1196 194 1223 a
225 1185 342 1223 terra
373 1197 508 1237 usque
542 1181 594 1224 ad
620 1182 814 1237 Martem,
845 1184 889 1223 et
919 1188 1129 1237 quantum
1162 1196 1187 1222 a
1217 1184 1334 1224 terra
1359 1197 1429 1225 us-

78 1254 159 1296 que
197 1241 252 1282 ad
283 1240 470 1282 Martem
506 1244 589 1295 est,
626 1241 761 1283 octies
794 1242 966 1282 tantum
999 1241 1058 1283 sit
1089 1255 1115 1282 a
1145 1242 1262 1282 terra
1293 1256 1428 1296 usque

0 1307 55 1346 ’·,·
79 1299 132 1341 ad
164 1299 330 1355 Iouem,
368 1302 661 1354 quantumque
701 1302 768 1341 est
805 1314 830 1341 a
866 1302 982 1341 terra
1012 1313 1147 1354 usque
1181 1299 1235 1341 ad
1268 1299 1430 1356 Iouem,

79 1358 237 1412 septies
270 1360 313 1400 et
345 1359 475 1401 uicies
507 1361 678 1400 tantum
711 1359 768 1400 sit
799 1373 824 1400 a
855 1361 971 1400 terra
1002 1373 1139 1412 usque
1172 1358 1225 1399 ad
1254 1357 1429 1402 Saturni

6 1412 34 1462 {r
78 1418 239 1459 orbem.
302 1417 415 1460 hanc
446 1417 771 1460 Platonicorum
802 1416 1126 1472 persuasionem
1157 1416 1427 1473 Porphyrius
1446 1419 1500 1463 15

77 1475 203 1518 libris
235 1477 429 1530 inseruit,
461 1477 617 1531 quibus
643 1475 808 1518 Timaei
835 1475 1177 1518 obscuritatibus
1202 1490 1291 1518 non
1316 1477 1427 1520 nihil
1514 1525 1515 1529 Ἰ

7 1549 38 1589 χῖ,
77 1533 185 1576 lucis
228 1534 406 1591 infudit,
449 1538 595 1590 aitque
639 1549 712 1577 eos
756 1534 925 1577 credere
967 1535 1020 1576 ad
1057 1534 1292 1593 imaginem
1330 1534 1522 1593 con-72:22

78 1593 285 1636 textionis
312 1594 482 1636 animae
507 1594 613 1636 haec
639 1608 732 1636 esse
751 1593 798 1635 in
817 1607 998 1648 corpore
1017 1594 1166 1635 mundi
1183 1594 1428 1651 interualla,

8 1663 40 1705 ³⁹33
75 1666 185 1706 quae
229 1653 412 1707 epitritis
457 1653 674 1695 hemioliis
712 1652 919 1708 epogdois
957 1652 1294 1709 hemitoniisque
1331 1668 1429 1696 con-

12 1706 42 1794 Ξ
75 1711 248 1766 plentur
280 1713 323 1753 et
353 1711 560 1763 limmate,
591 1715 635 1753 et
664 1712 728 1753 ita
753 1712 981 1766 prouenire
1008 1714 1275 1769 concentum,
1308 1713 1428 1756 cuius

10 1774 43 1779 '‘
75 1770 185 1812 ratio
226 1771 271 1812 in
302 1770 547 1813 substantia
578 1770 746 1812 animae
779 1772 980 1812 contexta
1012 1771 1228 1813 mundano
1261 1786 1428 1828 quoque

8 1835 40 1886 ζῆ,
75 1829 264 1884 corpori,
300 1830 414 1884 quod
453 1830 507 1872 ab
546 1830 690 1871 anima
726 1830 944 1884 mouetur,
984 1829 1147 1871 inserta
1177 1832 1255 1875 est.
1317 1831 1427 1874 unde
1443 1832 1498 1874 16

13 1981 19 1998 ᾗ
172 1959 190 1990 1
213 1955 403 1992 estimatur
421 1955 458 1991 Β
537 1959 558 1991 5
578 1966 731 2001 corpore
751 1956 881 1991 mundi
898 1956 935 1991 B
1001 1959 1025 1991 4
1043 1956 1367 2002 sedeprehendifse
1389 1959 1427 1994 B
1482 1951 1485 1955 ’

77 2007 96 2038 7
122 2002 176 2038 fet
200 2015 223 2039 a
248 2003 286 2038 B
370 2007 390 2038 9
416 2002 546 2038 mensu
570 2003 608 2038 P
689 2006 731 2038 13
757 2002 804 2038 fit
827 2003 981 2048 duplum
1006 2003 1043 2038 Β
1125 2007 1168 2039 15
1194 2008 1228 2040 et
1254 2009 1296 2041 17
1322 2009 1355 2041 et
1379 2010 1426 2041 20

11 2065 49 2108 {³
74 2051 416 2096 quantumcumque
440 2050 478 2085 B
546 2053 590 2085 15
615 2061 638 2086 a
661 2050 727 2086 ira
745 2061 812 2086 om.
841 2049 890 2085 P'
957 2054 1000 2086 15
1021 2050 1211 2109 usque**‚
1236 2053 1368 2089 deinde
1387 2055 1427 2089 at

12 2125 51 2157 l
74 2117 123 2156 12'
198 2124 242 2156 16
267 2131 465 2156 amercuru
483 2117 532 2155 P'
608 2123 651 2156 17
677 2124 883 2156 amercuru'x
909 2121 960 2156 P'
1034 2110 1125 2158 taffv
1142 2123 1204 2168 (an
1224 2124 1266 2158 in
1284 2124 1374 2169 ras.)
1393 2124 1430 2159 P

13 2183 47 2218 ,g
74 2170 117 2202 21
145 2167 266 2213 uigiel'
284 2169 322 2203 B
431 2170 476 2203 22
501 2167 607 2213 plani
622 2171 772 2204 *accon-1
800 2168 851 2203 P'
960 2169 1175 2214 porphmus
1197 2170 1267 2206 PB
1379 2175 1425 2206 24

19 2217 52 2257 {f
74 2215 330 2251 contextiones
350 2212 398 2250 P'
533 2218 578 2250 26
603 2214 778 2251 hem1ol1r
797 2215 835 2251 P
961 2215 1142 2252 hemioho
1167 2217 1358 2263 hpogdois
1377 2216 1423 2253 B'

14 2262 56 2326 }
121 2262 379 2308 em1tonnsque
411 2262 449 2297 P
547 2262 779 2308 complentur
811 2263 848 2298 P
949 2267 995 2299 28
1027 2265 1172 2299 rainone
1207 2265 1256 2300 1³⁹
1379 2269 1424 2300 29

15 2309 55 2350 2¹2ss⁴.-
74 2313 198 2344 amma
221 2306 271 2344 P'

1066 2368 1139 2405 38*
