1526 2444
609 20 695 56 xm
722 24 839 56 2-12
1347 15 1403 58 67

56 135 202 177 decem
233 136 276 176 et
312 135 479 187 septem
510 131 600 172 dies
632 130 678 172 in
711 128 893 183 singulis
925 141 1060 182 usque
1092 125 1145 168 ad
1179 127 1405 180 sequentes

0 208 2 227 ὲ
56 193 271 236 Kalendas
305 191 587 246 putabantur,
627 188 701 231 sed
734 188 852 230 solus
883 186 1142 228 Februarius
1173 184 1333 239 uiginti
1363 192 1407 225 et

0 289 1 292 ,
56 255 154 295 octo
190 250 370 294 retinuit
407 250 515 303 dies,
554 248 678 304 quasi
715 246 865 289 inferis
904 249 947 288 et
984 244 1221 287 deminutio
1254 246 1298 284 et
1328 258 1407 297 pai·

0 313 3 350 2
55 325 258 354 numerus
290 309 547 351 conueniret.
597 321 695 349 cum
727 319 829 361 ergo
856 305 1041 347 Romani
1073 318 1125 345 ex
1154 303 1236 345 hac
1264 302 1447 345 distri-8

0 383 40 421 1⁶
60 370 233 412 butione
259 367 462 422 Pompilii
494 367 547 408 ad
578 366 705 408 lunae
732 379 904 409 cursum
931 364 1042 406 sicut
1067 362 1222 405 Graeci
1247 376 1406 404 annum

0 451 3 462 ÷
56 427 278 483 proprium
299 428 609 482 computarent,
633 423 876 467 necessario
904 426 948 464 et
971 422 1270 464 intercalarem
1290 435 1407 462 men-

0 521 3 555 1
58 502 149 530 sem
190 486 470 528 instituerunt
514 498 633 526 more
678 482 952 525 Graecorum.
1021 496 1124 523 nam
1167 484 1211 522 et
1255 478 1448 521 Graeci9

0 559 4 601 ξ
57 561 154 589 cum
181 546 577 587 animaduerterent
602 546 762 584 temere
790 556 834 584 se
859 541 1066 584 trecentis
1094 539 1408 595 quinquaginta

0 603 4 668 ,i
58 607 263 660 quattuor
289 604 437 645 diebus
459 602 679 645 ordinasse
701 616 859 643 annum
882 624 932 630 -
956 600 1160 654 quoniam
1181 602 1409 652 appareret

0 669 40 723 lio
58 665 110 706 de
142 663 245 706 solis
278 677 418 716 cursu,
449 660 758 717 qui-trecentis
791 659 1016 714 sexaginta
1044 658 1231 712 quinque
1257 657 1409 698 diebus

0 726 4 779 J
59 727 103 765 et
135 722 370 778 quadrante
402 721 621 763 zodiacum
648 719 830 772 conficit,
862 718 1007 759 deesse
1034 731 1146 759 anno
1173 730 1250 758 suo
1275 715 1410 757 unde—

0 781 4 848 ξ
59 782 143 824 cim
176 781 265 823 dies
305 784 347 822 et
379 780 660 835 quadrantem
692 802 748 808 -—
780 777 1059 819 intercalares
1093 778 1208 817 stata
1238 775 1408 817 ratione

0 862 3 906 2
60 839 291 883 commenti
322 842 434 894 sunt,
465 839 528 880 ita
558 840 607 880 ut
638 840 790 879 octauo
822 850 991 891 quoque
1023 850 1137 877 anno
1168 834 1408 888 nonaginta

0 908 4 947 ὲ
59 900 168 954 dies,
206 913 256 940 ex
288 898 444 952 quibus
474 900 562 939 tres
594 910 762 938 menses
794 896 1007 938 tricenum
1042 894 1207 936 dierum
1240 908 1409 949 compo-

0 976 43 1007 51⁵
60 961 250 1013 suerunt,
267 957 583 999 intercalarent.
626 955 669 997 id
690 954 844 997 Graeci
863 954 1070 1009 fecerunt,
1090 953 1295 1009 quoniam
1316 956 1408 994 erat
1425 954 1482 996 10

0 1017 5 1048 32
60 1031 287 1072 operosum
319 1019 445 1070 atque
478 1015 665 1067 difficile,
701 1014 900 1056 omnibus
933 1013 1058 1055 annis
1090 1011 1287 1054 undecim
1320 1011 1408 1053 dies

0 1075 5 1123 ἶ
59 1078 104 1118 et
147 1074 429 1131 quadrantem
473 1074 742 1116 intercalare.
814 1073 959 1128 itaque
1003 1072 1249 1113 maluerunt
1295 1071 1409 1112 hunc

0 1129 4 1181 ἱ
59 1148 283 1176 numerum
321 1134 452 1176 octies
490 1133 796 1187 multiplicare,
835 1134 878 1174 et
913 1131 1151 1187 nonaginta
1191 1130 1299 1185 dies,
1336 1130 1410 1185 qui

0 1202 5 1243 '3
60 1195 315 1247 nascuntur,
357 1193 395 1234 si
439 1192 652 1247 quadrans
697 1206 793 1234 cum
838 1191 988 1233 diebus
1032 1190 1232 1232 undecim
1276 1190 1409 1231 octies

10 1270 44 1296 20
62 1254 354 1307 componatur,
379 1251 567 1292 inserere
592 1251 637 1292 in
657 1253 746 1292 tres
765 1265 948 1305 menses,
974 1252 1022 1291 ut
1042 1249 1240 1304 diximus,
1265 1248 1408 1290 distri-

4 1357 5 1365 }
61 1311 266 1353 buendos.
320 1309 400 1351 hos
433 1309 523 1351 dies
555 1309 916 1364 ὑπερβαίνοντας,
947 1323 1115 1350 menses
1147 1322 1250 1350 uero
1283 1305 1409 1363 ἐμβο-

62 1371 218 1424 λίμους
262 1367 589 1423 appellitabant.
657 1368 772 1410 hunc
816 1381 919 1422 ergo
965 1367 1158 1409 ordinem
1200 1366 1409 1408 Romanis
1427 1369 1479 1410 ii

0 1402 5 1484 Ε
63 1442 231 1483 quoque
268 1427 431 1469 imitari
467 1427 649 1482 placuit,
687 1427 762 1468 sed
791 1426 970 1479 frustra,
1002 1426 1161 1480 quippe
1191 1425 1305 1481 fugit
1336 1440 1409 1468 eos

63 1487 175 1528 diem
203 1501 349 1540 unum,
381 1486 491 1528 sicut
516 1501 646 1540 supra
672 1485 985 1539 admonuimus,
1017 1485 1210 1526 additum
1236 1499 1261 1526 a
1287 1499 1331 1527 se
1357 1485 1410 1526 ad

10 1564 44 1590 2⁵
64 1545 274 1588 Graecum
311 1559 537 1587 numerum
575 1546 620 1586 in
656 1545 865 1587 honorem
901 1544 1079 1598 imparis
1117 1543 1298 1586 numeri.
1361 1559 1411 1586 ea

61 1619 108 1646 re
138 1618 216 1659 per
247 1603 491 1646 octennium
522 1603 750 1645 conuenire
782 1618 986 1645 numerus
1026 1606 1155 1658 atque
1188 1602 1291 1645 ordo
1323 1618 1409 1645 non

61 1666 244 1719 poterat.
307 1663 380 1705 sed
417 1662 608 1704 nondum
644 1663 726 1705 lioc
765 1677 908 1704 errore
945 1664 1165 1717 comperto
1204 1676 1280 1716 per
1312 1665 1408 1704 octo
1428 1664 1484 1705 12

62 1736 197 1764 annos
217 1721 456 1777 nonaginta
474 1722 598 1777 quasi
615 1721 981 1776 superfimdendos
997 1720 1259 1763 Graecorum
1274 1736 1410 1763 exem-

5 1795 7 1802 ‘
62 1781 135 1836 plo
168 1781 480 1836 computabant
504 1781 608 1836 dies,
639 1781 900 1835 alternisque
927 1795 1064 1822 annos
1090 1780 1204 1822 binis
1231 1783 1274 1822 et
1298 1781 1411 1822 uice-

11 1854 159 1891 aonos,
197 1840 370 1881 alternis
402 1842 549 1882 ternos
581 1841 837 1895 uicenosque
869 1840 1175 1882 intercalantes
1209 1854 1411 1895 expensa-

158 1937 176 1967 i
204 1932 332 1967 decem
351 1931 381 1966 δι
399 1931 550 2013 ΓΘΡΡΈΠ]
584 1933 622 1967 b:
654 1932 782 1967 decem
808 1931 1022 1977 septemque
1043 1943 1083 1977 p,
1116 1932 1243 1967 decem
1269 1932 1410 1977 septem

61 1979 142 2016 BP
224 1983 244 2014 2
270 1979 457 2015 febroariu
498 1979 579 2014 BP
660 1984 681 2014 3
708 1979 907 2014 diminutio
932 1980 952 2015 b
1034 1983 1053 2014 7
1080 1979 1350 2015 constituerunt
1372 1980 1410 2015 B

110 2031 131 2063 8
157 2029 203 2061 οῦ
226 2027 268 2061 in
291 2037 364 2061 ras.
391 2027 432 2061 in
456 2027 493 2061 Β
572 2026 753 2062 tricentos
774 2026 992 2070 sexaquinta
1015 2025 1061 2061 B‘
1139 2031 1180 2061 11
1207 2027 1410 2062 *undecim

63 2073 101 2108 P
187 2078 230 2108 12
256 2073 504 2109 interkalares
525 2074 562 2109 Β
654 2077 697 2108 15
722 2073 994 2109 interkalarent
1017 2074 1054 2109 B
1146 2078 1189 2108 16
1216 2074 1410 2119 operosum

63 2122 144 2156 erat
168 2121 205 2156 P
294 2125 335 2156 17
362 2120 588 2156 interkalare
615 2122 659 2165 P,
685 2121 906 2156 inter-calere
930 2118 976 2156 B'
1064 2125 1108 2156 21
1134 2122 1408 2157 ΠΕΡΒΔΙΝΟΝ-

62 2169 148 2204 ΤΛ(
171 2168 208 2203 Β
281 2168 572 2203 ΕΜΒΟΛΙΕΜΟΕ
596 2169 633 2203 Ρ
702 2171 748 2203 24
773 2179 887 2203 unum
914 2168 1011 2203 diem
1035 2168 1072 2203 P
1142 2168 1416 2205 ammonuimus

66 2214 104 2249 P
172 2226 194 2250 a
219 2214 254 2250 se
279 2215 331 2250 B:
358 2215 430 2251 esse
458 2216 494 2250 P
563 2218 608 2250 25
634 2215 776 2260 inparis
795 2216 832 2251 Β
903 2219 949 2251 28
977 2215 1147 2261 exemplo
1173 2227 1240 2252 om.
1264 2216 1312 2251 P‘
1365 2221 1411 2251 30

65 2263 104 2297 et
126 2261 279 2298 uicenos
299 2263 335 2297 P
403 2261 676 2298 interkalantes
695 2263 732 2297 P

1080 2322 1126 2358 5*
