1526 2444
498 58 546 102 ,ΙΙ
570 61 708 94 12-17
746 57 799 93 111
825 59 915 92 1—2
1301 51 1384 95 167

39 172 88 212 ut
113 169 282 211 uitula
307 168 461 210 dixerit
491 181 570 223 pro
595 165 932 220 uitulatione,
968 163 1081 220 quod
1107 176 1266 206 nomen
1293 175 1387 203 esse

41 227 220 270 sacrifici
276 227 331 270 ob
386 227 598 269 laetitiam
658 225 765 268 faeti
821 224 1014 280 superius
1070 220 1386 277 expressimus?

40 286 360 329 meminerimus
392 289 539 328 tamen
571 285 631 327 sie
661 284 891 340 legendum
921 297 998 338 per
1030 282 1266 324 ablatiuum
1403 282 1457 324 16

307 383 403 411 cum
434 368 592 411 faciam
622 367 762 409 uitula
793 381 871 422 pro
902 365 1122 421 frugibus,

3 451 85 494 uid
123 454 188 493 est
226 466 322 493 cum
358 450 516 493 faciam
553 465 645 492 rem
682 449 876 492 diuinam
907 462 994 490 non
1027 461 1107 489 oue
1138 460 1227 489 non
1259 459 1389 500 capra

42 510 116 552 sed
142 510 293 564 ustula,
323 512 549 565 tamquam
575 509 690 551 dieat
716 508 835 550 ‘cum
866 507 1047 550 uitulam
1079 520 1159 560 pro
1191 504 1389 560 frugibus

42 567 361 612 sacrifieauero'
398 569 510 623 quod
549 571 615 610 est
654 568 770 610 ‘eum
809 567 948 609 uitula
985 580 1075 607 rem
1107 564 1299 606 diuinam
1330 562 1390 604 fe-

41 642 139 672 cero
149 627 174 669 '.
222 628 468 683 pontificem
493 627 671 670 Aenean
696 627 767 668 uel
793 640 844 668 ex
868 625 1042 667 nomine
1066 622 1388 665 referendorum
1406 624 1459 665 17

40 687 238 729 laborum
264 687 353 729 eius
381 687 581 729 ostendit.
640 684 918 742 pontificibus
945 682 1059 725 enim
1084 682 1296 736 permissa
1322 682 1390 722 est

0 758 26 787 ιο
43 748 238 801 potestas
277 746 528 788 memoriam
565 759 707 787 rerum
744 746 966 799 gestarum
1006 741 1052 783 in
1082 741 1256 783 tabulas
1289 754 1392 782 eon-

42 804 217 856 ferendi,
250 808 293 847 et
318 805 398 847 hos
425 804 638 847 annales
665 803 888 858 appellant
914 800 1111 856 equidem
1143 799 1391 841 maximos

43 864 167 919 quasi
218 878 242 905 a
284 863 631 918 pontificibus
680 861 914 904 maximis
957 860 1109 902 factos.
1182 858 1294 900 unde
1338 872 1392 899 ex

42 936 226 978 persona
257 923 428 965 Aeneae
460 922 522 964 ait

102 1007 146 1047 et
176 1007 303 1047 uacat
335 1005 511 1047 annales
543 1006 767 1046 tantorum
800 1001 945 1045 audire
976 1001 1184 1043 laborum.

0 1098 27 1128 ιε
163 1086 223 1129 Et
266 1086 365 1143 quia
407 1087 521 1129 inter
565 1087 737 1128 decreta
779 1084 1035 1140 pontificum
1077 1082 1160 1125 hoe
1203 1081 1463 1126 maximeIII

45 1146 274 1201 quaeritur,
300 1145 402 1201 quid
430 1160 646 1201 sacrum,
677 1145 778 1200 quid
808 1143 1097 1200 profanum,
1124 1141 1228 1196 quid
1248 1154 1392 1183 sane-

44 1207 169 1260 tum,
196 1205 297 1259 quid
316 1205 636 1260 religiosum,
662 1203 964 1259 quaerendum,
988 1205 1133 1243 utrum
1152 1201 1224 1242 hic
1244 1214 1392 1242 seeun-

46 1263 146 1305 dum
179 1264 472 1306 definitionem
505 1279 626 1306 suam
657 1262 878 1318 Vergilius
909 1276 1012 1304 usus
1045 1260 1103 1302 sit
1134 1262 1178 1302 et
1209 1258 1393 1314 singulis

45 1322 246 1365 uocabuli
279 1322 344 1365 sui
375 1323 683 1378 proprietatem
715 1336 833 1364 more
866 1335 942 1363 suo
975 1319 1226 1362 seruauerit.

0 1396 29 1423 ιο
165 1379 373 1424 Sacrum
419 1384 512 1436 est,
554 1384 604 1423 ut
646 1380 911 1423 TREBATIVS
954 1389 1096 1420 LIBRO
1140 1388 1285 1420 PRmo
1329 1380 1435 1422 DE2

45 1451 375 1484 RELIGIONIBVS
417 1441 569 1492 refert,
613 1439 855 1495 quiequid
898 1440 975 1480 est
1015 1437 1146 1492 quod
1187 1437 1395 1478 deorum

45 1499 279 1542 habetur.
339 1500 466 1542 huius
493 1499 753 1541 definitionis
778 1499 907 1553 poeta
932 1510 1097 1539 memor
1120 1495 1197 1537 ubi
1224 1509 1396 1537 sacrum

45 1559 298 1614 nominauit,
324 1559 666 1601 admonitionem
686 1558 862 1600 deorum
881 1570 1018 1612 paene
1044 1569 1213 1610 semper
1239 1553 1397 1596 adiecit

107 1655 228 1684 sacra
258 1641 478 1683 Dionaeae
509 1642 638 1683 matri
670 1640 866 1696 diuisque
897 1638 1102 1681 ferebam.

0 1724 28 1782 ts
45 1723 149 1766 item

0 1803 1 1815 ¹
108 1821 232 1849 saera
262 1806 357 1849 Ioui
388 1805 555 1864 Stygio,
587 1821 697 1863 quae
727 1806 810 1848 rite
842 1806 1014 1860 incepta
1044 1802 1265 1858 parabam.

144 1920 188 1951 14
212 1916 303 1953 Aen.
330 1917 347 1952 I
372 1922 440 1954 373
515 1922 560 1953 24
585 1917 634 1953 ib.
660 1916 713 1951 III
740 1920 784 1952 19
858 1919 903 1950 26
929 1914 968 1949 ib
993 1913 1063 1949 IIII
1089 1916 1157 1949 638

142 2022 163 2053 6
190 2017 310 2054 uitula
334 2018 355 2053 b
429 2022 448 2053 7
475 2017 726 2054 sacrlflcarero
752 2016 800 2052 B'
868 2019 890 2051 8
913 2014 1132 2060 pontlfieem
1160 2032 1202 2038 --
1229 2015 1250 2046 9
1277 2010 1396 2047 osten-

49 2064 106 2100 ‹ht
128 2075 196 2100 om.
222 2065 259 2100 P
345 2067 390 2099 14
414 2067 525 2100 uacat
550 2065 620 2110 bP,
646 2065 760 2100 uocat
783 2063 819 2098 B
918 2066 962 2097 16
988 2060 1079 2106 quid
1103 2059 1301 2106 profanum
1326 2069 1395 2094 om.

49 2111 133 2156 BP,
158 2113 234 2148 add
257 2123 383 2157 mar-90
407 2114 483 2148 cod.
511 2112 824 2158 Cantabriqiensis
893 2113 937 2145 18
963 2107 1136 2153 mrgssmr
1157 2108 1194 2142 B
1263 2110 1306 2141 19
1335 2107 1396 2140 suo

16 2206 18 2209 ξ
49 2169 151 2194 more
179 2160 217 2194 P
310 2163 356 2195 20
382 2159 436 2195 eft
460 2170 526 2196 om.
553 2157 599 2194 B'
702 2158 869 2195 **hbr0
896 2157 932 2192 P
1032 2159 1076 2190 21
1103 2153 1320 2200 reglombus
1344 2152 1395 2188 P'

51 2206 233 2251 qmdqmd
256 2205 303 2241 B'
389 2211 434 2243 23
460 2208 772 2242 autmomtionem
796 2204 842 2240 B'
927 2207 973 2239 24
998 2202 1130 2250 dionee
1156 2202 1194 2237 P
1269 2199 1398 2235 diuis*

51 2264 123 2297 que
146 2253 349 2291 ferebam*
373 2254 411 2289 P
471 2254 643 2290 ferebant
665 2254 686 2290 b
754 2257 799 2289 26
824 2251 922 2288 1ouis
942 2248 988 2286 B'
1056 2249 1180 2297 stilgm
1200 2249 1269 2293 Pb,
1293 2248 1399 2293 togio

51 2299 89 2336 B
158 2303 333 2348 incoepta
355 2302 393 2337 P
