1526 2444
200 59 284 100 618
497 58 644 93 COMM.
670 58 722 93 IN
748 57 889 93 SOMN.
915 57 1025 94 SCIP.
1049 58 1177 93 LIBRI
1195 59 1228 93 ΙΙ

159 165 185 206 8
203 166 436 218 procreata,
467 163 574 205 nihil
605 164 867 217 praeclarum
898 164 942 205 in
971 163 1103 205 libros
1133 165 1314 206 relatum
1344 166 1420 207 est.
1479 167 1516 209 si

199 222 311 263 enim
348 222 401 263 ab
438 220 578 275 initio,
615 221 744 262 immo
782 223 878 262 ante
915 221 1082 263 initium
1119 222 1200 263 fuit
1236 223 1433 277 mundus,
1468 226 1517 266 ut

198 279 441 333 philosophi
466 279 627 328 uolunt,
658 292 730 319 cur
761 293 835 333 per
859 279 1210 321 innumerabilem
1243 281 1395 322 seriem
1425 295 1514 322 sae-

198 338 387 378 culorum
411 350 496 378 non
520 336 657 377 fuerat
683 337 831 390 cultus,
857 350 939 389 quo
964 351 1075 378 nunc
1094 338 1262 391 utimur,
1286 338 1513 380 inuentus?

197 408 283 436 non
308 395 547 435 litterarum
571 408 685 447 usuS,
710 408 792 448 quo
819 394 909 435 solo
935 395 1162 436 memoriae
1185 394 1357 436 fulcitur
1383 398 1514 438 aeter-

198 452 338 493 nitas?
389 466 461 493 cur
504 451 682 505 denique
718 451 948 492 multarum
985 465 1125 493 rerum
1162 453 1420 507 experientia
1463 454 1514 495 ad

197 509 358 563 aliquas
392 512 537 564 gentes
574 509 730 550 recenti
770 511 908 550 aetate
946 510 1156 562 peruenit,
1191 513 1239 551 ut
1276 524 1369 552 ecce
1401 510 1514 553 Galli

197 567 327 608 uitem
367 568 432 608 uel
471 567 629 608 cultum
668 567 782 608 oleae
813 566 950 608 Roma
985 567 1071 608 iam
1110 567 1375 609 adulescente
1413 569 1514 610 didi-

198 627 359 676 cerunt,
397 625 503 666 aliae
535 638 635 665 uero
667 628 813 678 gentes
845 624 981 666 adhue
1010 626 1142 665 multa
1172 625 1377 680 nesciunt,
1407 640 1512 680 quae

155 682 318 724 9nobis
350 683 523 723 inuenta
547 682 822 735 placuerunt?
872 683 974 723 haec
1006 683 1147 724 omnia
1171 683 1365 724 uidentur
1384 687 1512 725 aeter-

195 740 319 781 nitati
345 755 486 781 rerum
511 753 760 794 repugnare,
786 740 883 780 dum
910 740 1074 794 opinari
1093 754 1170 781 nos
1195 742 1367 794 faciunt,
1397 746 1512 783 certo

195 798 342 838 mundi
382 797 589 851 principio
633 798 838 850 paulatim
877 797 1045 852 singula
1082 812 1270 852 quaeque
1313 799 1511 853 coepisse.

196 856 267 896 sed
298 856 500 896 mundum
527 856 694 909 quidem
718 855 848 896 fuisse
879 869 1044 909 semper
1067 855 1335 909 philosophia
1367 860 1513 898 auctor

196 915 260 954 est
290 914 505 954 conditore
550 912 719 967 quidem
757 913 852 965 deo,
895 912 968 953 sed
1004 927 1089 953 non
1133 928 1181 954 ex
1223 916 1431 968 tempore,
1475 915 1511 955 si

194 970 361 1024 quidem
398 973 563 1024 tempus
602 973 700 1011 ante
737 970 939 1010 mundum
977 984 1068 1011 esse
1099 985 1183 1011 non
1220 972 1377 1025 potuit,
1414 986 1508 1013 cum

192 1027 299 1069 nihil
331 1028 442 1068 aliud
467 1031 661 1081 tempora
691 1027 773 1068 nisi
803 1041 951 1068 cursus
983 1027 1083 1068 solis
1116 1028 1284 1081 afficiat,
1312 1043 1378 1070 res
1408 1043 1509 1071 uero

191 1085 402 1127 humanae
445 1100 494 1127 ex
530 1088 650 1140 parte
686 1085 871 1126 maxima
914 1099 1038 1139 saepe
1082 1085 1280 1127 occidunt
1316 1090 1510 1128 manente

193 1143 368 1196 mundo,
407 1146 448 1184 et
484 1158 628 1184 rursus
660 1143 852 1184 oriuntur
892 1143 960 1184 uel
998 1143 1193 1185 eluuione
1225 1143 1411 1185 uicissim
1441 1145 1509 1186 uel

125 1200 181 1242 10
195 1201 415 1242 exustione
464 1201 675 1243 redeunte.
754 1201 871 1242 cuius
919 1201 1220 1242 uicissitudinis
1268 1215 1394 1244 causa
1439 1203 1507 1243 uel

191 1259 422 1300 necessitas
458 1259 556 1300 talis
595 1261 668 1300 est.
735 1259 878 1313 ignem
915 1258 1144 1300 aetherium
1183 1258 1348 1313 physici
1382 1260 1507 1301 tradi-

193 1316 344 1357 derunt
373 1316 550 1358 humore
574 1316 740 1370 nutriri,
771 1316 1010 1357 adserentes
1042 1316 1134 1358 ideo
1162 1317 1239 1358 sub
1272 1330 1378 1357 zona
1402 1317 1507 1359 caeli

190 1376 545 1428 perusta,‘quam
582 1375 653 1415 uia
689 1375 808 1427 solis,
846 1374 889 1414 id
927 1377 992 1415 est
1027 1374 1237 1425 zodiacus,
1275 1375 1506 1428 occupauit,

192 1431 415 1485 Oceanum,
447 1432 555 1474 sieut
586 1446 712 1485 supra
735 1432 1046 1486 descripsimus,
1076 1447 1102 1473 a
1129 1434 1282 1473 natura
1309 1433 1507 1486 locatum,

190 1492 238 1530 ut
269 1490 406 1531 omnis
448 1489 647 1543 latitudo,
689 1504 817 1544 quam
854 1490 918 1531 sol
956 1504 1048 1531 cum
1086 1490 1268 1544 quinque
1307 1490 1428 1544 uagis
1465 1494 1508 1532 et

191 1548 291 1589 luna
315 1548 426 1589 ultro
453 1548 640 1601 citroque
660 1547 912 1601 discurrunt,
936 1547 1093 1589 habeat
1118 1547 1296 1589 subiecti
1320 1547 1506 1590 humoris

122 1605 173 1646 11
191 1605 445 1647 alimoniam.
506 1607 548 1646 et
578 1605 659 1647 hoc
690 1619 782 1646 esse
811 1605 979 1658 uolunt,
1010 1605 1122 1659 quod
1153 1605 1373 1660 Homerus,
1404 1606 1507 1648 diui-

189 1677 338 1704 narum
365 1663 553 1705 omnium
578 1663 872 1704 inuentionum
897 1663 993 1704 fons
1020 1665 1062 1704 et
1088 1663 1221 1717 origo,
1251 1663 1327 1704 sub
1351 1665 1509 1716 poetici

187 1721 299 1762 nube
323 1721 518 1775 figmenti
542 1735 688 1762 uerum
715 1721 975 1775 sapientibus
995 1721 1185 1775 intellegi
1211 1720 1337 1774 dedit,
1362 1721 1508 1764 Iouem

189 1793 284 1819 cum
316 1779 380 1820 dis
412 1777 575 1832 ceteris,
604 1778 646 1819 id
678 1781 743 1820 est
772 1792 866 1819 cum
898 1778 1043 1832 stellis,
1073 1778 1306 1832 profectum
1338 1779 1382 1819 in
1407 1778 1508 1822 Oce-

189 1850 315 1877 anum
353 1836 635 1890 Aethiopibus
678 1851 772 1878 eum
811 1836 863 1877 ad
900 1836 1044 1890 epulas
1079 1835 1371 1878 inuitantibus.
1430 1852 1526 1892 per:

188 1907 314 1948 quam
374 1895 602 1949 imaginem
665 1894 905 1936 fabulosam
958 1893 1189 1935 Homerum
1245 1893 1506 1949 significasse

187 1952 353 2002 uolunt,
383 1952 544 1993 hauriri
581 1952 630 1993 de
666 1953 842 1993 humore
878 1952 1136 1993 nutrimenta
1173 1951 1396 2006 sideribus,
1434 1954 1507 2007 qui

281 2069 301 2100 3
326 2064 496 2110 phllophl
519 2066 556 2100 B
642 2065 964 2100 innumerabilium
982 2065 1019 2100 P
1102 2069 1124 2100 4
1147 2076 1217 2100 nuc
1241 2064 1289 2100 P'
1373 2069 1394 2100 9
1419 2077 1505 2102 uero

187 2122 251 2147 om.
278 2108 322 2146 B'
415 2115 457 2147 12
484 2111 616 2168 cepisse
642 2112 678 2146 B
768 2114 810 2145 13
835 2110 1028 2156 phlloph1a
1052 2112 1089 2147 B
1177 2114 1221 2146 14
1245 2111 1298 2147 set
1322 2112 1359 2147 Β
1445 2112 1507 2148 sed

187 2157 295 2201 quide
320 2161 360 2192 ut
384 2159 460 2193 uid.
486 2159 523 2193 P
649 2161 691 2192 18
716 2157 826 2192 mudo
852 2155 899 2192 P'
1007 2160 1052 2192 20
1075 2158 1218 2203 phisierJ
1247 2158 1292 2202 P,
1316 2157 1444 2202 phifiel
1469 2160 1526 2194 Β·

163 2220 166 2223 Δ
186 2208 229 2238 21
256 2203 453 2239 asserentes
476 2205 546 2240 PB
616 2207 662 2239 24
679 2216 703 2250 p
724 2209 797 2248 qua
815 2204 852 2239 P
918 2207 963 2238 26
983 2204 1127 2239 omerus
1143 2201 1192 2239 P'
1263 2208 1306 2239 2⁷
1326 2206 1441 2249 petrei
1458 2204 1506 2241 P·

154 2269 158 2273 -
186 2254 230 2285 32
256 2261 367 2285 aurm
390 2251 426 2285 B
