<?xml version="1.0" encoding="UTF-8"?>
<!DOCTYPE html PUBLIC "-//W3C//DTD XHTML 1.0 Transitional//EN"
    "http://www.w3.org/TR/xhtml1/DTD/xhtml1-transitional.dtd">
<html xmlns="http://www.w3.org/1999/xhtml" xml:lang="en" lang="en">
 <head>
  <title>
</title>
<meta http-equiv="Content-Type" content="text/html;charset=utf-8" />
  <meta name='ocr-system' content='tesseract 3.04.00' />
  <meta name='ocr-capabilities' content='ocr_page ocr_carea ocr_par ocr_line ocrx_word'/>
</head>
<body>
  <div class='ocr_page' id='page_1' title='image "./macrobiusfrancis00macruoft_0387.png"; bbox 0 0 1526 2444; ppageno 0'>
   <div class='ocr_carea' id='block_1_1' title="bbox 517 61 1395 104">
    <p class='ocr_par' dir='ltr' id='par_1_1' title="bbox 517 61 1395 104">
     <span class='ocr_line' id='line_1_1' title="bbox 517 61 1395 104; baseline 0.003 -3"><span class='ocrx_word' id='word_1_1' title='bbox 517 64 570 101; x_wconf 85' lang='grc' dir='ltr'>ΠΙ</span> <span class='ocrx_word' id='word_1_2' title='bbox 594 68 686 102; x_wconf 81' lang='grc'>5-9</span> <span class='ocrx_word' id='word_1_3' title='bbox 723 63 793 100; x_wconf 86' lang='lat'>1111</span> <span class='ocrx_word' id='word_1_4' title='bbox 819 68 909 100; x_wconf 80' lang='lat'>1—2</span> <span class='ocrx_word' id='word_1_5' title='bbox 1305 61 1395 104; x_wconf 81' lang='lat'>375</span> 
     </span>
    </p>
   </div>
   <div class='ocr_carea' id='block_1_2' title="bbox 103 169 1388 290">
    <p class='ocr_par' dir='ltr' id='par_1_2' title="bbox 103 169 1388 290">
     <span class='ocr_line' id='line_1_2' title="bbox 104 169 1142 230; baseline -0.003 -13"><span class='ocrx_word' id='word_1_6' title='bbox 104 175 238 230; x_wconf 77' lang='grc' dir='ltr'><strong><em>ὤμοις</em></strong></span> <span class='ocrx_word' id='word_1_7' title='bbox 268 173 515 218; x_wconf 82' lang='grc' dir='ltr'><em>ἀίσσονται·</em></span> <span class='ocrx_word' id='word_1_8' title='bbox 547 174 570 217; x_wconf 90' lang='grc' dir='ltr'>ὁ</span> <span class='ocrx_word' id='word_1_9' title='bbox 604 169 643 216; x_wconf 85' lang='grc' dir='ltr'>δ’</span> <span class='ocrx_word' id='word_1_10' title='bbox 674 172 887 229; x_wconf 79' lang='grc' dir='ltr'><em>ἀγλαίῃφι</em></span> <span class='ocrx_word' id='word_1_11' title='bbox 918 171 1142 222; x_wconf 78' lang='grc' dir='ltr'><strong><em>πεποιθώς</em></strong></span> 
     </span>
     <span class='ocr_line' id='line_1_3' title="bbox 103 230 1388 290; baseline -0.004 -13"><span class='ocrx_word' id='word_1_12' title='bbox 103 233 243 290; x_wconf 80' lang='grc' dir='ltr'><em>ῥίμφα</em></span> <span class='ocrx_word' id='word_1_13' title='bbox 269 231 291 276; x_wconf 82' lang='grc' dir='ltr'><em>ἑ</em></span> <span class='ocrx_word' id='word_1_14' title='bbox 315 240 454 289; x_wconf 81' lang='grc' dir='ltr'><em>γοῦνα</em></span> <span class='ocrx_word' id='word_1_15' title='bbox 480 231 606 289; x_wconf 77' lang='grc' dir='ltr'><em>φέρει</em></span> <span class='ocrx_word' id='word_1_16' title='bbox 630 233 737 288; x_wconf 81' lang='grc' dir='ltr'><em>μετά</em></span> <span class='ocrx_word' id='word_1_17' title='bbox 762 230 798 275; x_wconf 84' lang='grc' dir='ltr'>τ’</span> <span class='ocrx_word' id='word_1_18' title='bbox 824 233 939 287; x_wconf 79' lang='grc' dir='ltr'><em>ἤθεα</em></span> <span class='ocrx_word' id='word_1_19' title='bbox 964 230 1036 274; x_wconf 83' lang='grc' dir='ltr'>καὶ</span> <span class='ocrx_word' id='word_1_20' title='bbox 1061 231 1201 286; x_wconf 86' lang='grc' dir='ltr'>νομὸν</span> <span class='ocrx_word' id='word_1_21' title='bbox 1227 230 1388 272; x_wconf 77' lang='grc' dir='ltr'><strong><em>ἵππων.</em></strong></span> 
     </span>
    </p>
   </div>
   <div class='ocr_carea' id='block_1_3' title="bbox 41 312 1433 359">
    <p class='ocr_par' dir='ltr' id='par_1_3' title="bbox 41 312 1433 359">
     <span class='ocr_line' id='line_1_4' title="bbox 41 312 1433 359; baseline 0.002 -2"><span class='ocrx_word' id='word_1_22' title='bbox 41 314 207 358; x_wconf 84' lang='lat' dir='ltr'>Ennius</span> <span class='ocrx_word' id='word_1_23' title='bbox 238 316 339 359; x_wconf 91' lang='lat' dir='ltr'>hinc</span> <span class='ocrx_word' id='word_1_24' title='bbox 370 316 503 358; x_wconf 88' lang='lat' dir='ltr'>traxit</span> <span class='ocrx_word' id='word_1_25' title='bbox 830 347 835 351; x_wconf 75' lang='lat'><em>‚</em></span> <span class='ocrx_word' id='word_1_26' title='bbox 1405 312 1433 355; x_wconf 83' lang='lat'>8</span> 
     </span>
    </p>
   </div>
   <div class='ocr_carea' id='block_1_4' title="bbox 0 383 1457 1727">
    <p class='ocr_par' dir='ltr' id='par_1_4' title="bbox 0 383 1457 1727">
     <span class='ocr_line' id='line_1_5' title="bbox 99 383 1244 442; baseline -0.003 -13"><span class='ocrx_word' id='word_1_27' title='bbox 99 388 142 428; x_wconf 91' lang='lat' dir='ltr'>et</span> <span class='ocrx_word' id='word_1_28' title='bbox 172 388 265 428; x_wconf 89' lang='lat' dir='ltr'>tum</span> <span class='ocrx_word' id='word_1_29' title='bbox 297 387 407 429; x_wconf 89' lang='lat' dir='ltr'>sicut</span> <span class='ocrx_word' id='word_1_30' title='bbox 439 400 571 442; x_wconf 89' lang='lat' dir='ltr'>equus</span> <span class='ocrx_word' id='word_1_31' title='bbox 605 386 677 441; x_wconf 91' lang='lat' dir='ltr'>qui</span> <span class='ocrx_word' id='word_1_32' title='bbox 709 386 760 427; x_wconf 90' lang='lat' dir='ltr'>de</span> <span class='ocrx_word' id='word_1_33' title='bbox 792 385 1070 441; x_wconf 84' lang='lat' dir='ltr'>praesepibus</span> <span class='ocrx_word' id='word_1_34' title='bbox 1104 383 1244 427; x_wconf 86' lang='lat' dir='ltr'>fartus</span> 
     </span>
     <span class='ocr_line' id='line_1_6' title="bbox 2 443 1162 501; baseline -0.003 -13"><span class='ocrx_word' id='word_1_35' title='bbox 2 462 19 488; x_wconf 84' lang='lat'><strong>5</strong></span> <span class='ocrx_word' id='word_1_36' title='bbox 98 445 243 488; x_wconf 88' lang='lat' dir='ltr'>uincla</span> <span class='ocrx_word' id='word_1_37' title='bbox 275 445 362 488; x_wconf 88' lang='lat' dir='ltr'>suis</span> <span class='ocrx_word' id='word_1_38' title='bbox 393 446 563 501; x_wconf 83' lang='lat' dir='ltr'>magnis</span> <span class='ocrx_word' id='word_1_39' title='bbox 596 444 751 487; x_wconf 89' lang='lat' dir='ltr'>animis</span> <span class='ocrx_word' id='word_1_40' title='bbox 785 444 960 499; x_wconf 78' lang='lat' dir='ltr'><strong>abrupit</strong></span> <span class='ocrx_word' id='word_1_41' title='bbox 991 446 1032 486; x_wconf 84' lang='lat' dir='ltr'>et</span> <span class='ocrx_word' id='word_1_42' title='bbox 1063 443 1162 486; x_wconf 90' lang='lat' dir='ltr'>inde</span> 
     </span>
     <span class='ocr_line' id='line_1_7' title="bbox 96 503 1180 560; baseline -0.001 -15"><span class='ocrx_word' id='word_1_43' title='bbox 96 503 182 546; x_wconf 88' lang='lat' dir='ltr'>fert</span> <span class='ocrx_word' id='word_1_44' title='bbox 213 519 307 547; x_wconf 85' lang='lat' dir='ltr'>sese</span> <span class='ocrx_word' id='word_1_45' title='bbox 338 504 479 559; x_wconf 89' lang='lat' dir='ltr'>campi</span> <span class='ocrx_word' id='word_1_46' title='bbox 510 519 587 560; x_wconf 92' lang='lat' dir='ltr'>per</span> <span class='ocrx_word' id='word_1_47' title='bbox 619 503 791 547; x_wconf 85' lang='lat' dir='ltr'>caerula</span> <span class='ocrx_word' id='word_1_48' title='bbox 822 504 1023 559; x_wconf 84' lang='lat' dir='ltr'>laetaque</span> <span class='ocrx_word' id='word_1_49' title='bbox 1054 504 1180 558; x_wconf 90' lang='lat' dir='ltr'>prata</span> 
     </span>
     <span class='ocr_line' id='line_1_8' title="bbox 97 561 1316 619; baseline -0.002 -14"><span class='ocrx_word' id='word_1_50' title='bbox 97 563 211 606; x_wconf 87' lang='lat' dir='ltr'>celso</span> <span class='ocrx_word' id='word_1_51' title='bbox 242 566 436 619; x_wconf 86' lang='lat' dir='ltr'>pectore,</span> <span class='ocrx_word' id='word_1_52' title='bbox 469 577 595 619; x_wconf 84' lang='lat' dir='ltr'>saepe</span> <span class='ocrx_word' id='word_1_53' title='bbox 626 563 772 605; x_wconf 86' lang='lat' dir='ltr'>iubam</span> <span class='ocrx_word' id='word_1_54' title='bbox 806 565 983 618; x_wconf 86' lang='lat' dir='ltr'>quassat</span> <span class='ocrx_word' id='word_1_55' title='bbox 1015 562 1145 604; x_wconf 91' lang='lat' dir='ltr'>simul</span> <span class='ocrx_word' id='word_1_56' title='bbox 1178 561 1316 603; x_wconf 85' lang='lat' dir='ltr'>altam</span> 
     </span>
     <span class='ocr_line' id='line_1_9' title="bbox 96 621 1210 677; baseline -0.002 -13"><span class='ocrx_word' id='word_1_57' title='bbox 96 622 273 676; x_wconf 85' lang='lat' dir='ltr'>spiritus</span> <span class='ocrx_word' id='word_1_58' title='bbox 306 637 357 664; x_wconf 83' lang='lat' dir='ltr'>ex</span> <span class='ocrx_word' id='word_1_59' title='bbox 388 622 533 665; x_wconf 87' lang='lat' dir='ltr'>anima</span> <span class='ocrx_word' id='word_1_60' title='bbox 564 622 704 665; x_wconf 85' lang='lat' dir='ltr'>calida</span> <span class='ocrx_word' id='word_1_61' title='bbox 736 636 910 676; x_wconf 85' lang='lat' dir='ltr'>spumas</span> <span class='ocrx_word' id='word_1_62' title='bbox 945 621 1039 677; x_wconf 86' lang='lat' dir='ltr'>agit</span> <span class='ocrx_word' id='word_1_63' title='bbox 1073 621 1210 663; x_wconf 85' lang='lat' dir='ltr'>albas.</span> 
     </span>
     <span class='ocr_line' id='line_1_10' title="bbox 36 702 256 760; baseline 0.005 -14"><span class='ocrx_word' id='word_1_64' title='bbox 36 702 256 760; x_wconf 84' lang='lat' dir='ltr'>Vergilius</span> 
     </span>
     <span class='ocr_line' id='line_1_11' title="bbox 0 772 1157 830; baseline -0.002 -14"><span class='ocrx_word' id='word_1_65' title='bbox 0 791 17 817; x_wconf 89' lang='lat' dir='ltr'><strong>o</strong></span> <span class='ocrx_word' id='word_1_66' title='bbox 97 775 235 830; x_wconf 91' lang='lat' dir='ltr'>qualis</span> <span class='ocrx_word' id='word_1_67' title='bbox 267 775 342 817; x_wconf 91' lang='lat' dir='ltr'>ubi</span> <span class='ocrx_word' id='word_1_68' title='bbox 374 775 568 830; x_wconf 77' lang='lat' dir='ltr'>abruptis</span> <span class='ocrx_word' id='word_1_69' title='bbox 600 774 715 830; x_wconf 86' lang='lat' dir='ltr'>fugit</span> <span class='ocrx_word' id='word_1_70' title='bbox 744 773 972 828; x_wconf 88' lang='lat' dir='ltr'>praesepia</span> <span class='ocrx_word' id='word_1_71' title='bbox 1003 772 1157 815; x_wconf 82' lang='lat' dir='ltr'>uinclis</span> 
     </span>
     <span class='ocr_line' id='line_1_12' title="bbox 35 843 1428 899; baseline -0.001 -12"><span class='ocrx_word' id='word_1_72' title='bbox 35 848 77 887; x_wconf 91' lang='lat' dir='ltr'>et</span> <span class='ocrx_word' id='word_1_73' title='bbox 115 847 267 888; x_wconf 90' lang='lat' dir='ltr'>cetera.</span> <span class='ocrx_word' id='word_1_74' title='bbox 334 860 460 888; x_wconf 91' lang='lat' dir='ltr'>nemo</span> <span class='ocrx_word' id='word_1_75' title='bbox 499 859 551 887; x_wconf 84' lang='lat' dir='ltr'>ex</span> <span class='ocrx_word' id='word_1_76' title='bbox 587 845 670 887; x_wconf 93' lang='lat' dir='ltr'>hoc</span> <span class='ocrx_word' id='word_1_77' title='bbox 707 844 816 886; x_wconf 85' lang='lat' dir='ltr'>uiles</span> <span class='ocrx_word' id='word_1_78' title='bbox 854 846 977 899; x_wconf 91' lang='lat' dir='ltr'>putet</span> <span class='ocrx_word' id='word_1_79' title='bbox 1014 846 1182 886; x_wconf 89' lang='lat' dir='ltr'>ueteres</span> <span class='ocrx_word' id='word_1_80' title='bbox 1221 843 1428 899; x_wconf 86' lang='lat' dir='ltr'>poetas‚9</span> 
     </span>
     <span class='ocr_line' id='line_1_13' title="bbox 34 902 1389 958; baseline -0.001 -12"><span class='ocrx_word' id='word_1_81' title='bbox 34 904 148 958; x_wconf 89' lang='lat' dir='ltr'>quod</span> <span class='ocrx_word' id='word_1_82' title='bbox 185 918 333 946; x_wconf 87' lang='lat' dir='ltr'>uersus</span> <span class='ocrx_word' id='word_1_83' title='bbox 374 919 521 947; x_wconf 88' lang='lat' dir='ltr'>eorum</span> <span class='ocrx_word' id='word_1_84' title='bbox 554 904 696 947; x_wconf 83' lang='lat' dir='ltr'>scabri</span> <span class='ocrx_word' id='word_1_85' title='bbox 726 903 856 945; x_wconf 93' lang='lat' dir='ltr'>nobis</span> <span class='ocrx_word' id='word_1_86' title='bbox 887 902 1102 946; x_wconf 88' lang='lat' dir='ltr'>uidentur.</span> <span class='ocrx_word' id='word_1_87' title='bbox 1162 902 1240 945; x_wconf 88' lang='lat' dir='ltr'>ille</span> <span class='ocrx_word' id='word_1_88' title='bbox 1273 903 1389 945; x_wconf 89' lang='lat' dir='ltr'>enim</span> 
     </span>
     <span class='ocr_line' id='line_1_14' title="bbox 35 962 1389 1016; baseline 0 -12"><span class='ocrx_word' id='word_1_89' title='bbox 35 963 159 1005; x_wconf 86' lang='lat' dir='ltr'>stilus</span> <span class='ocrx_word' id='word_1_90' title='bbox 196 963 384 1006; x_wconf 84' lang='lat' dir='ltr'>Enniani</span> <span class='ocrx_word' id='word_1_91' title='bbox 422 963 581 1006; x_wconf 89' lang='lat' dir='ltr'>saeculi</span> <span class='ocrx_word' id='word_1_92' title='bbox 619 963 797 1006; x_wconf 90' lang='lat' dir='ltr'>auribus</span> <span class='ocrx_word' id='word_1_93' title='bbox 835 962 952 1005; x_wconf 89' lang='lat' dir='ltr'>solus</span> <span class='ocrx_word' id='word_1_94' title='bbox 990 962 1193 1016; x_wconf 72' lang='lat' dir='ltr'>placebat</span> <span class='ocrx_word' id='word_1_95' title='bbox 1231 965 1274 1004; x_wconf 88' lang='lat' dir='ltr'>et</span> <span class='ocrx_word' id='word_1_96' title='bbox 1313 962 1389 1004; x_wconf 88' lang='lat' dir='ltr'>diu</span> 
     </span>
     <span class='ocr_line' id='line_1_15' title="bbox 34 1021 1386 1077; baseline 0 -14"><span class='ocrx_word' id='word_1_97' title='bbox 34 1021 251 1064; x_wconf 86' lang='lat' dir='ltr'>laborauit</span> <span class='ocrx_word' id='word_1_98' title='bbox 294 1024 414 1065; x_wconf 87' lang='lat' dir='ltr'>aetas</span> <span class='ocrx_word' id='word_1_99' title='bbox 458 1024 621 1076; x_wconf 85' lang='lat' dir='ltr'>secuta,</span> <span class='ocrx_word' id='word_1_100' title='bbox 665 1024 714 1064; x_wconf 90' lang='lat' dir='ltr'>ut</span> <span class='ocrx_word' id='word_1_101' title='bbox 756 1021 897 1077; x_wconf 85' lang='lat' dir='ltr'>magis</span> <span class='ocrx_word' id='word_1_102' title='bbox 941 1021 1042 1063; x_wconf 90' lang='lat' dir='ltr'>huic</span> <span class='ocrx_word' id='word_1_103' title='bbox 1083 1021 1271 1064; x_wconf 87' lang='lat' dir='ltr'>molliori</span> <span class='ocrx_word' id='word_1_104' title='bbox 1310 1021 1386 1063; x_wconf 88' lang='lat' dir='ltr'>filo</span> 
     </span>
     <span class='ocr_line' id='line_1_16' title="bbox 0 1079 1389 1136; baseline -0.001 -12"><span class='ocrx_word' id='word_1_105' title='bbox 0 1097 16 1124; x_wconf 84' lang='lat'><strong>5</strong></span> <span class='ocrx_word' id='word_1_106' title='bbox 36 1080 392 1136; x_wconf 87' lang='lat' dir='ltr'>adquiesceretur.</span> <span class='ocrx_word' id='word_1_107' title='bbox 467 1081 542 1124; x_wconf 87' lang='lat' dir='ltr'>sed</span> <span class='ocrx_word' id='word_1_108' title='bbox 589 1081 770 1123; x_wconf 89' lang='lat' dir='ltr'>ulterius</span> <span class='ocrx_word' id='word_1_109' title='bbox 819 1095 908 1123; x_wconf 93' lang='lat' dir='ltr'>non</span> <span class='ocrx_word' id='word_1_110' title='bbox 951 1094 1098 1122; x_wconf 90' lang='lat' dir='ltr'>moror</span> <span class='ocrx_word' id='word_1_111' title='bbox 1143 1079 1389 1135; x_wconf 84' lang='lat' dir='ltr'>Caecinam,</span> 
     </span>
     <span class='ocr_line' id='line_1_17' title="bbox 33 1139 1386 1195; baseline 0.001 -14"><span class='ocrx_word' id='word_1_112' title='bbox 33 1140 136 1195; x_wconf 90' lang='lat' dir='ltr'>quin</span> <span class='ocrx_word' id='word_1_113' title='bbox 169 1142 212 1182; x_wconf 87' lang='lat' dir='ltr'>et</span> <span class='ocrx_word' id='word_1_114' title='bbox 241 1140 332 1194; x_wconf 87' lang='lat' dir='ltr'>ipse</span> <span class='ocrx_word' id='word_1_115' title='bbox 363 1140 529 1195; x_wconf 88' lang='lat' dir='ltr'>prodat,</span> <span class='ocrx_word' id='word_1_116' title='bbox 561 1155 670 1195; x_wconf 89' lang='lat' dir='ltr'>quae</span> <span class='ocrx_word' id='word_1_117' title='bbox 701 1139 899 1182; x_wconf 89' lang='lat' dir='ltr'>meminit</span> <span class='ocrx_word' id='word_1_118' title='bbox 930 1139 1158 1182; x_wconf 90' lang='lat' dir='ltr'>Maronem</span> <span class='ocrx_word' id='word_1_119' title='bbox 1190 1154 1241 1182; x_wconf 88' lang='lat' dir='ltr'>ex</span> <span class='ocrx_word' id='word_1_120' title='bbox 1274 1140 1386 1182; x_wconf 81' lang='lat' dir='ltr'>anti-</span> 
     </span>
     <span class='ocr_line' id='line_1_18' title="bbox 34 1198 529 1254; baseline 0.002 -14"><span class='ocrx_word' id='word_1_121' title='bbox 34 1198 199 1254; x_wconf 89' lang='lat' dir='ltr'>quitate</span> <span class='ocrx_word' id='word_1_122' title='bbox 230 1198 529 1241; x_wconf 88' lang='lat' dir='ltr'>transtulisse&#39;</span> 
     </span>
     <span class='ocr_line' id='line_1_19' title="bbox 151 1256 1457 1312; baseline -0.001 -12"><span class='ocrx_word' id='word_1_123' title='bbox 151 1257 261 1299; x_wconf 84' lang='lat' dir='ltr'>Tum</span> <span class='ocrx_word' id='word_1_124' title='bbox 292 1256 520 1300; x_wconf 83' lang='lat' dir='ltr'>Caecina</span> <span class='ocrx_word' id='word_1_125' title='bbox 524 1259 569 1300; x_wconf 89' lang='lat' dir='ltr'>in</span> <span class='ocrx_word' id='word_1_126' title='bbox 598 1258 795 1300; x_wconf 87' lang='lat' dir='ltr'>uersibus</span> <span class='ocrx_word' id='word_1_127' title='bbox 826 1257 897 1299; x_wconf 90' lang='lat' dir='ltr'>uel</span> <span class='ocrx_word' id='word_1_128' title='bbox 928 1257 975 1298; x_wconf 89' lang='lat' dir='ltr'>in</span> <span class='ocrx_word' id='word_1_129' title='bbox 1006 1257 1112 1300; x_wconf 87' lang='lat' dir='ltr'>locis</span> <span class='ocrx_word' id='word_1_130' title='bbox 1146 1256 1457 1312; x_wconf 86' lang='lat' dir='ltr'>quantumIIII</span> 
     </span>
     <span class='ocr_line' id='line_1_20' title="bbox 34 1316 1387 1373; baseline 0.001 -15"><span class='ocrx_word' id='word_1_131' title='bbox 34 1316 117 1358; x_wconf 91' lang='lat' dir='ltr'>sibi</span> <span class='ocrx_word' id='word_1_132' title='bbox 141 1316 264 1359; x_wconf 90' lang='lat' dir='ltr'>Maro</span> <span class='ocrx_word' id='word_1_133' title='bbox 294 1331 345 1358; x_wconf 83' lang='lat' dir='ltr'>ex</span> <span class='ocrx_word' id='word_1_134' title='bbox 371 1317 630 1373; x_wconf 72' lang='lat' dir='ltr'>antiquitate</span> <span class='ocrx_word' id='word_1_135' title='bbox 658 1316 930 1371; x_wconf 87' lang='lat' dir='ltr'>quaesiuerit,</span> <span class='ocrx_word' id='word_1_136' title='bbox 962 1316 1116 1358; x_wconf 86' lang='lat' dir='ltr'>Furius</span> <span class='ocrx_word' id='word_1_137' title='bbox 1142 1319 1191 1358; x_wconf 88' lang='lat' dir='ltr'>ut</span> <span class='ocrx_word' id='word_1_138' title='bbox 1216 1331 1387 1359; x_wconf 89' lang='lat' dir='ltr'>memor</span> 
     </span>
     <span class='ocr_line' id='line_1_21' title="bbox 0 1375 1385 1430; baseline 0.001 -13"><span class='ocrx_word' id='word_1_139' title='bbox 0 1390 18 1418; x_wconf 87' lang='lat' dir='ltr'><strong>o</strong></span> <span class='ocrx_word' id='word_1_140' title='bbox 36 1378 79 1417; x_wconf 92' lang='lat' dir='ltr'>et</span> <span class='ocrx_word' id='word_1_141' title='bbox 114 1376 272 1418; x_wconf 86' lang='lat' dir='ltr'>ueteris</span> <span class='ocrx_word' id='word_1_142' title='bbox 311 1377 354 1418; x_wconf 92' lang='lat' dir='ltr'>et</span> <span class='ocrx_word' id='word_1_143' title='bbox 390 1390 530 1418; x_wconf 88' lang='lat' dir='ltr'>nouae</span> <span class='ocrx_word' id='word_1_144' title='bbox 569 1378 793 1418; x_wconf 89' lang='lat' dir='ltr'>auctorum</span> <span class='ocrx_word' id='word_1_145' title='bbox 831 1375 979 1430; x_wconf 89' lang='lat' dir='ltr'>copiae</span> <span class='ocrx_word' id='word_1_146' title='bbox 1017 1375 1230 1417; x_wconf 80' lang='lat' dir='ltr'>disseruit.</span> <span class='ocrx_word' id='word_1_147' title='bbox 1301 1389 1385 1430; x_wconf 85' lang='lat' dir='ltr'>ego</span> 
     </span>
     <span class='ocr_line' id='line_1_22' title="bbox 37 1433 1386 1490; baseline 0 -13"><span class='ocrx_word' id='word_1_148' title='bbox 37 1434 226 1477; x_wconf 88' lang='lat' dir='ltr'>conabor</span> <span class='ocrx_word' id='word_1_149' title='bbox 260 1435 502 1490; x_wconf 82' lang='lat' dir='ltr'>ostendere,</span> <span class='ocrx_word' id='word_1_150' title='bbox 539 1435 653 1477; x_wconf 91' lang='lat' dir='ltr'>hunc</span> <span class='ocrx_word' id='word_1_151' title='bbox 686 1433 1048 1476; x_wconf 85' lang='lat' dir='ltr'>studiosissimum</span> <span class='ocrx_word' id='word_1_152' title='bbox 1080 1437 1225 1476; x_wconf 88' lang='lat' dir='ltr'>uatem</span> <span class='ocrx_word' id='word_1_153' title='bbox 1258 1437 1301 1477; x_wconf 91' lang='lat' dir='ltr'>et</span> <span class='ocrx_word' id='word_1_154' title='bbox 1331 1435 1386 1477; x_wconf 84' lang='lat' dir='ltr'>de</span> 
     </span>
     <span class='ocr_line' id='line_1_23' title="bbox 37 1492 1385 1550; baseline -0.001 -14"><span class='ocrx_word' id='word_1_155' title='bbox 37 1493 221 1550; x_wconf 84' lang='lat' dir='ltr'>singulis</span> <span class='ocrx_word' id='word_1_156' title='bbox 265 1494 408 1536; x_wconf 90' lang='lat' dir='ltr'>uerbis</span> <span class='ocrx_word' id='word_1_157' title='bbox 452 1496 646 1536; x_wconf 88' lang='lat' dir='ltr'>ueterum</span> <span class='ocrx_word' id='word_1_158' title='bbox 690 1493 911 1548; x_wconf 88' lang='lat' dir='ltr'>aptissime</span> <span class='ocrx_word' id='word_1_159' title='bbox 954 1492 1188 1549; x_wconf 82' lang='lat' dir='ltr'>iudicasse,</span> <span class='ocrx_word' id='word_1_160' title='bbox 1234 1495 1278 1535; x_wconf 89' lang='lat' dir='ltr'>et</span> <span class='ocrx_word' id='word_1_161' title='bbox 1319 1494 1385 1535; x_wconf 92' lang='lat' dir='ltr'>in-</span> 
     </span>
     <span class='ocr_line' id='line_1_24' title="bbox 37 1551 1384 1608; baseline 0.001 -14"><span class='ocrx_word' id='word_1_162' title='bbox 37 1553 220 1595; x_wconf 85' lang='lat' dir='ltr'>seruisse</span> <span class='ocrx_word' id='word_1_163' title='bbox 245 1553 379 1596; x_wconf 85' lang='lat' dir='ltr'>electa</span> <span class='ocrx_word' id='word_1_164' title='bbox 404 1553 525 1608; x_wconf 90' lang='lat' dir='ltr'>operi</span> <span class='ocrx_word' id='word_1_165' title='bbox 551 1567 628 1595; x_wconf 91' lang='lat' dir='ltr'>suo</span> <span class='ocrx_word' id='word_1_166' title='bbox 654 1552 799 1606; x_wconf 89' lang='lat' dir='ltr'>uerba,</span> <span class='ocrx_word' id='word_1_167' title='bbox 826 1566 934 1607; x_wconf 89' lang='lat' dir='ltr'>quae</span> <span class='ocrx_word' id='word_1_168' title='bbox 959 1552 1084 1595; x_wconf 90' lang='lat' dir='ltr'>nobis</span> <span class='ocrx_word' id='word_1_169' title='bbox 1110 1566 1224 1594; x_wconf 90' lang='lat' dir='ltr'>noua</span> <span class='ocrx_word' id='word_1_170' title='bbox 1243 1551 1384 1595; x_wconf 86' lang='lat' dir='ltr'>uideri</span> 
     </span>
     <span class='ocr_line' id='line_1_25' title="bbox 34 1610 1424 1667; baseline 0.001 -15"><span class='ocrx_word' id='word_1_171' title='bbox 34 1610 141 1654; x_wconf 87' lang='lat' dir='ltr'>facit</span> <span class='ocrx_word' id='word_1_172' title='bbox 170 1612 332 1655; x_wconf 87' lang='lat' dir='ltr'>incuria</span> <span class='ocrx_word' id='word_1_173' title='bbox 363 1612 609 1667; x_wconf 82' lang='lat' dir='ltr'>uetustatis,</span> <span class='ocrx_word' id='word_1_174' title='bbox 642 1613 691 1654; x_wconf 90' lang='lat' dir='ltr'>ut</span> <span class='ocrx_word' id='word_1_175' title='bbox 722 1625 818 1654; x_wconf 87' lang='lat' dir='ltr'>ecce</span> <span class='ocrx_word' id='word_1_176' title='bbox 850 1611 1025 1653; x_wconf 90' lang='lat' dir='ltr'>addita</span> <span class='ocrx_word' id='word_1_177' title='bbox 1056 1626 1134 1666; x_wconf 90' lang='lat' dir='ltr'>pro</span> <span class='ocrx_word' id='word_1_178' title='bbox 1166 1611 1424 1655; x_wconf 82' lang='lat' dir='ltr'>inimica2</span> 
     </span>
     <span class='ocr_line' id='line_1_26' title="bbox 36 1670 1384 1727; baseline 0.001 -15"><span class='ocrx_word' id='word_1_179' title='bbox 36 1672 79 1712; x_wconf 91' lang='lat' dir='ltr'>et</span> <span class='ocrx_word' id='word_1_180' title='bbox 120 1670 312 1721; x_wconf 80' lang='lat' dir='ltr'>infesta</span> <span class='ocrx_word' id='word_1_181' title='bbox 355 1672 452 1727; x_wconf 89' lang='lat' dir='ltr'>quis</span> <span class='ocrx_word' id='word_1_182' title='bbox 495 1686 584 1714; x_wconf 92' lang='lat' dir='ltr'>non</span> <span class='ocrx_word' id='word_1_183' title='bbox 628 1671 828 1713; x_wconf 88' lang='lat' dir='ltr'>aestimet</span> <span class='ocrx_word' id='word_1_184' title='bbox 870 1673 1045 1724; x_wconf 90' lang='lat' dir='ltr'>poetam</span> <span class='ocrx_word' id='word_1_185' title='bbox 1084 1670 1263 1713; x_wconf 88' lang='lat' dir='ltr'>arbitrio</span> <span class='ocrx_word' id='word_1_186' title='bbox 1303 1685 1384 1713; x_wconf 89' lang='lat' dir='ltr'>suo</span> 
     </span>
    </p>
   </div>
   <div class='ocr_carea' id='block_1_5' title="bbox 0 1728 1386 1845">
    <p class='ocr_par' dir='ltr' id='par_1_5' title="bbox 0 1728 1386 1845">
     <span class='ocr_line' id='line_1_27' title="bbox 0 1728 1386 1777; baseline 0.001 -5"><span class='ocrx_word' id='word_1_187' title='bbox 0 1743 196 1777; x_wconf 63' lang='lat' dir='ltr'>znouum</span> <span class='ocrx_word' id='word_1_188' title='bbox 231 1730 411 1772; x_wconf 90' lang='lat' dir='ltr'>uerbum</span> <span class='ocrx_word' id='word_1_189' title='bbox 450 1730 534 1772; x_wconf 88' lang='lat' dir='ltr'>sibi</span> <span class='ocrx_word' id='word_1_190' title='bbox 571 1730 762 1773; x_wconf 87' lang='lat' dir='ltr'>uoluisse</span> <span class='ocrx_word' id='word_1_191' title='bbox 799 1728 1032 1771; x_wconf 79' lang='lat' dir='ltr'>fabricari?</span> <span class='ocrx_word' id='word_1_192' title='bbox 1095 1729 1169 1772; x_wconf 88' lang='lat' dir='ltr'>sed</span> <span class='ocrx_word' id='word_1_193' title='bbox 1200 1744 1290 1772; x_wconf 88' lang='lat' dir='ltr'>non</span> <span class='ocrx_word' id='word_1_194' title='bbox 1319 1730 1386 1773; x_wconf 86' lang='lat' dir='ltr'>ita</span> 
     </span>
     <span class='ocr_line' id='line_1_28' title="bbox 35 1789 511 1845; baseline 0.002 -15"><span class='ocrx_word' id='word_1_195' title='bbox 35 1790 112 1831; x_wconf 86' lang='lat' dir='ltr'>est.</span> <span class='ocrx_word' id='word_1_196' title='bbox 172 1803 272 1831; x_wconf 87' lang='lat' dir='ltr'>nam</span> <span class='ocrx_word' id='word_1_197' title='bbox 304 1789 417 1845; x_wconf 90' lang='lat' dir='ltr'>quod</span> <span class='ocrx_word' id='word_1_198' title='bbox 449 1790 511 1831; x_wconf 88' lang='lat' dir='ltr'>ait</span> 
     </span>
    </p>
   </div>
   <div class='ocr_carea' id='block_1_6' title="bbox 95 1870 920 1985">
    <p class='ocr_par' dir='ltr' id='par_1_6' title="bbox 95 1870 920 1985">
     <span class='ocr_line' id='line_1_29' title="bbox 317 1870 920 1914; baseline -0.003 0"><span class='ocrx_word' id='word_1_199' title='bbox 317 1886 395 1914; x_wconf 91' lang='lat' dir='ltr'>nec</span> <span class='ocrx_word' id='word_1_200' title='bbox 427 1871 604 1914; x_wconf 84' lang='lat' dir='ltr'>Teucris</span> <span class='ocrx_word' id='word_1_201' title='bbox 637 1870 781 1913; x_wconf 85' lang='lat' dir='ltr'>addita</span> <span class='ocrx_word' id='word_1_202' title='bbox 812 1870 920 1913; x_wconf 89' lang='lat' dir='ltr'>Iuno</span> 
     </span>
     <span class='ocr_line' id='line_1_30' title="bbox 95 1931 446 1985; baseline 0 -13"><span class='ocrx_word' id='word_1_203' title='bbox 95 1945 274 1985; x_wconf 88' lang='lat' dir='ltr'>usquam</span> <span class='ocrx_word' id='word_1_204' title='bbox 308 1931 446 1973; x_wconf 88' lang='lat' dir='ltr'>aberit</span> 
     </span>
    </p>
   </div>
   <div class='ocr_carea' id='block_1_7' title="bbox 35 2018 319 2024">
    <p class='ocr_par' dir='ltr' id='par_1_7' title="bbox 35 2018 319 2024">
     <span class='ocr_line' id='line_1_31' title="bbox 35 2018 319 2024; baseline 0 0"><span class='ocrx_word' id='word_1_205' title='bbox 35 2018 319 2024; x_wconf 95' lang='lat' dir='ltr'> </span> 
     </span>
    </p>
   </div>
   <div class='ocr_carea' id='block_1_8' title="bbox 34 2075 1386 2159">
    <p class='ocr_par' dir='ltr' id='par_1_8' title="bbox 34 2075 1386 2159">
     <span class='ocr_line' id='line_1_32' title="bbox 34 2075 1386 2159; baseline 0.001 -48"><span class='ocrx_word' id='word_1_206' title='bbox 34 2120 87 2158; x_wconf 72' lang='lat' dir='ltr'>VI</span> <span class='ocrx_word' id='word_1_207' title='bbox 112 2079 156 2159; x_wconf 50' lang='grc' dir='ltr'><strong><em>ὦ</em></strong></span> <span class='ocrx_word' id='word_1_208' title='bbox 177 2079 244 2112; x_wconf 85' lang='grc'>503</span> <span class='ocrx_word' id='word_1_209' title='bbox 270 2075 379 2111; x_wconf 84' lang='lat' dir='ltr'>Vahl.</span> <span class='ocrx_word' id='word_1_210' title='bbox 405 2078 476 2111; x_wconf 89' lang='grc'>458</span> <span class='ocrx_word' id='word_1_211' title='bbox 501 2075 588 2112; x_wconf 89' lang='lat' dir='ltr'>Luc.</span> <span class='ocrx_word' id='word_1_212' title='bbox 615 2075 741 2112; x_wconf 88' lang='lat' dir='ltr'>Muell.</span> <span class='ocrx_word' id='word_1_213' title='bbox 818 2080 861 2112; x_wconf 89' lang='lat'>10</span> <span class='ocrx_word' id='word_1_214' title='bbox 887 2077 977 2112; x_wconf 89' lang='lat' dir='ltr'>Aen.</span> <span class='ocrx_word' id='word_1_215' title='bbox 1003 2075 1055 2111; x_wconf 89' lang='lat' dir='ltr'>XI</span> <span class='ocrx_word' id='word_1_216' title='bbox 1080 2080 1148 2113; x_wconf 81' lang='lat'>492</span> <span class='ocrx_word' id='word_1_217' title='bbox 1223 2081 1268 2113; x_wconf 81' lang='lat'>27</span> <span class='ocrx_word' id='word_1_218' title='bbox 1289 2077 1386 2113; x_wconf 81' lang='lat' dir='ltr'>Aen.</span> 
     </span>
    </p>
   </div>
   <div class='ocr_carea' id='block_1_9' title="bbox 35 2202 317 2208">
    <p class='ocr_par' dir='ltr' id='par_1_9' title="bbox 35 2202 317 2208">
     <span class='ocr_line' id='line_1_33' title="bbox 35 2202 317 2208; baseline 0 0"><span class='ocrx_word' id='word_1_219' title='bbox 35 2202 317 2208; x_wconf 95' lang='lat' dir='ltr'> </span> 
     </span>
    </p>
   </div>
   <div class='ocr_carea' id='block_1_10' title="bbox 35 2259 1391 2353">
    <p class='ocr_par' dir='ltr' id='par_1_10' title="bbox 35 2259 1391 2353">
     <span class='ocr_line' id='line_1_34' title="bbox 131 2259 1391 2297; baseline 0.001 -3"><span class='ocrx_word' id='word_1_220' title='bbox 131 2265 147 2294; x_wconf 96' lang='lat'>1</span> <span class='ocrx_word' id='word_1_221' title='bbox 174 2259 413 2295; x_wconf 77' lang='grc' dir='ltr'>ΠΕΠΟΙΕΟΟ(</span> <span class='ocrx_word' id='word_1_222' title='bbox 429 2278 435 2286; x_wconf 90' lang='grc'><em>·</em></span> <span class='ocrx_word' id='word_1_223' title='bbox 452 2260 612 2295; x_wconf 78' lang='grc' dir='ltr'>ΡΥΜΦΑ</span> <span class='ocrx_word' id='word_1_224' title='bbox 634 2260 813 2295; x_wconf 74' lang='grc' dir='ltr'>ΕΤΟΥΝΑ</span> <span class='ocrx_word' id='word_1_225' title='bbox 836 2260 872 2296; x_wconf 89' lang='grc' dir='ltr'><strong><em>Ρ</em></strong></span> <span class='ocrx_word' id='word_1_226' title='bbox 931 2264 951 2296; x_wconf 85' lang='grc'>2</span> <span class='ocrx_word' id='word_1_227' title='bbox 973 2262 1006 2295; x_wconf 81' lang='grc' dir='ltr'>τ’</span> <span class='ocrx_word' id='word_1_228' title='bbox 1026 2271 1092 2296; x_wconf 87' lang='lat' dir='ltr'>om.</span> <span class='ocrx_word' id='word_1_229' title='bbox 1115 2260 1152 2295; x_wconf 89' lang='lat' dir='ltr'><em>P</em></span> <span class='ocrx_word' id='word_1_230' title='bbox 1211 2264 1231 2296; x_wconf 85' lang='lat'>5</span> <span class='ocrx_word' id='word_1_231' title='bbox 1253 2261 1391 2297; x_wconf 60' lang='lat' dir='ltr'>ammas</span> 
     </span>
     <span class='ocr_line' id='line_1_35' title="bbox 35 2303 1193 2353; baseline 0.001 -12"><span class='ocrx_word' id='word_1_232' title='bbox 35 2314 103 2342; x_wconf 84' lang='lat' dir='ltr'>om.</span> <span class='ocrx_word' id='word_1_233' title='bbox 127 2305 164 2340; x_wconf 92' lang='lat' dir='ltr'><strong><em>P</em></strong></span> <span class='ocrx_word' id='word_1_234' title='bbox 235 2309 277 2342; x_wconf 88' lang='lat'>11</span> <span class='ocrx_word' id='word_1_235' title='bbox 304 2316 349 2342; x_wconf 85' lang='lat' dir='ltr'>ex</span> <span class='ocrx_word' id='word_1_236' title='bbox 373 2316 440 2343; x_wconf 88' lang='lat' dir='ltr'>om.</span> <span class='ocrx_word' id='word_1_237' title='bbox 469 2303 519 2341; x_wconf 89' lang='lat' dir='ltr'>P&#39;</span> <span class='ocrx_word' id='word_1_238' title='bbox 595 2310 638 2342; x_wconf 87' lang='lat'>13</span> <span class='ocrx_word' id='word_1_239' title='bbox 665 2318 763 2353; x_wconf 72' lang='lat' dir='ltr'>enm]</span> <span class='ocrx_word' id='word_1_240' title='bbox 794 2307 830 2342; x_wconf 89' lang='lat' dir='ltr'><em>P</em></span> <span class='ocrx_word' id='word_1_241' title='bbox 904 2310 947 2342; x_wconf 82' lang='lat'>14</span> <span class='ocrx_word' id='word_1_242' title='bbox 972 2307 1128 2353; x_wconf 80' lang='lat' dir='ltr'>sequuta.</span> <span class='ocrx_word' id='word_1_243' title='bbox 1155 2307 1193 2342; x_wconf 90' lang='lat' dir='ltr'><em>P</em></span> 
     </span>
    </p>
   </div>
  </div>
 </body>
</html>
