1526 2444
469 78 555 114 XVI
573 81 715 114 43-44
739 75 843 112 XVII
865 79 955 112 1-7
1335 72 1391 115 87

47 205 181 248 paene
218 190 339 244 deos,
376 188 600 230 dumtaxat
637 185 711 242 qui
749 185 828 228 sub
860 184 980 227 caelo
1012 184 1129 238 sunt,
1168 181 1222 224 ad
1253 182 1391 224 solem

46 250 257 304 referunt,
293 262 382 290 non
417 261 529 289 uana
567 244 814 301 superstitio
848 243 921 286 sed
951 243 1064 285 ratio
1098 241 1244 284 diuina
1276 255 1391 285 com—

45 308 229 352 mendat.
290 307 327 350 si
364 306 479 349 enim
516 305 612 360 sol,
649 306 699 346 ut
734 303 953 346 ueteribus
990 301 1173 358 placuit,
1210 301 1306 343 dux
1343 302 1432 344 et3

46 368 338 410 moderator
387 367 452 407 est
499 362 1136 418 luminum,reliquorum,
1185 362 1228 402 et
1272 360 1390 403 solus

6 445 27 472 ε
47 427 182 470 stellis
233 424 473 469 errantibus
521 424 740 478 praestat,
788 423 979 478 ipsarum
1021 434 1124 463 uero
1168 420 1391 462 stellarum

46 501 194 529 cursus
246 485 438 528 ordinem
486 497 628 525 rerum
676 482 983 532 humanarum,
1035 481 1085 522 ut
1134 478 1392 535 quibusdam

46 545 228 600 uidetur,
258 559 336 600 pro
368 544 586 598 potestate
618 541 865 598 disponunt,
896 542 944 582 ut
974 538 1186 581 Plotino
1219 539 1391 581 constat

46 604 270 659 placuisse,
302 602 566 658 significant:
598 614 772 644 necesse
801 602 879 654 est,
907 600 956 641 ut
980 599 1126 654 solem,
1152 597 1226 653 qui
1250 597 1391 640 mode-

44 666 166 706 ratur
214 665 364 705 nostra
412 661 706 715 moderantes,
756 659 948 703 omnium
992 671 1100 713 quae
1151 656 1267 699 circa
1311 670 1391 698 nos

0 739 29 767 ιο
47 724 256 778 geruntur
285 721 499 763 fateamur
530 721 761 763 auctorem.
812 720 855 760 et
880 717 993 760 sicut
1023 715 1182 771 Maro,
1214 730 1310 758 cum
1340 715 1433 759 de4

43 796 128 824 una
158 781 322 824 Iunone
353 780 465 822 dicet

490 865 573 905 quo
605 848 782 891 numine
812 848 946 904 laeso,

44 935 232 977 ostendit
263 934 390 976 unius
424 933 491 975 dei
521 932 694 976 effectus
722 932 864 974 uarios
890 945 968 986 pro
995 929 1129 971 uariis
1155 928 1390 971 censendos

44 1008 136 1036 esse
167 993 431 1047 numinibus,
465 993 528 1034 ita
559 991 754 1034 diuersae
786 991 971 1034 uirtutes
998 988 1099 1031 solis
1124 988 1302 1031 nomina
1326 988 1392 1030 dis

0 1069 25 1096 [5
44 1053 260 1095 dederunt.
321 1051 432 1094 unde
469 1051 518 1093 ἓν
552 1051 602 1094 τὸ
639 1055 727 1092 πᾶν
765 1049 1012 1105 sapientum
1047 1047 1263 1103 principes
1294 1062 1393 1103 pro-

43 1112 251 1154 diderunt.
330 1112 536 1154 uirtutem
594 1109 730 1166 igitur
785 1108 913 1164 solis,
968 1121 1077 1163 quae
1133 1106 1433 1149 diuinationi5

44 1171 339 1226 curationique
384 1172 572 1225 praeest,
616 1168 912 1223 Apollinem
956 1168 1238 1222 uocauerunt,
1283 1179 1392 1220 quae

46 1229 255 1272 sermonis
288 1231 437 1272 auctor
468 1231 552 1282 est,
583 1227 828 1270 Mercurii
862 1240 1019 1269 nomen
1052 1225 1228 1281 accepit.
1290 1239 1392 1267 nam

44 1288 145 1343 quia
177 1301 313 1330 sermo
343 1288 654 1343 interpretatur
685 1287 974 1343 cogitationes
1004 1285 1209 1339 latentes,
1233 1282 1394 1341 Ἑρμῆς

0 1365 26 1392 ιο
44 1346 128 1390 ἀπὸ
160 1353 239 1389 τοῦ
271 1345 526 1403 ἑρμηνεύειν
557 1346 734 1401 propria
759 1344 1049 1401 appellatione
1074 1343 1290 1386 uocitatus
1315 1346 1393 1386 est.

45 1407 183 1448 uirtus
221 1406 327 1448 solis
364 1409 431 1448 est
468 1420 576 1460 quae
613 1405 837 1459 fructibus,
880 1403 1058 1446 effectus
1090 1402 1281 1444 eiusdem
1313 1404 1432 1458 est,6

45 1465 119 1520 qui
143 1464 341 1521 frugibus
366 1466 550 1519 praeest.
599 1466 642 1506 et
665 1463 766 1506 hinc
791 1465 920 1505 natae
947 1464 1048 1504 sunt
1073 1461 1391 1516 appellationes

45 1525 222 1566 deorum
273 1523 420 1577 [sicut]
472 1525 730 1578 ceterorum,
781 1522 854 1578 qui
902 1521 957 1563 ad
1004 1521 1138 1563 solem
1184 1522 1300 1563 certa
1350 1522 1393 1562 et

46 1597 200 1625 arcana
236 1582 404 1625 ratione
435 1582 697 1636 referuntur,
735 1583 796 1636 et,
833 1595 888 1623 ne
922 1582 1046 1622 tanto
1079 1581 1245 1622 secreto
1276 1578 1392 1621 nuda

0 1659 26 1686 ³5
43 1643 288 1698 praestetur
325 1641 529 1696 adsertio,
571 1640 850 1683 auctoritates
887 1641 1083 1681 ueterum
1120 1639 1170 1680 de
1209 1638 1390 1694 singulis

44 1701 328 1743 consulamus,

160 1759 426 1814 Apollinis
469 1773 629 1801 nomen
673 1757 905 1813 multiplici
941 1756 1297 1812 interpretatione
1337 1756 1429 1800 ad?

14 1819 178 1864 ,solem
220 1818 424 1873 refertur,
468 1818 587 1860 cuius
630 1818 694 1860 rei
737 1817 931 1859 ordinem
975 1829 1166 1872 pergam.
1239 1815 1389 1858 Plato

137 1927 158 1958 3
184 1922 256 1959 οἱα.
285 1923 331 1958 de
356 1933 395 1957 re
420 1935 456 1968 p.
482 1921 586 1958 xvii
611 1921 693 1969 (ΠΙ)
722 1925 765 1957 17
841 1924 884 1956 12
910 1909 1001 1956 Aefi.
1028 1919 1045 1954 1
1070 1923 1091 1955 8

137 2022 158 2054 3
182 2018 240 2061 ib3
271 2018 314 2053 in
344 2016 522 2060 u8menb3
554 2018 597 2053 in
627 2027 699 2053 ras.
731 2017 774 2052 i‘n
805 2016 842 2051 Β
963 2020 983 2051 6
1009 2015 1126 2051 sursus
1157 2018 1199 2051 ut
1229 2016 1305 2051 uid.
1340 2014 1388 2051 P'

42 2076 165 2101 rerum
190 2076 256 2101 om.
283 2062 334 2100 B'
411 2067 456 2099 10
481 2066 655 2109 gerentur
676 2060 728 2099 B'
806 2067 846 2098 11
868 2073 944 2098 una
962 2074 1029 2099 om.
1049 2060 1100 2097 B'
1177 2067 1221 2098 13
1247 2063 1323 2098 diei
1343 2063 1391 2106 P,

43 2112 120 2160 diei
144 2113 181 2148 Β
255 2115 299 2148 14
324 2111 561 2148 nominandis
582 2113 619 2147 B
699 2114 742 2147 19
768 2111 865 2146 semo
891 2108 941 2145 P'
1014 2111 1284 2156 interpretatur
1308 2121 1332 2147 20<
1356 2111 1393 2145 P

44 2183 260 2219 ΕΡΜΗΝΕΥ
261 2184 286 2219 Ε
304 2196 343 2219 in
360 2168 445 2233 g>p²a
462 2182 507 2227 P,
533 2183 799 2218 ΕΡΜΙΝΕΥΕΙΝ
819 2192 972 2228 propria
991 2182 1028 2217 Β
1097 2185 1141 2218 21
1163 2182 1217 2217 est
1235 2182 1323 2218 lunc
1341 2181 1388 2217 B'

43 2233 89 2266 23
114 2229 232 2266 c&er1'1
257 2229 304 2266 P'
387 2231 484 2266 sicut
507 2230 624 2266 deleui
643 2229 930 2276 (appellationes
955 2230 1090 2265 horum
1114 2228 1267 2265 deorum
1295 2228 1392 2264 sicut

44 2277 261 2322 ceterorum,
281 2277 370 2322 quia
388 2278 436 2313 ad
453 2278 730 2324 Bitschofskyus
748 2277 866 2314 diarii
884 2287 1048 2325 yymsnas·
1068 2277 1256 2314 Austriae.
1278 2279 1389 2319 1878,

44 2326 106 2370 94)
178 2328 223 2360 25
249 2324 400 2362 assertio
426 2326 463 2362 P
531 2328 575 2359 27
603 2324 786 2371 apollines
806 2324 854 2361 P'
