1526 2444
15 0 42 58 ξ
524 40 594 76 XII
618 43 758 77 32—39
795 38 883 76 XIII
911 43 930 75 1
1351 37 1409 80 65

58 151 323 206 Augustus
379 149 682 206 appelletur.
765 149 869 190 item
919 146 1194 203 plebiscitum
1243 147 1409 190 factum

7 225 13 269 ᾗ
59 210 114 252 ob
176 209 354 253 eandem
412 223 503 251 rem
565 206 695 250 Sexto
757 207 943 250 Pacuuio
1005 206 1178 249 tribuno
1233 206 1407 262 plebem

7 315 9 327 ι
57 271 253 325 rogante.

6 369 8 375 ,
175 326 336 370 Mensis
375 325 675 381 September
717 325 998 381 principalem
1037 325 1102 367 sui
1138 323 1296 367 retinet
1332 324 1479 379 cip-36

6 386 352 442 ³⁶pellationem:
397 399 523 441 quem
568 384 858 427 Germanici
902 384 1213 439 appellatione,
1255 382 1407 426 Octo-

5 459 8 502 }
57 446 194 487 brem
225 459 326 487 uero
359 459 436 487 suo
467 444 641 487 nomine
672 443 1005 486 Domitianus
1037 443 1270 485 inuaserat.
1333 441 1405 484 sed
1420 442 1476 485 37

57 504 132 546 ubi
161 503 399 547 infaustum
430 503 690 546 uocabulum
721 517 773 545 ex
799 503 917 545 omni
948 517 1045 545 aere
1076 502 1147 544 uel
1179 515 1283 544 saxo
1314 501 1407 556 pla-

0 610 2 625 >
58 563 146 605 cuit
193 563 334 618 eradi,
388 577 555 605 menses
609 577 777 618 quoque
826 561 1104 617 usurpatione
1153 560 1410 615 tyrannicae

0 629 1 672 j
58 622 362 677 appellationis
419 622 535 664 exuti
584 623 708 664 sunt:
763 621 903 663 cautio
958 623 1110 676 postea
1162 620 1409 674 principum

23 684 307 733 oceterorum‚
339 681 422 723 diri
453 681 609 723 ominis
640 680 828 722 infausta
854 679 1098 733 uitantium‚
1129 679 1352 720 mensibus
1383 692 1409 720 a

59 739 303 795 Septembri
333 754 465 795 usque
498 740 552 782 ad
581 739 862 782 Decembrem
892 738 1036 793 prisca
1065 737 1243 780 nomina
1273 751 1407 779 reser-

57 800 190 842 uauit.

175 857 294 900 Haec
337 857 421 900 fuit
463 872 488 899 a
533 857 719 900 Romulo
763 871 906 899 annua
950 856 1148 898 ordinata
1192 854 1402 897 dimensio
1419 856 1476 898 38

0 883 4 973 Ι
58 917 144 972 qui,
176 917 286 959 sicut
316 917 402 958 iam
434 931 563 972 supra
591 916 789 967 diximus,
822 930 982 958 annum
1009 915 1154 957 decem
1180 914 1406 970 mensium,

0 974 40 1035 [ιε
57 976 222 1018 dierum
258 990 360 1018 uero
392 978 595 1030 quattuor
633 978 677 1017 et
707 977 999 1017 trecentorum
1030 973 1277 1016 habendum
1310 987 1405 1015 esse

0 1036 2 1086 ᾗ
59 1035 295 1090 constituit,
326 1049 577 1090 mensesque
608 1034 671 1076 ita
703 1034 926 1089 disposuit,
956 1035 1005 1075 ut
1031 1035 1237 1088 quattuor
1262 1047 1315 1074 ex
1339 1032 1407 1074 his

0 1099 1 1102 ’
57 1095 242 1136 tricenos
269 1093 477 1150 singulos,
503 1108 577 1136 sex
602 1108 706 1136 uero
732 1094 919 1135 tricenos
943 1092 1155 1135 haberent
1179 1091 1278 1134 dies.
1333 1091 1407 1133 sed
1421 1093 1477 1135 39

60 1166 157 1195 cum
187 1154 225 1195 is
256 1167 454 1195 numerus
485 1167 623 1208 neque
655 1152 759 1195 solis
791 1152 935 1195 cursui
965 1166 1104 1207 neque
1127 1152 1255 1193 lunae
1279 1151 1410 1193 ratio·

59 1211 187 1254 nibus
236 1212 504 1267 conueniret,
552 1226 641 1254 non
685 1226 921 1267 numquam
963 1226 1045 1254 usu
1087 1210 1311 1264 ueniebat,
1360 1212 1410 1252 ut

6 1283 43 1310 20
59 1269 197 1326 frigus
218 1270 320 1313 anni
339 1271 514 1313 aestiuis
534 1271 753 1313 mensibus
774 1274 818 1313 et
837 1273 988 1313 contra
1007 1270 1125 1313 calor
1150 1269 1409 1311 hiemalibus

59 1329 327 1384 proueniret,
363 1330 477 1385 quod
507 1330 583 1372 ubi
613 1329 884 1385 contigisset,
915 1331 1084 1371 tantum
1116 1329 1281 1371 dierum
1314 1329 1408 1370 sine

59 1389 148 1430 ullo
185 1389 343 1430 mensis
377 1389 550 1431 nomine
581 1389 857 1443 patiebantur
888 1388 1075 1442 absumi,
1112 1389 1323 1443 quantum
1355 1387 1408 1428 ad

58 1447 104 1488 id
141 1447 242 1489 anni
280 1450 448 1502 tempus
481 1447 725 1503 adduceret,
763 1462 847 1503 quo
879 1447 986 1489 caeli
1017 1446 1194 1489 habitus
1225 1446 1410 1488 instanti

59 1507 199 1549 mensi
230 1509 356 1561 aptus
386 1506 662 1549 inueniretur.

5 1577 42 1604 25
178 1563 261 1607 Sed
295 1568 463 1608 secutus
496 1564 675 1620 Numa,
706 1567 914 1620 quantum
941 1565 1020 1607 sub
1047 1565 1166 1607 caelo
1192 1564 1290 1606 rudi
1316 1567 1359 1606 et
1371 1563 1482 1607 XIII

60 1624 227 1666 saeculo
272 1624 410 1667 adhuc
451 1624 648 1679 impolito
693 1625 786 1666 solo
823 1624 998 1679 ingenio
1041 1623 1254 1678 magistro
1294 1637 1410 1666 com-

59 1682 322 1738 prehendere
365 1684 526 1739 potuit,
569 1684 639 1725 uel
676 1683 776 1738 quia
808 1682 1069 1726 Graecorum
1107 1683 1410 1725 obseruatione

58 1741 204 1784 forsan
236 1742 470 1785 instructus
501 1744 579 1798 est,
611 1743 924 1798 quinquaginta
956 1742 1046 1784 dies
1079 1741 1256 1797 addidit,
1287 1744 1336 1784 ut
1365 1742 1411 1783 in

155 1874 176 1905 2
201 1870 361 1915 pacubio
387 1870 435 1914 B,
459 1870 646 1916 pachubio
675 1870 727 1907 P:
751 1882 814 1907 em.
836 1870 1039 1915 Salisburq.
1113 1872 1136 1904 4
1155 1871 1335 1906 retineret
1361 1868 1407 1905 B'

61 1921 83 1952 5
109 1927 313 1962 germanici
339 1917 632 1963 appellationem
656 1914 704 1953 P'
820 1922 840 1953 6
867 1916 1100 1954 domicianus
1120 1917 1201 1952 BP
1307 1920 1326 1952 7
1354 1929 1410 1952 in-

59 1964 201 2000 factum
225 1965 261 1999 B
309 1968 331 2000 8
355 1967 537 2012 tirannice
566 1965 602 2000 P
650 1969 671 2000 9
691 1965 946 2011 appellatione
971 1962 1022 1999 B'
1086 1968 1130 2000 10
1155 1963 1319 2000 homimf
1338 1964 1414 1999 BP

62 2015 104 2046 11
130 2011 358 2047 reseruatum
375 2010 423 2047 B'
522 2015 566 2047 14
586 2011 695 2058 supra
712 2023 787 2048 iam
807 2013 869 2058 (P)
968 2016 1010 2048 15
1036 2012 1188 2047 deerum
1207 2009 1253 2047 P'
1281 2012 1410 2048 deinde

59 2065 85 2118 3
109 2092 133 2119 *
165 2082 202 2117 P
345 2086 388 2118 16
418 2082 580 2118 insutum
612 2083 650 2118 P
784 2083 818 2118 1s
843 2084 886 2120 m
916 2082 1095 2129 disposuit
1123 2083 1166 2119 in
1195 2093 1269 2119 ras.
1300 2083 1343 2119 m
1372 2083 1409 2117 B

62 2156 105 2188 1⁷
130 2138 156 2187 ιῗ
180 2154 223 2189 m
245 2164 319 2189 ras.
343 2154 386 2190 in
410 2154 448 2189 Ρ
514 2154 688 2190 trecenos
707 2154 746 2190 Ρ
814 2157 857 2189 18
882 2151 1049 2190 insB'P
1117 2157 1162 2189 25
1182 2153 1359 2199 sequutus
1375 2153 1413 2188 Ρ

60 2203 106 2236 26
133 2210 154 2235 o
185 2202 227 2236 in
257 2199 379 2249 seculo
410 2201 453 2237 ‘bn
476 2212 549 2238 ras.
575 2203 618 2238 in
645 2202 682 2237 P
775 2205 819 2238 27
846 2213 934 2248 guia
958 2205 1000 2237 ut
1024 2202 1092 2237 uid
1116 2200 1163 2237 B'
1262 2204 1307 2237 28
1334 2200 1415 2236 dies

62 2281 207 2318 acidum
227 2283 232 2328 ι
250 2286 397 2328 praeter
421 2284 478 2319 dit
501 2285 543 2321 m
567 2295 640 2322 ras.
666 2285 708 2321 m
732 2284 770 2320 Ρ
836 2285 880 2320 ut
903 2295 943 2319 ln
968 2257 1053 2320 (iiio
1070 2257 1107 2320 “12
1135 2284 1221 2321 aad.
1250 2284 1315 2319 Ρηι

131 2347 321 2374 ΜΑοΒοΒινε
1102 2347 1122 2379 5
