1526 2444
629 49 680 85 XI
706 52 844 84 10-19
1319 45 1406 88 289

124 160 351 214 Caucasus,
382 158 691 214 Hyrcanaeque
723 157 953 199 admorunt
985 156 1117 198 ubera
1148 154 1294 209 tigres.

122 218 290 274 νηλεές·
322 217 403 261 οὐκ
433 218 518 271 ἄρα
550 219 625 259 σοί
651 232 701 270 γε
731 216 872 269 πατὴρ
903 212 959 269 ἧν
993 215 1150 257 ἱππότα
1181 212 1371 268 Πηλεύς,

123 275 230 322 οὐδὲ
262 276 387 327 Θέτις
417 277 574 331 μήτηρ·
606 275 775 329 γλαυκὴ
809 273 861 316 δέ
889 286 936 317 σε
967 276 1082 316 τίκτε
1113 273 1329 316 θάλασσα.

65 362 189 416 plene
218 359 431 415 Vergilius
467 373 553 401 non
585 352 842 412 partionem'
861 357 1010 410 solam,
1042 357 1152 398 sicut
1176 356 1252 397 ille
1279 369 1405 411 quem
1422 353 1477 397 15

0 423 46 463 '5
66 420 342 474 sequebatur,
404 418 478 460 sed
528 417 823 459 educationem
880 430 1048 471 quoque
1104 413 1406 457 nutricationis

64 482 285 578 tamquarm
330 477 544 519 belualem
587 478 631 518 et
672 489 869 531 asperam
914 475 1176 518 criminatur.
1245 473 1408 515 addidit

65 552 179 579 emm
241 551 262 578 e
295 551 371 578 suo

124 618 433 674 Hyrcanaeque
467 618 694 659 admorunt
725 616 856 658 ubera
887 616 1034 671 tigres,

66 701 267 757 quoniam
312 701 510 742 uidelicet
553 700 599 741 in
640 699 830 740 moribus
874 696 1157 739 inolescendis
1203 709 1407 751 magnam

14 761 155 803 msere
191 763 359 814 partem
393 759 575 800 nutricis
606 757 825 812 ingenium
858 759 901 797 et
931 758 1088 798 natura
1119 755 1244 797 lactis
1277 757 1408 809 tenet,

66 833 174 874 quae
210 819 353 860 infusa
390 822 534 858 tenero
574 819 616 858 et
654 817 788 857 mixta
823 818 1048 869 parentum
1082 814 1236 856 semini
1268 813 1408 856 adhuc

65 878 225 919 recenti
255 892 306 918 ex
338 877 418 918 hac
443 876 617 930 gemina
642 875 914 917 concretione
941 889 1070 915 unam
1096 873 1285 914 indolem
1310 886 1407 914 con-

64 936 234 991 figurat.
296 936 394 977 hinc
426 938 510 989 est,
548 934 660 989 quod
690 933 964 989 prouidentia
995 936 1174 974 naturae
1207 931 1409 973 similitu-
1425 931 1479 973 16

65 995 207 1036 dinem
256 997 455 1036 natorum
505 995 633 1048 atque
683 992 955 1048 gignentium
1006 1006 1057 1033 ex
1099 992 1194 1046 ipso
1240 1004 1408 1045 quoque

12 1068 47 1095 1⁵
65 1054 283 1096 nutricatu
322 1066 583 1108 praeparans
620 1052 723 1094 fecit
760 1065 856 1093 cum
891 1051 987 1105 ipso
1019 1053 1145 1105 partu
1177 1049 1408 1091 alimoniae

65 1113 233 1167 copiam
271 1112 399 1154 nasci.
460 1126 560 1153 nam
596 1112 826 1166 postquam
865 1110 1042 1161 sanguis
1080 1109 1152 1150 ille
1187 1108 1332 1163 opifex
1364 1109 1409 1149 in

64 1171 353 1227 penetralibus
403 1170 492 1212 suis
536 1185 661 1212 omne
705 1183 858 1224 corpus
904 1168 1070 1211 effinxit
1115 1171 1245 1223 atque
1290 1167 1409 1219 aluit,

70 1231 328 1273 aduentante
376 1230 462 1271 iam
512 1232 661 1283 partus
711 1230 905 1283 tempore
954 1228 1067 1269 idem
1111 1227 1166 1268 ad
1216 1226 1409 1281 corporis

66 1290 249 1331 materni
275 1303 460 1344 superna
484 1287 772 1330 conscendens
792 1286 836 1328 in
856 1289 1055 1328 naturam
1075 1286 1199 1328 lactis
1219 1285 1411 1339 albescit,

13 1362 49 1388 πο
66 1352 115 1390 ut
151 1363 298 1390 recens
336 1349 450 1390 natis
489 1347 602 1388 idem
636 1347 693 1388 sit
724 1347 852 1399 altor,
891 1345 962 1400 qui
993 1346 1134 1387 fuerat
1164 1344 1411 1386 fabricator.

68 1422 194 1462 quam
233 1407 287 1449 ob
323 1421 414 1448 rem
450 1421 536 1448 non
569 1406 730 1447 frustra
760 1404 969 1446 creditum
1002 1408 1085 1458 est,
1125 1403 1235 1445 sicut
1265 1402 1411 1444 ualeat
1427 1405 1480 1447 17

69 1466 121 1508 ad
152 1465 376 1520 fingendas
408 1465 602 1519 corporis
635 1467 762 1519 atque
788 1462 922 1505 animi
948 1462 1249 1505 similitudines
1274 1461 1341 1503 uis
1368 1465 1412 1503 et

68 1527 223 1566 natura
255 1524 444 1577 seminis,
474 1538 562 1565 non
595 1537 714 1565 secus
746 1522 799 1564 ad
832 1522 1011 1564 eandem
1037 1535 1127 1563 rem
1155 1520 1281 1562 lactis
1307 1535 1409 1575 quo-

69 1598 150 1638 que
175 1584 347 1639 ingenia
378 1586 421 1624 et
451 1581 738 1637 proprietates
771 1582 924 1624 ualere.
982 1595 1120 1636 neque
1151 1581 1196 1621 in
1228 1579 1481 1624 homini-18

0 1656 49 1695 :²⁵
69 1642 148 1684 bus
179 1642 223 1684 id
255 1643 392 1684 solum
425 1641 497 1683 sed
523 1642 570 1682 111
595 1640 828 1696 pecudibus
854 1654 1023 1695 quoque
1049 1638 1409 1681 animaduersum.

69 1716 169 1742 nam
201 1702 238 1743 si
269 1701 413 1743 ouium
444 1701 555 1742 lacte
586 1700 709 1741 haedi
741 1703 816 1741 aut
847 1713 1072 1753 caprarum
1098 1698 1200 1753 agni
1223 1696 1411 1739 forsitan

69 1760 251 1814 alantur,
284 1762 454 1802 constat
484 1759 618 1800 ferme
648 1759 694 1800 in
723 1758 791 1800 his
822 1758 966 1799 lanam
995 1757 1223 1805 duriorem,
1254 1757 1300 1798 in
1324 1756 1410 1798 illis

69 1819 271 1874 capillum
320 1817 440 1874 gigni
488 1818 756 1860 teneriorem.
828 1816 875 1858 in
926 1816 1149 1858 arboribus
1194 1815 1324 1857 etiam
1369 1817 1412 1856 et
1428 1818 1483 1860 19

67 1877 265 1932 frugibus
315 1877 368 1918 ad
418 1891 565 1919 earum
614 1876 801 1918 indolem
850 1875 919 1917 uel
970 1873 1291 1917 detrectandam
1342 1874 1412 1916 uel

16 1949 51 1976 so
70 1936 309 1991 augendam
343 1936 480 1978 maior
509 1936 760 1991 plerumque
790 1935 856 1976 uis
889 1936 932 1976 et
962 1936 1155 1989 potestas
1188 1936 1254 1975 est
1285 1947 1414 1987 aqua-

163 2069 382 2105 211.1T33

167 2198 183 2228 1
210 2194 391 2250 hycanpq.
417 2189 464 2228 P*
557 2196 577 2227 2
605 2193 803 2228 ΝΗΕΕΛΕΕ
828 2192 865 2226 Ρ
950 2192 1038 2228 (ΟΥ
1063 2191 1100 2245 P
1132 2238 1140 2246 ·
1183 2195 1203 2226 3
1229 2191 1362 2245 ΘΕΘΙΕ.
1382 2190 1419 2225 P

70 2241 268 2323 {ffAssCCA
292 2241 326 2274 P
414 2244 435 2275 8
460 2240 649 2287 hircaneq.
671 2240 708 2275 P
775 2243 820 2275 26
840 2239 902 2287 edi
920 2239 957 2274 P
1021 2242 1065 2273 27
1085 2238 1161 2274 1ll1s
1182 2237 1414 2282 (lantum-29..-

142 2353 330 2379 Maoxomva
1089 2349 1106 2378 l
1112 2346 1132 2377 9
