1526 2444
189 95 214 135 8
708 95 808 131 SAT.
833 95 959 131 LIBRI
983 97 999 131 1

149 201 174 242 9
305 199 607 242 Postumianus
639 199 749 243 ecum
781 201 1000 243 solstitiali
1031 202 1116 257 die,
1151 203 1223 257 qui
1255 202 1505 248 saturnalio-

189 273 283 299 rum
313 259 435 312 festa,
467 258 617 312 quibus
649 258 726 300 illa
756 259 955 301 conuiuia.
985 260 1197 303 celebrata
1227 265 1338 315 sunt,
1366 277 1506 305 conse-

189 319 312 358 cutus
350 319 434 370 est,
470 316 629 357 forensi
665 330 765 358 cura
799 331 957 359 uacuus
994 317 1167 360 laetiore
1205 320 1343 362 animo
1375 335 1507 362 essem

190 374 323 428 domi,
365 389 414 415 eo
456 372 667 416 Eusebius
711 388 805 416 cum
846 375 994 428 paucis
1033 389 1054 416 e
1097 378 1377 420 sectatoribus
1422 379 1508 420 suis

121 433 175 474 10
189 431 319 485 uenit,
349 431 577 485 statimque
607 431 731 473 uultu
760 432 954 474 renidens
986 431 1233 489 ‘permagna
1259 435 1340 476 me'
1372 436 1510 490 inquit

190 488 282 530 ‘abs
318 491 377 540 te,
416 488 706 543 Postumiane,
745 504 840 531 cum
878 504 928 531 ex
965 490 1059 532 aliis
1096 495 1187 532 tum
1217 492 1298 534 hoc
1329 493 1511 535 maxime

189 546 329 602 gratia
364 546 502 588 fateor
540 546 808 601 obstrictum,
845 548 955 602 quod
987 563 1010 589 a
1041 548 1311 592 Praetextato
1342 551 1511 593 ueniam

189 604 448 658 postulando
492 604 597 645 mihi
639 605 683 646 in
723 619 825 646 cena
860 606 1132 647 uacuefecisti
1167 607 1323 650 locum:
1367 609 1510 663 itaque

189 662 393 717 intellego
418 676 505 703 non
531 662 714 704 studium
740 665 909 705 tantum
934 666 1054 705 tuum
1081 664 1152 705 sed
1177 665 1313 718 ipsam
1333 680 1511 720 quoque,

189 723 238 761 ut
268 720 430 774 aliquid
461 720 537 761 abs
568 722 610 761 te
640 720 745 762 mihi
770 721 845 763 fiat
872 722 1092 775 commodi,
1123 724 1359 764 consentire
1385 726 1510 778 atque

122 779 173 820 11
190 778 402 832 adspirare
450 776 690 819 fortunam.9
764 778 913 820 ‘uisne'
962 779 1135 834 inquam
1182 779 1419 822 ‘restituere
1467 782 1511 822 id

190 836 334 890 nobis,
377 836 488 890 quod
533 836 722 877 debitum
766 838 856 877 tam
899 837 1081 892 benigne
1125 851 1172 879 ac
1208 840 1297 879 tam
1334 839 1513 880 libenter

190 893 357 947 fateris,
393 895 668 948 nostrumque
703 893 784 935 hoc
815 894 970 945 otium,
1007 909 1091 949 quo
1122 896 1283 949 perfrui
1313 911 1410 938 raro
1442 897 1512 938 ad-

191 951 362 993 modum
393 951 510 1006 licet‚
547 965 596 992 eo
628 951 788 1005 ducere,
817 955 865 993 ut
894 952 962 993 his
994 953 1145 1007 quibus
1175 955 1278 995 tunc
1307 956 1356 995 tu
1385 955 1512 996 inter-

125 1012 178 1053 12
193 1009 322 1051 fueris
351 1023 466 1051 nunc
495 1023 574 1050 nos
603 1009 806 1051 interesse
836 1009 1099 1051 uideamur‘P'
1159 1010 1344 1053 ‘faciam'
1375 1012 1514 1066 inquit

190 1066 254 1108 ‘ut
288 1067 366 1108 uis.
426 1067 609 1108 narrabo
647 1069 789 1108 autem
825 1068 906 1109 tibi
942 1082 1027 1109 non
1064 1068 1204 1109 cibum
1244 1072 1316 1110 aut
1352 1072 1513 1123 potum,

189 1128 279 1166 tam
315 1125 396 1165 etsi
433 1139 483 1165 ea
520 1138 683 1179 quoque
720 1125 902 1166 ubertim
940 1127 1135 1179 casteque
1173 1126 1400 1168 adfuerint:
1440 1128 1514 1168 sed

191 1185 232 1224 et
269 1196 375 1236 quae
411 1182 481 1224 uel
518 1182 560 1223 in
600 1182 807 1224 conuiuiis
844 1183 914 1224 uel
951 1183 1132 1224 maxime
1175 1187 1293 1225 extra
1323 1199 1514 1226 mensam

191 1240 244 1281 ab
275 1239 411 1282 isdem
441 1254 516 1293 per
546 1242 612 1281 tot
643 1240 729 1281 dies
762 1240 874 1282 dicta
905 1243 1016 1295 sunt,
1046 1242 1091 1282 in
1117 1244 1322 1296 quantum
1347 1245 1511 1296 potero,

122 1301 176 1342 13
191 1298 332 1339 animo
363 1296 580 1351 repetam.³
642 1312 747 1351 quae
779 1298 947 1352 quidem
979 1312 1056 1352 ego
1089 1313 1183 1340 cum
1216 1299 1423 1354 audirem,
1459 1300 1513 1342 ad

191 1370 336 1397 eorum
366 1355 472 1396 mihi
502 1355 649 1410 uitam,
680 1355 753 1409 qui
783 1356 898 1397 beati
926 1371 950 1396 a
976 1356 1239 1410 sapientibus
1266 1357 1513 1412 dicerentur,

191 1414 387 1455 accedere
418 1413 611 1454 uidebar:
652 1427 752 1454 nam
793 1416 835 1455 et
866 1428 971 1466 quae
1001 1414 1135 1467 pridie
1167 1429 1293 1469 quam
1324 1415 1514 1457 adessem

191 1471 301 1513 inter
332 1485 404 1512 eos
436 1471 549 1512 dicta
579 1474 677 1512 sunt
701 1470 866 1512 Auieno
898 1472 1003 1512 mihi
1030 1472 1271 1514 insinuante
1299 1475 1514 1528 comperta

192 1531 308 1583 sunt,
346 1531 388 1570 et
425 1529 566 1570 omnia
604 1528 762 1582 scripto
801 1529 1016 1583 mandaui,
1055 1530 1210 1583 nequid
1247 1531 1516 1573 subtraheret

192 1587 368 1628 obliuio:
407 1599 513 1640 quae
553 1586 588 1627 si
625 1600 675 1627 ex
711 1601 777 1627 me
816 1587 959 1628 audire
995 1588 1147 1642 gestis,
1183 1602 1284 1629 caue
1315 1589 1511 1630 aestimes

191 1645 302 1686 diem
345 1658 474 1685 unum
517 1643 744 1685 referendis
790 1658 896 1698 quae
933 1659 1007 1698 per
1042 1647 1107 1686 tot
1143 1645 1230 1686 dies
1268 1648 1365 1687 sunt
1401 1646 1514 1688 dicta

192 1700 412 1744 sufficere.⁹

124 1763 178 1806 14
306 1759 462 1800 Decius
494 1758 733 1813 ‘quemnam
769 1759 900 1814 igitur
936 1762 978 1800 et
1013 1760 1123 1801 inter
1159 1775 1266 1815 quos
1301 1763 1374 1802 aut
1403 1761 1513 1802 unde

192 1818 332 1859 ortum
375 1831 633 1865 sermonem,
675 1816 965 1870 Postumiane,
1008 1817 1140 1860 fuisse
1189 1818 1382 1860 dicebat?
1453 1819 1515 1860 ita

126 1879 178 1920 15
192 1877 360 1928 praesto
394 1889 487 1916 sum
516 1874 752 1916 indefessus
785 1874 980 1917 auditor?
1022 1878 1115 1917 tum
1145 1875 1217 1917 ille
1246 1875 1515 1918 ‘declinante'

192 1932 251 1973 ‘in
281 1946 506 1986 uesperum
538 1932 616 1986 die,
647 1946 771 1985 quem
798 1931 1020 1974 Saturnale
1050 1934 1206 1975 festum
1238 1936 1328 1975 erat
1353 1935 1515 1976 insecu-

287 2061 304 2090 1
331 2056 359 2090 Ρ
378 2067 442 2092 om.
462 2054 508 2090 B'
579 2055 780 2090 solstmahs
795 2057 873 2091 d1es
891 2058 926 2091 B
998 2061 1018 2092 2
1037 2057 1101 2093 1lle
1120 2058 1156 2092 B
1227 2058 1469 2102 consequutus
1482 2059 1519 2093 P

192 2107 211 2137 7
238 2102 425 2137 astrictum
443 2103 481 2137 P
549 2105 590 2136 11
616 2102 758 2147 sperare
780 2103 814 2136 P
882 2107 961 2147 post
986 2105 1132 2139 fortuna¹
1156 2105 1238 2139 add.
1264 2103 1296 2138 D
1315 2105 1359 2147 P,
1383 2104 1517 2139 Decius

191 2149 253 2183 Pm
348 2153 392 2183 14
416 2149 485 2183 deo
509 2148 554 2183 P
652 2151 694 2182 15
719 2153 802 2184 ante
825 2149 920 2184 facia
947 2150 1029 2185 add.
1056 2151 1083 2184 P
1108 2151 1153 2194 P,
1177 2150 1432 2186 Postumianus
1452 2151 1516 2185 Pm

193 2198 236 2230 17
262 2194 433 2230 affuerint
459 2195 504 2239 P,
529 2195 724 2229 adfuerunt
747 2195 794 2238 B,
821 2195 1002 2231 affuerunt
1026 2197 1046 2231 b
1118 2200 1161 2232 18
1186 2197 1247 2231 uel
1271 2207 1337 2232 om.
1363 2196 1400 2230 P
1467 2201 1510 2231 19

191 2240 326 2276 Ι’1Ιὶ1ειικ1
350 2241 477 2286 (11'dem
495 2242 537 2276 ‘in
553 2242 640 2286 ras.)
661 2241 696 2275 P
765 2245 808 2276 22
829 2252 923 2285 guae
942 2240 988 2276 B'
1062 2246 1107 2278 28
1126 2243 1157 2277 D
1176 2253 1231 2278 om
1248 2239 1295 2276 B'
1366 2246 1411 2277 30
1430 2246 1514 2278 ante

192 2289 271 2322 tum
285 2288 368 2323 add.
383 2287 411 2321 P
425 2288 538 2332 PBm,
556 2287 810 2334 Postumianus
818 2288 879 2322 Pm
928 2292 969 2323 31
985 2300 1025 2322 m
1038 2299 1092 2324 om
1108 2289 1144 2324 P
1187 2288 1459 2333 msequuturum
1481 2289 1517 2323 P
