1526 2444
164 42 248 85 606
459 43 606 80 COMM.
633 44 683 78 IN
709 44 850 80 SOMN.
877 44 987 80 SCIP.
1013 45 1142 80 LIBRI
1161 47 1194 81 11

162 149 285 191 nobis
323 150 665 204 septentrionalis
709 150 986 192 extremitatis
1023 151 1163 206 rigore
1200 156 1483 197 remouentur.

93 207 150 248 34
165 209 207 248 et
237 207 334 260 quia
364 221 448 248 non
481 210 544 247 est
582 221 667 247 una
698 208 883 249 omnium
921 209 1071 250 adfinis
1109 211 1372 253 continuatio
1410 212 1483 253 sed

159 265 405 305 interiectae
467 266 565 305 sunt
619 265 867 306 solitudines
921 280 972 306 ex
1019 267 1157 308 calore
1208 269 1277 309 uel
1325 269 1482 323 frigore

161 324 354 363 mutuum
395 322 652 376 negantibus
699 324 996 377 commeatum,
1037 323 1114 364 has
1151 327 1288 366 terrae
1326 331 1481 381 partes,

161 393 266 432 quae
299 394 323 420 a
355 382 554 433 quattuor
582 380 802 421 hominum
834 381 1057 434 generibus
1088 382 1348 437 incoluntur,
1380 398 1480 425 ma·
1515 396 1526 423 ε

92 436 298 478 35cu1as
330 437 643 479 habitationum
673 437 855 480 uocauit.
911 452 1035 492 quem
1067 439 1118 479 ad
1145 440 1314 480 modum
1339 444 1480 482 autem

161 494 290 535 ceteri
321 509 465 535 omnes
495 495 681 549 uestigia
717 509 794 536 sua
823 495 951 550 figere
983 496 1035 536 ad
1066 498 1214 537 nostra
1246 498 1480 553 credantur,

161 553 252 606 ipse
279 552 482 603 distinxit,
514 556 556 593 et
582 553 790 594 australes
817 553 984 607 quidem
1016 556 1159 606 aperte
1183 556 1480 608 pronuntiauit

161 610 406 652 aduersos
449 614 559 651 stare
600 610 725 652 nobis
763 611 938 652 dicendo
979 625 1187 664 quorum
1233 614 1479 655 australis

159 667 266 721 ille,
297 668 347 708 in
379 682 471 721 quo
498 668 581 722 qui
606 668 854 709 insistunt
885 668 1097 710 aduersa
1127 669 1271 711 uobis
1297 674 1526 725 urgentia

161 726 403 779 uestigia,
435 729 477 767 et
506 726 599 767 ideo
631 726 831 766 aduersi
861 726 984 767 nobis
1018 728 1125 777 sunt,
1157 727 1255 780 quia
1285 728 1329 768 in
1359 731 1480 781 parte

93 782 148 823 36
165 782 389 837 sphaerae,
427 797 533 837 quae
564 786 713 824 contra
742 797 820 824 nos
852 786 933 838 est,
963 787 1195 825 morantur.
1255 787 1389 826 restat
1419 786 1481 826 in-

161 841 337 894 quirere,
368 855 473 895 quos
503 845 826 882 transuersos
865 844 908 882 et
945 855 1049 895 quos
1082 842 1319 895 obliquos
1356 843 1480 884 nobis

161 900 272 938 stare
310 899 626 950 memorauerit,
663 898 734 939 sed
766 912 843 939 nec
875 899 924 939 de
960 899 1063 952 ipsis
1101 901 1242 952 potest
1279 914 1371 941 esse
1409 901 1480 941 du-

160 955 328 1008 bitatio,
366 956 466 1010 quin
498 959 820 997 transuersos
851 956 974 997 nobis
1012 958 1125 997 stare
1156 956 1309 998 dixerit
1339 957 1479 998 inferi-
1499 970 1526 996 ιε

160 1027 276 1054 orem
307 1028 436 1055 zonae
468 1016 639 1055 nostrae
669 1016 835 1067 partem
866 1016 1079 1067 tenentes,
1111 1013 1348 1068 obliquos
1379 1029 1479 1057 uero

160 1085 250 1125 eOS,
282 1071 353 1125 qui
384 1072 582 1112 australis
616 1071 776 1126 cinguli
807 1071 966 1112 deuexa
997 1071 1136 1112 sortiti
1168 1075 1278 1114 sunt.

90 1150 152 1192 VI
277 1149 487 1207 Superest,
517 1154 564 1192 ut
592 1152 641 1192 de
666 1154 805 1192 terrae
830 1151 964 1205 ipsius
991 1151 1154 1205 spatiis,
1178 1154 1337 1205 quanta
1360 1152 1480 1194 habi-

157 1209 311 1250 tationi
343 1210 555 1263 cesserint,
587 1212 746 1264 quanta
777 1209 864 1250 sint
893 1209 1052 1251 inculta
1075 1209 1318 1262 referamus,
1347 1209 1391 1251 id
1416 1213 1481 1251 est
1523 1261 1526 1269 ι

158 1281 265 1320 quae
303 1267 358 1307 sit
395 1267 661 1322 singulorum
702 1267 905 1308 dimensio
943 1267 1221 1321 cingulorum.
1287 1267 1396 1321 quod
1433 1270 1526 1308 utne

157 1324 283 1365 facile
327 1325 540 1379 dinoscas,
584 1324 842 1366 redeundum
879 1324 957 1366 tibi
1000 1327 1064 1365 est
1100 1324 1153 1365 ad
1189 1324 1304 1365 orbis
1342 1327 1480 1366 terrae

158 1382 503 1436 descriptionem,
540 1397 667 1436 quam
705 1383 829 1436 paulo
869 1384 966 1423 ante
1005 1382 1280 1434 subiecimus,
1322 1385 1370 1423 ut
1405 1397 1481 1436 per

158 1440 466 1494 adscriptarum
528 1440 767 1481 litterarum
824 1443 949 1481 notas
1003 1440 1114 1481 ratio
1169 1440 1480 1481 dimensionum
1524 1492 1526 1494 q

117 1497 339 1539 2lueidius
383 1498 625 1552 explicetur.
691 1498 826 1539 omnis
868 1499 1005 1539 terrae
1046 1497 1179 1552 orbis,
1221 1498 1263 1538 id
1301 1500 1365 1538 est
1402 1498 1480 1539 cir-
1523 1540 1526 1545 Δ

159 1557 294 1609 culus,
332 1556 402 1610 qui
441 1557 685 1597 uniuersum
719 1556 926 1596 ambitum
957 1555 1131 1608 claudit,
1167 1555 1234 1596 cui
1265 1555 1478 1609 adscripta
1496 1549 1526 1609 21]

157 1616 254 1654 sunt
285 1613 476 1668 ABGD,
513 1614 566 1655 ab
596 1614 682 1666 his,
723 1613 793 1667 qui
832 1627 926 1654 eum
963 1612 1126 1654 ratione
1158 1612 1337 1653 dimensi
1368 1616 1479 1664 sunt,
1524 1638 1526 1641 .

117 1671 201 1714 3in
243 1672 464 1726 sexaginta
502 1671 662 1712 diuisus
701 1674 765 1711 est
799 1673 953 1724 partes.
1018 1670 1147 1711 habet
1184 1672 1324 1711 autem
1361 1672 1478 1712 totus
1522 1680 1526 1718 ξ

155 1729 246 1782 ipse
296 1729 481 1770 ambitus
531 1729 764 1770 stadiorum
812 1727 992 1769 ducenta
1042 1728 1351 1782 quinquaginta
1396 1728 1478 1770 duo
1518 1727 1526 1788 J

155 1787 292 1840 milia,
329 1800 429 1841 ergo
468 1787 659 1842 singulae
697 1786 981 1840 sexagesimae
1019 1786 1302 1826 extenduntur
1331 1785 1478 1827 stadiis
1519 1789 1526 1829 i

156 1844 372 1897 quaternis
398 1844 570 1885 milibus
596 1844 779 1897 ducenis,
810 1846 853 1884 et
879 1844 968 1884 sine
995 1842 1122 1884 dubio
1147 1842 1349 1884 medietas
1375 1843 1476 1896 eius,
1493 1833 1526 1889 »4

155 1915 261 1955 quae
293 1904 358 1942 est
390 1917 415 1942 a
439 1901 478 1942 D
509 1916 584 1956 per
614 1902 834 1954 orientem,
864 1901 906 1941 id
937 1902 1002 1941 est
1033 1915 1107 1954 per
1130 1899 1170 1941 A
1201 1914 1331 1954 usque
1357 1900 1409 1941 ad
1433 1899 1478 1955 C,
1517 1904 1526 1960 ξ

194 1978 301 1981 --Qm
325 1979 327 1981 .
345 1978 432 1982 —
1520 1961 1526 1983 ξ

246 2019 267 2049 2
293 2015 414 2050 affims
434 2015 470 2049 B
541 2018 562 2048 5
587 2014 823 2059 generahbuf
845 2011 893 2048 P'
968 2017 986 2048 7
1013 2013 1145 2048 ceterls
1164 2012 1210 2047 B'
1283 2013 1330 2048 ad
1354 2013 1477 2048 nostra.
1519 2008 1526 2044 ἒ

153 2072 219 2096 om.
245 2062 282 2095 Β
354 2065 397 2095 10
422 2062 581 2105 urguent
604 2061 640 2094 B
713 2064 755 2094 12
781 2060 882 2107 spere
905 2060 941 2094 B
1010 2063 1051 2094 13
1077 2059 1168 2103 quos
1182 2063 1265 2103 post
1283 2061 1320 2094 et
1343 2070 1408 2095 om.
1428 2059 1475 2093 B'
1518 2070 1526 2107 g

154 2111 198 2142 14
223 2107 276 2141 set
300 2108 336 2142 Β
410 2110 452 2141 15
477 2118 580 2151 quim
604 2111 646 2141 ut
668 2107 745 2141 uid.
765 2106 814 2140 P'
890 2109 931 2140 17
951 2105 1038 2141 sort1
1057 2105 1140 2140 sunt
1158 2106 1194 2140 B
1266 2109 1308 2140 19
1335 2105 1477 2140 cessent
1518 2112 1526 2148 ξ

155 2155 191 2188 Ρ
265 2157 309 2187 23
335 2153 574 2198 ascriptarum
598 2153 635 2187 B
713 2157 756 2187 25
782 2152 897 2187 cladit
921 2150 969 2186 P'
1048 2151 1206 2196 arenpta
1230 2152 1266 2186 B
1342 2155 1387 2186 30
1411 2152 1476 2186 du-
1516 2151 1526 2190 ⁴!

152 2200 254 2270 {giiif
274 2235 317 2279 P,
341 2234 556 2270 ducentems
577 2235 613 2270 Β
1486 2218 1526 2444 j
