1526 2444
131 76 217 118 500
428 74 577 111 COMM.
602 74 654 110 IN
680 75 820 111 SOMN.
847 74 957 112 SCIP.
982 76 1111 111 LIBRI
1133 75 1151 111 1

130 182 273 237 ligari,
328 181 480 235 quibus
535 181 756 223 interiecta
807 181 1010 224 medietas
1065 184 1255 236 praestat
1295 183 1453 225 uinculi
1522 182 1526 218 J

131 240 388 281 firmitatem.
451 253 546 280 cum
588 247 688 280 uero'
731 239 934 280 medietas
971 239 1064 293 ipsa
1101 240 1357 294 geminatur,
1393 255 1454 295 ea,

133 312 240 352 quae
284 298 442 338 extima
487 298 602 349 sunt,
644 310 730 338 non
766 297 973 338 tenaciter
1009 300 1175 339 tantum
1213 298 1284 338 sed
1325 298 1454 340 etiam

133 354 416 395 insolubiliter
441 354 698 396 uinciuntur.
758 355 894 407 primo
927 360 1038 409 ergo'
1059 355 1245 396 ternario
1271 356 1454 410 contigit
1521 356 1526 393 Ξ

134 425 321 465 numero,
351 414 399 453 ut
428 411 539 453 inter
570 411 651 453 duo
684 426 848 453 summa
878 412 1079 465 medium,
1111 427 1192 466 quo
1223 413 1455 455 uinciretur

137 469 363 524 acciperet,
399 469 692 523 quaternarius
729 483 828 511 uero
866 469 970 511 duas
1007 469 1254 512 medietates
1293 471 1454 524 primus
1518 462 1526 478 '³

65 529 122 570 24
138 527 325 568 omnium
356 529 506 569 nactus
531 529 608 568 est.
669 541 773 581 quas
805 527 858 568 ab
889 527 970 569 hoc
999 541 1174 568 numero
1206 528 1307 569 deus
1338 542 1456 570 mun-

137 585 269 627 danae
306 585 430 634 molis
478 585 628 626 artifex
668 584 943 638 conditorque
985 587 1200 627 mutuatus
1237 586 1457 627 insolubili

135 643 246 684 inter
283 657 327 684 se
365 643 535 684 uinculo
567 643 776 684 elementa
807 642 1014 696 deuinxit,
1052 643 1162 685 sicut
1202 643 1247 684 in
1281 643 1455 685 Timaeo
1514 655 1516 657 ’

137 701 328 742 Platonis
355 701 571 745 adsertum
603 703 678 755 est,
707 714 791 742 non
818 701 941 742 aliter
965 702 1052 741 tam
1078 703 1350 742 controuersa
1376 700 1457 742 sibi
1507 727 1513 740 2

138 772 186 799 ac
227 759 510 824 repugnantia
553 760 596 799 et
630 761 808 800 naturae
850 758 1186 800 communionem
1227 758 1458 800 abnuentia

137 816 396 870 permisceri,
426 818 584 857 terram
616 815 707 857 dico
739 818 782 856 et
806 816 961 870 ignem·
973 817 1164 870 potuisse
1195 818 1239 857 et
1268 830 1343 871 per
1370 819 1459 858 tam

138 874 368 939 iugabilem
402 874 715 927 conpetentiam
746 873 965 927 foederari,
1004 873 1088 915 nisi
1118 874 1280 915 duobus
1311 873 1459 915 mediis
1515 886 1526 919 ἐι

71 926 127 975 25
141 931 249 973 aeris
276 934 318 972 et
343 945 476 985 aquae
500 932 678 972 nexibus
703 931 977 972 uincirentur.
1026 931 1093 976 ita
1113 931 1224 972 enim
1250 931 1460 973 elementa
1482 921 1488 927 ’
1522 965 1526 980 ,

139 990 251 1030 inter
277 1003 322 1030 se
346 989 635 1031 diuersissima
660 988 798 1042 opifex
822 991 964 1030 tamen
991 989 1091 1030 deus
1123 989 1281 1031 ordinis
1306 1003 1460 1044 oppor-
1520 990 1526 1042 f

138 1047 324 1088 tunitate
369 1047 582 1101 conexuit,
623 1048 671 1087 ut
711 1046 834 1088 facile
873 1047 1160 1101 iungerentur.
1225 1060 1326 1088 nam
1366 1061 1460 1088 cum

140 1105 267 1146 binae
299 1107 440 1146 essent
469 1105 514 1145 in
546 1104 725 1158 singulis
758 1104 1001 1158 qualitates,
1037 1104 1167 1144 talem
1203 1105 1277 1145 uni
1313 1104 1461 1159 cuique

67 1201 70 1204 ,
140 1163 190 1203 de
229 1163 391 1204 duabus
430 1163 607 1203 alteram
644 1161 776 1215 dedit,
817 1164 865 1202 ut
906 1162 949 1202 in
991 1175 1058 1215 eo,
1101 1161 1168 1202 cui
1205 1161 1463 1216 adhaereret,
1511 1155 1513 1157 ¹

72 1221 128 1264 26
144 1223 369 1274 cognatam
401 1220 484 1262 sibi
515 1222 558 1260 et
589 1219 771 1260 similem
807 1219 1051 1273 repperiret.
1110 1221 1225 1260 terra
1256 1221 1321 1260 est
1351 1219 1463 1261 sicca
1517 1240 1519 1246 „

143 1281 186 1320 et
223 1278 396 1333 frigida,
441 1292 551 1331 aqua
587 1291 688 1318 uero
726 1276 880 1332 frigida
916 1279 958 1318 et
993 1277 1189 1318 humecta
1225 1279 1299 1318 est.
1359 1276 1463 1319 haec
1487 1293 1506 1310 v

143 1337 225 1378 duo
258 1337 466 1377 elementa
496 1335 597 1377 licet
627 1335 710 1376 sibi
733 1349 809 1389 per
834 1335 989 1376 siccum
1013 1335 1338 1389 humectumque
1368 1348 1462 1377 con·
1509 1373 1511 1376 .

142 1394 275 1436 traria
306 1394 409 1446 sint,
449 1407 524 1447 per
560 1392 762 1448 frigidum
791 1394 935 1434 tamen
970 1406 1190 1443 commune
1220 1393 1462 1447 iunguntur.
1503 1403 1518 1446 J

141 1467 216 1494 aer
252 1452 472 1493 humectus
510 1453 553 1492 et
589 1450 748 1492 calidus
786 1453 850 1492 est
887 1453 947 1503 et,
984 1464 1077 1492 cum
1115 1464 1246 1504 aquae
1282 1450 1463 1506 frigidae
1501 1450 1504 1455 ’

146 1510 383 1552 contrarius
433 1509 490 1550 sit
532 1509 691 1563 calore,
733 1483 1030 1550 conciliatione
1069 1510 1211 1550 tamen
1252 1508 1358 1550 socii
1397 1522 1463 1551 co·
1496 1535 1498 1537 >

145 1568 316 1623 pulatur
346 1566 550 1609 humoris.
610 1580 734 1620 super
758 1566 869 1607 hunc
900 1566 1012 1620 ignis
1040 1580 1134 1608 cum
1161 1566 1215 1607 sit
1240 1566 1396 1608 calidus
1422 1567 1465 1607 et
1487 1582 1491 1585 ¹

84 1665 88 1667 .
144 1626 298 1676 siccus,
333 1625 554 1666 humorem
592 1624 761 1679 quidem
799 1624 910 1665 aeris
946 1624 1108 1678 respuit
1150 1624 1356 1678 siccitate,
1393 1623 1466 1665 sed

76 1685 130 1727 27
148 1684 381 1726 conectitur
405 1696 481 1737 per
506 1682 751 1724 societatem
782 1682 946 1723 caloris.
996 1681 1118 1723 etita
1142 1681 1202 1732 fit,
1225 1683 1274 1722 ut
1299 1681 1466 1736 singula
1501 1727 1522 1734 ,-

87 1779 97 1797 „
147 1755 337 1796 quaeque
357 1741 660 1782 elementorum
681 1739 761 1782 duo
782 1739 863 1781 sibi
882 1739 980 1781 hinc
1004 1739 1102 1780 inde
1127 1739 1268 1781 uicina
1288 1739 1465 1793 singulis
1501 1779 1503 1782 .

147 1799 425 1856 qualitatibus
452 1799 572 1840 uelut
597 1797 848 1852 quibusdam
874 1797 1184 1851 amplectantur
1206 1797 1333 1852 ulnis,
1358 1811 1467 1851 aqua
1494 1819 1497 1838 s

146 1860 304 1898 terram
335 1855 544 1910 frigore,
551 1869 690 1898 aerem
723 1856 803 1897 sibi
833 1855 967 1897 nectit
995 1855 1190 1909 humore3
1219 1868 1297 1896 aer
1333 1868 1466 1909 aquae
1491 1887 1493 1890 -

242 1996 260 2026 1
287 1992 446 2027 uinculis
465 1992 507 2027 ni
529 1993 639 2035 fallor
663 1989 709 2027 P'
819 1995 839 2026 3
865 1991 932 2026 &ia
953 1993 958 2035 Ι
979 1991 1180 2027 solubiliter
1204 1991 1241 2026 P
1335 1995 1358 2025 4
1374 1990 1466 2026 'con-
1490 1991 1491 1994 ’

147 2040 260 2084 tingit
284 2039 320 2073 Β
393 2042 413 2073 5
439 2038 540 2073 suma
564 2039 605 2073 in
629 2048 700 2074 ras.
726 2038 767 2073 in
790 2037 827 2073 B
898 2041 918 2071 9
943 2040 1056 2073 time‘o
1076 2037 1145 2072 PB
1218 2041 1261 2072 10
1279 2036 1418 2072 assertu
1433 2037 1468 2072 B

149 2089 192 2120 12
218 2085 420 2129 promisclrl
452 2095 541 2120 corr.
574 2085 614 2119 in
645 2084 855 2128 promisceri
884 2085 1012 2129 (supra
1037 2084 1129 2119 add.
1145 2086 1162 2117 1
1186 2083 1407 2128 permisceri)
1432 2083 1468 2118 Β
1494 2079 1495 2082 ’

195 2134 233 2166 et
258 2142 322 2167 om.
351 2132 387 2165 P
470 2134 511 2164 13
536 2130 697 2177 fetet-ari
712 2141 802 2166 corr.
827 2131 869 2165 in
892 2130 1051 2177 federari
1075 2131 1117 2164 in
1140 2130 1176 2164 Β
1261 2132 1304 2164 18
1331 2127 1482 2164 duobus.

149 2178 219 2213 ΡΒ
308 2177 425 2212 altera
449 2177 486 2211 Β
574 2175 709 2211 heret&
734 2177 770 2211 Β
858 2179 902 2211 20
927 2177 1072 2211 umecta
1097 2175 1146 2210 P'
1237 2179 1280 2210 21
1307 2176 1468 2211 umecti'i-
1483 2172 1490 2202 Γ

150 2235 220 2268 que
251 2220 313 2267 P,
343 2225 426 2268 ts1q3
458 2224 499 2258 in
522 2222 752 2279 humecltuq3
781 2223 824 2258 in
847 2233 918 2257 ras.
943 2223 985 2257 in
1009 2222 1045 2257 Β
1162 2225 1207 2257 23
1231 2221 1398 2256 umectus
1417 2217 1524 2258 12'

151 2269 307 2305 callidus
329 2270 364 2304 P
434 2273 477 2304 25
502 2269 641 2304 umoris
661 2267 708 2304 P'
781 2271 825 2304 26
851 2280 976 2304 umore
1001 2268 1049 2303 P'
1122 2272 1167 2303 30
1191 2278 1315 2303 umore
1343 2267 1391 2303 P'
