1526 2444
158 101 244 142 522
455 101 601 136 OOMM.
627 100 678 137 IN
704 101 846 137 SOMN.
873 101 982 137 SCIP.
1008 102 1134 137 LIBRI
1157 105 1174 139 Ι

156 207 420 261 habitantes,
451 206 576 248 facile
607 209 706 259 post
736 221 886 261 corpus
918 208 1155 262 caelestem,
1185 223 1312 262 quam
1341 224 1474 264 paene

156 279 242 306 non
266 265 536 318 reliquerant,
565 264 705 305 sedem
730 267 967 318 reposcunt.
1026 280 1103 308 nec
1129 267 1241 307 enim
1266 267 1316 308 de
1340 267 1473 310 nihilo

157 325 231 363 aut
256 322 306 362 de
332 336 441 363 uana
461 321 702 363 adulatione
721 322 929 376 ueniebat,
953 323 1064 376 quod
1084 324 1288 377 quosdam
1306 325 1474 366 urbium

158 379 398 421 conditores
430 381 504 420 aut
534 379 671 420 claros
701 379 746 420 in
776 394 821 420 re
845 380 1011 431 publica
1041 381 1155 422 uiros
1186 382 1230 422 in
1254 396 1474 424 numerum

157 436 329 478 deorum
366 437 631 479 consecrauit
667 437 916 491 antiquitas,
959 438 1030 478 sed
1061 438 1269 480 Hesiodus
1307 453 1472 494 quoque
1510 452 1526 478 5

157 494 326 535 diuinae
367 494 526 536 subolis
564 494 755 535 adsertor
791 495 950 548 priscos
987 509 1108 550 reges
1149 510 1244 537 cum
1281 496 1343 538 dis
1381 497 1474 538 aliis

157 554 393 607 enumerat,
423 552 572 606 hisque
604 553 797 605 exemplo
829 553 983 593 ueteris
1014 555 1239 606 potestatis
1270 554 1399 595 etiam
1429 555 1474 596 in

117 609 272 651 7caelo
321 609 493 664 regendi
541 624 606 651 res
656 610 862 651 humanas
923 609 1118 665 adsignat
1172 611 1368 653 officium.
1433 616 1476 653 et

155 668 278 708 necui
301 667 571 709 fastidiosum
598 668 664 721 sit,
689 668 724 708 si
753 681 899 708 uersus
918 667 1049 721 ipsos,
1074 671 1122 709 ut
1146 672 1272 722 poeta
1291 669 1474 711 Graecus

155 725 351 778 protulit,
387 725 640 778 inseramus,
670 725 899 766 referemus
931 739 1021 779 eos,
1056 729 1103 767 ut
1134 740 1183 767 ex
1214 727 1354 768 uerbis
1386 727 1472 768 suis
1493 739 1526 765 io

154 783 200 822 in
231 782 385 823 Latina
414 783 545 823 uerba
576 783 767 824 conuersi
800 785 897 823 sunt

215 862 422 917 indigetes
454 863 539 903 diui
570 863 659 903 fato
693 863 846 903 summi
875 862 991 904 Iouis
1022 863 1067 904 hi
1099 866 1214 905 sunt:

214 920 425 974 quondam
479 920 689 974 homines,
745 920 869 961 modo
925 934 1019 961 cum
1073 921 1235 974 superis
1290 921 1476 962 humana

1240 981 1418 1033 tuentes,

213 1035 324 1089 largi
356 1049 404 1076 ac
435 1034 632 1088 munifici,
662 1035 727 1076 ius
758 1048 906 1089 regum
938 1049 1049 1076 nunc
1080 1049 1243 1089 quoque
1274 1037 1400 1078 nacti.
1494 1049 1526 1075 1⁵

117 1114 238 1157 8hoc
275 1117 318 1156 et
354 1114 570 1170 Vergilius
606 1129 692 1156 non
731 1115 920 1170 ignorat,
962 1115 1050 1170 qui,
1091 1116 1191 1157 licet
1227 1118 1475 1171 argumento

158 1187 233 1214 suo
265 1172 453 1214 seruiens
484 1173 635 1214 heroas
666 1173 710 1213 in
739 1172 899 1214 inferos
924 1174 1189 1227 relegauerit,
1219 1188 1303 1215 non
1332 1176 1476 1216 tamen

156 1244 227 1271 eos
260 1230 431 1271 abducit
461 1245 486 1271 a
511 1231 627 1272 caelo
655 1230 727 1271 sed
752 1230 922 1272 aethera
946 1230 1013 1271 his
1040 1231 1214 1284 deputat
1237 1232 1476 1286 largiorem,

155 1290 199 1328 et
228 1302 352 1329 nosse
385 1303 456 1329 eos
490 1289 620 1329 solem
652 1302 774 1329 suum
805 1302 854 1329 ac
885 1303 961 1329 sua
991 1288 1129 1330 sidera
1158 1289 1398 1343 profitetur,
1428 1292 1476 1330 ut

155 1344 346 1399 geminae
361 1345 576 1387 doctrinae
597 1345 913 1387 obseruationes
932 1346 1205 1401 praestiterit,
1225 1349 1267 1388 et
1285 1347 1473 1401 poeticae
1492 1361 1526 1386 20

115 1403 407 1456 9figmentum
434 1405 475 1444 et
498 1402 795 1457 philosophiae
819 1403 1056 1445 ueritatem.
1111 1406 1153 1445 et
1184 1405 1221 1446 si
1246 1404 1474 1446 secundum

153 1460 276 1502 illum
300 1475 367 1501 res
394 1475 558 1515 quoque
584 1461 776 1515 leuiores,
802 1475 907 1514 quas
926 1461 1014 1502 uiui
1033 1464 1317 1516 exercuerant,
1345 1462 1472 1503 etiam

151 1520 252 1571 post
280 1532 433 1572 corpus
465 1521 658 1560 exercent

433 1612 539 1653 quae
571 1599 711 1653 gratia
742 1612 908 1640 currum
1524 1630 1526 1650 :

212 1670 508 1710 armorumque
539 1656 620 1697 fuit
650 1656 773 1710 uiuis,
804 1670 910 1710 quae
941 1670 1041 1698 cura
1070 1657 1246 1698 nitentis
1492 1669 1526 1698 25.

212 1727 386 1767 pascere
417 1728 558 1768 equos,
589 1713 736 1755 eadem
768 1715 957 1769 sequitur
986 1714 1139 1756 tellure
1169 1716 1375 1769 repostOS,

153 1794 289 1834 mult-o
333 1795 471 1848 magis
518 1797 703 1836 rectores
754 1795 966 1848 quondam
1014 1795 1181 1836 urbium
1230 1795 1389 1849 recepti
1429 1795 1474 1836 in

249 1911 289 1941 12
314 1907 462 1943 Hesiod.
488 1909 517 1943 ἔ.
542 1920 571 1944 κ.
598 1910 632 1951 ή.
658 1907 675 1941 I
702 1911 764 1942 121
841 1911 889 1941 24
914 1907 1022 1952 Verg.
1049 1909 1136 1942 Aen.
1161 1907 1212 1963 VI
1237 1912 1304 1943 653
1520 1927 1526 1953 1

244 2014 264 2045 2
290 2011 494 2056 respofcunt
517 2010 564 2046 B'
643 2022 740 2046 enim
765 2022 830 2047 om.
856 2011 903 2046 B'
981 2012 1098 2047 nihilo
1118 2015 1263 2056 praeter
1286 2023 1312 2045 n
1334 2012 1376 2046 in
1399 2023 1470 2047 ras.
1516 1997 1526 2039 ἶ

149 2059 191 2093 in
214 2058 251 2093 Β
322 2060 342 2091 5
367 2057 414 2092 s&
431 2058 469 2092 B
541 2062 561 2092 6
582 2057 718 2092 sobolis
738 2058 758 2093 b
830 2057 982 2092 assertor
1000 2058 1037 2092 P
1103 2057 1222 2102 piscos
1235 2056 1280 2092 B‘
1354 2057 1426 2102 diJs
1438 2058 1476 2093 P

150 2107 171 2139 8
199 2104 356 2148 assignat
379 2105 416 2139 B
504 2103 644 2139 officias
665 2101 710 2138 B'
801 2106 839 2138 et
862 2113 934 2138 neu
958 2070 1144 2139 fastidium
1169 2102 1216 2139 B'
1321 2108 1342 2138 9
1367 2103 1412 2138 us
1430 2104 1472 2140 in

149 2150 274 2185 uersus
294 2151 335 2185 in
353 2160 424 2186 rae.
450 2151 492 2185 in
515 2151 551 2189 B
630 2153 672 2183 15
698 2149 757 2184 ius
769 2154 916 2194 praeter
939 2149 958 2183 s
977 2151 1019 2185 in
1042 2161 1115 2186 ras.
1140 2151 1182 2185 in
1205 2150 1242 2184 P
1314 2160 1410 2184 nunc
1429 2160 1472 2194 p,

149 2207 224 2231 non
247 2197 285 2231 P
393 2200 436 2231 17
462 2196 525 2231 suo
550 2207 615 2232 om.
641 2196 677 2230 B
781 2196 984 2232 **heroas
1002 2197 1039 2231 P
1146 2199 1188 2230 18
1214 2196 1398 2232 aethera*
1425 2195 1470 2240 P,
1505 2222 1508 2228 ι

151 2243 274 2278 ethere
299 2243 336 2277 Β
422 2246 464 2277 19
490 2242 627 2278 suum*
651 2242 688 2276 P
765 2245 810 2276 24
835 2246 966 2277 currui-i
993 2243 1065 2278 PB
1148 2245 1193 2277 25
1218 2241 1314 2276 uiuis
1333 2243 1374 2277 in
1397 2251 1470 2277 ras.
1499 2271 1503 2276 .

149 2290 190 2325 in
213 2290 250 2325 B
320 2289 480 2324 nitentes
498 2289 534 2324 P
608 2293 652 2324 26
677 2299 716 2324 in
739 2288 872 2323 tellure
897 2289 934 2323 P
1500 2306 1503 2310 ·
