1526 2444
0 0 26 131 l

5 132 22 180 ’ξ

2 182 21 222 i

495 81 564 117 xv
589 84 677 117 30—
684 84 728 116 32
766 78 853 115 XVI
880 81 970 114 1—6
1323 75 1408 117 643

59 205 296 247 numquam
327 190 441 232 inter
473 204 518 231 se
550 188 721 231 differre
746 187 972 243 fateamur,
1003 200 1240 242 numquam
1264 186 1412 226 tamen

61 252 124 294 ita
161 250 245 292 sibi
281 251 466 305 possunt
503 262 597 291 esse
630 247 867 300 contraria,
903 249 953 288 ut
984 245 1167 288 aduersa
1199 243 1283 287 sibi
1314 245 1414 286 sunt

2 297 22 327 '²
62 312 177 353 stare
221 311 264 350 et
305 308 481 350 moueri
552 322 652 349 nam
698 306 735 348 si
780 305 868 348 albi
910 304 1081 347 initium
1123 304 1295 360 nigrum
1337 316 1409 344 uo-

5 398 26 436 ὲ

0 474 21 495 1(

7 498 21 533 Ξ.

6 558 17 581 l

5 364 14 394 ²>
62 371 251 422 caretur,
294 370 338 409 et
382 367 543 409 siccum
589 368 703 408 esset
739 364 932 407 humoris
971 363 1209 418 exordium,
1251 362 1413 404 bonum

0 433 44 470 35
63 427 114 470 de
151 427 284 481 malo,
322 440 374 468 ex
413 439 558 468 amaro
590 425 715 467 initio
749 424 871 466 dulce
901 423 1162 478 procederet.
1222 421 1296 464 sed
1326 434 1415 463 non

61 487 124 529 ita
167 489 250 540 est,
294 485 394 540 quia
436 498 571 539 usque
617 483 670 526 ad
715 482 1063 525 contrarietatem
1106 481 1231 523 initia
1271 483 1314 522 et
1350 494 1414 522 se-

62 545 236 601 quentia
268 543 471 586 dissidere
502 546 657 585 natura
687 556 774 584 non
805 541 986 596 patitur,
1019 541 1239 582 inuenitur
1269 541 1415 581 tamen

63 605 177 646 inter
206 604 302 658 ipsa
332 617 418 644 non
450 616 685 669 numquam
715 601 818 643 talis
850 600 1104 653 differentia,
1136 599 1276 654 qualis
1302 598 1415 640 inter

18 692 19 696 ,
66 677 111 705 se
143 661 303 718 origini
335 661 713 716 progressionique
745 659 993 713 conueniat,
1030 661 1079 700 ut
1111 661 1178 700 est
1208 658 1280 699 hic
1312 671 1416 712 quo·

8 768 18 776 Ι,
65 736 146 777 que
182 722 296 763 inter
333 723 516 787 motum,
555 733 639 786 quo
674 721 872 761 mouetur
903 718 1048 759 anima
1079 719 1123 759 et
1154 732 1238 772 quo
1270 718 1416 758 mouet

8 775 23 806 ’ἶ
65 784 218 822 cetera.
280 793 368 821 non
407 779 519 820 enim
559 778 745 819 animam
778 777 903 818 Plato
937 776 1194 830 simpliciter
1224 777 1415 817 motum

8 852 15 863 ’·
66 839 174 881 dixit
206 838 278 880 sed
311 839 498 880 motum
532 851 585 879 se
618 838 914 878 mouentem.
970 835 1082 876 inter
1112 837 1279 876 motum
1311 846 1415 888 ergo

16 897 22 946 ζ
65 912 111 940 se
160 899 407 940 mouentem
458 899 501 938 et
550 897 734 950 motum,
783 909 866 949 quo
917 897 1063 936 mouet
1106 896 1264 948 cetera,
1314 892 1416 948 quid

9 965 25 1010 ⁴².
65 957 247 1008 intersit,
279 957 325 998 in
357 958 506 1010 aperto
541 957 617 1009 est,
650 954 686 996 si
717 953 887 1008 quidem
919 953 991 994 ille
1024 953 1113 994 sine
1140 956 1312 995 auctore
1338 953 1416 1006 est,

27 1038 41 1052 ·-
65 1015 136 1058 hic
186 1015 283 1057 aliis
333 1017 476 1056 motus
526 1016 675 1056 auctor
718 1015 794 1054 est.
868 1011 1066 1054 constitit
1109 1025 1230 1067 ergo,
1278 1024 1416 1065 neque

66 1074 173 1117 adeo
211 1088 338 1129 posse
375 1073 500 1115 initia
538 1087 587 1115 ac
625 1072 676 1114 de
712 1070 848 1113 initiis
887 1073 1112 1126 procreata
1143 1071 1332 1125 differre,
1369 1072 1418 1111 ut

2 1138 26 1163 '³
67 1133 284 1176 contraria
352 1132 434 1175 sibi
499 1132 602 1186 sint,
670 1145 748 1173 nec
809 1133 956 1172 tamen
1015 1130 1085 1171 hic
1148 1130 1416 1172 moderatam

4 1207 6 1236 3
67 1192 354 1234 differentiam
405 1190 608 1245 defuisse,
658 1204 745 1231 non
794 1189 929 1245 igitur
979 1189 1114 1231 stabit
1156 1188 1418 1243 principium

4 1258 5 1267 ¹
67 1253 230 1305 motus,
280 1250 394 1306 quod
443 1249 516 1291 ille
566 1249 720 1291 artifici
770 1248 1042 1297 conclusione
1086 1246 1273 1303 collegit.
1349 1246 1416 1288 his

4 1312 14 1359 Q
66 1310 208 1365 tertia,
240 1312 288 1351 ut
320 1308 608 1363 meminimus,
578 1302 866 1350 &successit
874 1305 1062 1349 obiectio
1087 1307 1176 1348 uni
1201 1306 1273 1348 rei
1300 1320 1418 1348 0011-

14 2166 27 2217 l*

4 1363 24 1422 ,⁴]
66 1370 229 1411 traria
266 1368 417 1411 simul
455 1367 684 1410 accidere
720 1380 819 1409 non
857 1380 1026 1421 posse,
1064 1368 1112 1407 et
1152 1365 1271 1420 quia
1302 1379 1418 1407 con-

15 1427 18 1431 ’
67 1428 233 1470 traria
264 1427 363 1470 sibi
401 1429 521 1469 sunt
558 1440 760 1468 mouere
798 1427 849 1467 et
886 1425 1095 1478 moueri,
1132 1439 1231 1466 non
1268 1437 1418 1479 posse

6 1499 29 1544 3·-
67 1487 284 1529 animam
324 1501 375 1528 se
413 1500 613 1528 mouere
656 1499 715 1526 ne
759 1484 930 1526 eadem
976 1485 1025 1526 et
1061 1485 1326 1526 moueatur
1370 1485 1420 1524 et

67 1547 280 1588 moueat.
342 1545 415 1588 sed
466 1545 548 1587 hoc
605 1544 800 1599 superius
852 1543 1024 1585 adserta
1073 1542 1334 1597 dissoluunt,
1381 1541 1419 1583 si

72 1604 243 1661 quidem
271 1604 469 1647 constitit
494 1604 539 1645 in
567 1603 733 1645 animae
759 1604 881 1645 motu
908 1602 991 1644 duo
1013 1616 1100 1644 non
1118 1601 1420 1657 intellegenda,

70 1663 184 1719 quod
222 1666 397 1706 moueat
434 1665 477 1705 et
509 1662 623 1718 quod
654 1663 898 1713 moueatur,
937 1661 1036 1716 quia
1066 1660 1175 1703 nihil
1206 1663 1273 1703 est
1305 1660 1420 1702 aliud

9 1730 27 1778 j
72 1723 126 1765 ab
162 1737 206 1765 se
237 1723 401 1765 moueri
434 1736 563 1777 quam
595 1721 759 1763 moueri
792 1720 877 1762 alio
909 1734 997 1762 11011
1028 1721 1240 1762 mouente.
1302 1719 1422 1762 nulla

18 1827 19 1830 ,
70 1784 137 1824 est
168 1795 270 1836 ergo
303 1781 606 1835 contrarietas,
638 1780 712 1822 ubi
744 1779 856 1835 quod
887 1779 938 1821 fit
969 1793 1101 1820 unum
1134 1782 1210 1834 est,
1242 1779 1340 1833 quia
1370 1778 1457 1843 fit

18 1867 23 1871 ⁴
69 1854 157 1883 non
208 1841 262 1882 ab
309 1841 395 1882 alio
440 1840 555 1883 circa
599 1839 749 1890 alium,
798 1838 955 1893 quippe
1001 1852 1097 1880 cum
1140 1838 1232 1894 ipse
1275 1814 1454 1880 motus

10 1894 45 1957 ξι
72 1899 240 1941 animae
277 1899 336 1941 sit
370 1899 570 1940 essentia.
632 1911 682 1939 ex
713 1897 796 1940 hoc
829 1897 883 1952 ei,
921 1898 970 1938 ut
1000 1911 1130 1952 supra
1160 1897 1422 1952 rettulimus,

14 1982 26 2027 {²
70 1960 174 2000 nata
230 1960 296 1999 est
350 1958 518 2000 occasio
576 1958 731 2011 quarta
785 1956 1047 1999 certaminis.
1125 1955 1168 1998 si
1224 1956 1421 1998 animae

165 2137 186 2168 3
211 2132 276 2168 sl*
301 2133 344 2177 P,
371 2131 420 2167 sle
447 2131 484 2166 Β
565 2134 585 2166 5
611 2135 644 2167 et
671 2134 713 2165 12
739 2134 771 2166 et
797 2134 842 2165 24
866 2130 920 2166 set
945 2131 982 2166 B
1062 2135 1082 2166 7
1109 2130 1304 2167 dissereere
1330 2142 1422 2167 corr.

69 2181 111 2216 in
143 2179 324 2216 d1rsedere
349 2179 398 2223 B,
423 2177 548 2213 111111δο
574 2177 640 2212 Bm
742 2189 817 2214 non
842 2188 908 2214 om.
935 2175 981 2213 B‘
1059 2181 1102 2213 15
1133 2178 1196 2213 hic
1223 2200 1266 2204 —
1293 2181 1424 2214 auctor

27 2258 37 2275 »⁷
70 2227 124 2262 est
154 2237 222 2263 om.
248 2225 296 2263 P
380 2230 422 2261 17
455 2224 688 2262 moderatam
720 2225 968 2261 differentiam
995 2226 1057 2260 hic
1080 2225 1117 2260 Β
1198 2230 1241 2262 19
1268 2237 1340 2271 quo
1370 2223 1421 2259 P'

24 2296 30 2311 ς
71 2279 112 2311 21
141 2275 184 2310 ut
209 2285 297 2319 quia
322 2274 359 2309 P
433 2276 478 2308 23
503 2282 572 2308 1100
597 2273 634 2308 Β
714 2275 758 2308 24
785 2272 952 2308 dissoluit
977 2270 1025 2308 P'
1113 2276 1158 2308 28
1183 2284 1272 2319 ergo
1297 2284 1361 2309 om.
1387 2273 1424 2308 B

22 2327 81 2386 ’ὲ
71 2325 116 2358 30
142 2332 266 2358 anima
290 2325 332 2358 ut
355 2318 828 2357 uid.P‘retu11murB
902 2324 947 2355 31
975 2320 1256 2367 certam11n1m1s
1274 2321 1310 2355 Β

1064 2378 1138 2414 41*

1426 302 1453 344 3

1428 774 1458 816 4

1403 1214 1517 1319 δῖ

1459 1770 1495 1810 ‚sl

1474 1873 1488 1891 Χ

1436 1897 1462 1938 6

1507 1214 1526 1238 L
