1526 2444
125 81 210 124 358
632 83 728 120 SAT.
752 83 881 119 LIBRI
898 83 949 119 VI

55 187 110 229 38
183 187 425 242 Numquam
467 188 592 230 hodie
632 189 821 244 effugies,
864 190 1031 232 ueniam
1069 204 1332 245 quocumque
1370 205 1442 233 uo-

123 257 311 299 Naeuius
343 257 387 298 in
415 257 538 312 Equo
564 257 745 300 Troiano
1235 248 1375 299 [carls-

181 340 413 379 numquam
447 326 572 367 hodie
604 327 796 382 effugies,
833 329 935 382 quin
965 342 1059 369 mea
1090 342 1218 369 manu
1248 327 1440 370 moriare

55 418 108 459 39
181 416 383 459 Vendidit
411 418 479 460 hic
510 432 611 460 auro
643 419 826 473 patriam
857 419 1155 473 dominumque
1186 422 1402 474 potentem

183 475 387 528 imposuit
418 476 510 517 fixit
541 476 658 531 leges
688 477 823 530 pretio
856 479 982 531 atque
1013 477 1163 519 refixit.
1475 495 1491 522 5

124 542 280 585 Varius
312 545 363 585 de
394 543 531 586 Morte

181 612 372 654 uendidit
401 614 470 655 hic
501 613 671 655 Latium
703 615 869 668 populis
902 628 1109 669 agrosque
1139 614 1348 664 Quiritum

184 670 356 724 eripuit:
387 672 480 713 fixit
510 672 626 726 leges
656 673 795 726 pretio
827 675 953 727 atque
983 674 1132 716 refixit.

53 762 110 803 40
181 761 241 803 Vt
272 776 440 817 gemma
470 764 591 805 bibat
620 766 662 805 et
694 763 877 806 Sarrano
909 765 1090 808 dormiat
1116 768 1242 808 ostro.

121 829 277 872 Varius
308 833 358 873 de
388 832 527 874 Morte
1461 854 1494 878 10

182 901 353 942 incubet
382 903 425 943 et
455 902 594 956 Tyriis
627 904 751 956 atque
783 917 833 943 ex
863 902 999 944 solido
1031 903 1151 944 bibat
1182 917 1294 945 auro.

55 992 107 1033 41
184 991 304 1034 Talia
335 994 474 1035 saecla
506 994 593 1035 suis
624 994 821 1036 dixerunt
852 995 1004 1036 currite
1034 995 1151 1037 fusis.

122 1060 311 1103 Catullus

180 1131 334 1172 currite
366 1131 535 1172 ducenti
566 1132 842 1187 subtegmine,
872 1133 1027 1174 currite
1058 1132 1153 1173 fusi.

51 1222 108 1263 42
181 1222 301 1264 Felix
332 1223 415 1264 heu
446 1223 623 1264 nimium
654 1223 755 1264 felix
787 1224 823 1264 si
849 1224 1000 1266 littora
1031 1226 1196 1266 tantum
1458 1243 1490 1269 15
1521 1229 1526 1268 Σ

179 1295 410 1335 numquam
442 1281 679 1322 Dardaniae
709 1281 951 1336 tetigissent
980 1286 1126 1324 nostra
1157 1283 1336 1324 carinae.
1525 1283 1526 1286 ’

121 1348 312 1391 Catullus

176 1418 366 1473 Iuppiter
397 1419 663 1472 omnipotens
694 1419 858 1460 utinam
888 1433 974 1461 non
1004 1421 1193 1474 tempore
1223 1421 1359 1474 primo

177 1475 336 1518 Gnosia
367 1475 593 1530 Cecropiae
624 1476 868 1531 tetigissent
898 1477 1045 1519 littora
1075 1492 1250 1532 puppes.

1518 1380 1526 1503 „nmssx—
1522 1350 1526 1357 .

49 1568 106 1609 43
396 1567 555 1624 Magna
585 1583 682 1610 ossa
712 1569 977 1624 lacertosque
1455 1588 1489 1613 20
1515 1614 1520 1623 γ’

176 1626 340 1668 extulit.
1520 1630 1526 1645 ⁴

117 1694 304 1737 Lucilius
335 1696 379 1737 in
411 1696 590 1750 septimo
622 1695 782 1738 decimo

213 1830 230 1860 1
258 1826 373 1869 eclog.
398 1826 450 1860 111
475 1829 517 1861 49
636 1830 656 1861 2
683 1826 726 1860 fr.
754 1829 796 1861 15
821 1825 1015 1862 Ribbeckfi
1135 1830 1157 1860 4
1180 1827 1268 1862 Aen.
1293 1827 1343 1862 vi
1368 1830 1434 1862 621

119 1875 139 1906 9
165 1870 296 1916 Georg.
321 1872 355 1905 Π
380 1876 447 1907 506
540 1877 581 1907 12
608 1872 724 1916 eclog.
751 1872 819 1906 IIII
844 1875 888 1907 46
975 1876 1016 1907 14
1042 1872 1274 1918 epithalamii
1298 1873 1373 1908 Pel.
1399 1877 1437 1908 et
1512 1829 1526 1944 i

117 1917 223 1952 Thet.
249 1921 316 1952 327
391 1922 432 1953 15
457 1919 546 1953 Aen.
573 1918 642 1953 1111
667 1922 733 1954 657
808 1922 849 1953 18
872 1918 986 1964 epith.
1008 1923 1071 1955 171
1145 1922 1189 1954 20
1208 1919 1297 1955 Aen.
1316 1918 1350 1954 V
1368 1922 1434 1953 422
1510 1944 1526 1983 q

210 2042 233 2073 4
255 2043 442 2083 pomim‘iq.
470 2038 520 2073 P'
599 2042 619 2073 5
643 2040 825 2075 fiuxit*
851 2040 944 2084 (fuit
968 2051 1002 2083 q.
1026 2044 1068 2075 ut
1091 2040 1182 2083 uid.)
1207 2040 1244 2074 P
1322 2042 1343 2074 8
1368 2050 1435 2075 en-

117 2085 257 2129 pum*
277 2087 283 2128 Ι
304 2085 341 2119 Ρ
407 2086 594 2129 fix1tq.ut
617 2087 693 2121 uid.
718 2083 766 2120 P'
840 2089 860 2120 9
885 2095 1031 2130 gemma
1055 2086 1092 2120 P
1159 2090 1200 2120 11
1226 2087 1268 2120 ut
1285 2085 1391 2129 tyrus
1405 2086 1442 2120 P
1507 2094 1510 2101 ⁴

119 2134 162 2165 13
188 2130 332 2167 catulus
351 2131 389 2166 P
461 2135 504 2166 14
529 2132 701 2166 ducentes
722 2132 850 2166 laudat
867 2132 1053 2167 Bentleius
1074 2132 1173 2167 Mus.
1194 2131 1307 2167 Rhea.
1328 2135 1437 2175 1881,

118 2180 193 2213 326
292 2177 387 2213 *sub
411 2178 545 2212 temme
570 2179 627 2223 (in
649 2188 722 2213 ras.
746 2178 820 2221 fuit
844 2178 878 2222 c)
905 2177 941 2211 P
1041 2181 1083 2212 15
1107 2188 1222 2212 nimia
1246 2175 1295 2213 P'
1394 2159 1437 2212 17’

118 2223 264 2258 catulus
283 2224 320 2258 P
390 2228 431 2259 18
458 2235 543 2268 omp
521 2223 564 2257 ‘s
577 2224 613 2259 P
683 2227 725 2258 19
751 2234 907 2270 c1crop1e
930 2224 966 2258 P
1034 2227 1078 2259 20
1091 2227 1175 2269 post
1193 2223 1268 2259 ossa
1286 2224 1436 2260 deletum

119 2269 252 2304 extulit
275 2271 315 2304 in
341 2271 377 2305 P
444 2274 488 2305 22
514 2269 643 2305 Lucius
665 2270 702 2304 P
771 2269 982 2305 ·XV11-P
