1526 2444
122 60 208 102 254
629 58 728 93 SAT.
755 57 882 92 LIBRI
906 57 938 92 V
1504 0 1526 133 1

58 169 111 209 14
125 166 266 221 Scylla
286 180 453 220 quoque
473 167 516 206 et
535 163 772 218 Charybdis
793 166 835 205 et
854 162 973 205 Circe
993 163 1188 204 decenter
1207 161 1445 216 attingitur,
1520 151 1526 222 ξ

124 228 167 266 et
208 239 285 279 pro
324 223 434 265 Solis
477 223 677 264 armentis
717 221 975 275 Strophades
1018 221 1180 262 insulae
1216 219 1443 274 finguntur.
1518 228 1526 254 ’ἒ

125 286 169 324 at
199 296 275 336 pro
308 281 619 323 consultatione
650 280 881 322 inferorum
913 279 1135 320 descensus
1168 277 1220 319 ad
1251 291 1323 318 eos
1348 291 1443 318 cum

124 340 328 382 comitatu
360 339 590 380 sacerdotis
620 338 845 379 inducitur.
893 337 954 378 ibi
978 336 1202 377 Palinurus
1227 334 1444 388 Elpenori‚
1520 337 1526 390 s

126 398 199 439 sed
230 399 272 438 et
302 397 456 438 infesto
489 395 612 438 Aiaci
641 395 797 437 infesta
826 394 936 436 Dido
967 397 1009 435 et
1039 394 1225 435 Tiresiae
1256 392 1445 434 consiliis
1481 391 1526 435 5}

62 458 112 499 15
125 455 338 497 Anchisae
375 454 537 496 monita
574 453 841 507 respondent.
907 452 993 494 iam
1028 451 1190 506 proelia
1219 450 1365 492 Iliadis
1403 452 1446 490 et
1521 439 1526 455 ¹

125 514 347 554 uulnerum
390 527 475 554 non
513 512 601 553 sine
639 511 887 565 disciplinae
923 509 1181 564 perfectione
1219 508 1445 562 descriptio
1520 530 1526 540 ι

127 574 170 612 et
206 571 465 613 enumeratio
503 570 755 611 auxiliorum
792 568 944 621 duplex
981 569 1023 608 et
1059 566 1280 608 fabricatio
1312 579 1445 607 armo·
1522 572 1526 574 “

126 644 219 670 rum
269 631 311 670 et
359 628 510 670 ludicri
557 626 799 669 certaminis
848 626 1032 667 uarietas
1080 625 1294 678 ictumque
1335 623 1447 665 inter
1521 620 1526 659 ¹]

127 700 248 742 reges
298 689 340 727 et
386 688 558 740 ruptum
606 685 753 727 foedus
797 686 839 726 et
882 682 1112 738 speculatio
1156 684 1365 724 nocturna
1407 683 1448 722 et
1469 699 1526 724 ιοε

128 745 287 800 legatio
308 747 530 798 reportans
551 758 575 785 a
589 742 793 785 Diomede
812 742 1026 795 repulsam
1044 739 1224 782 Achillis
1245 739 1449 793 exemplo,

129 805 172 844 et
203 817 330 856 super
353 801 545 843 Pallante
576 803 623 842 ut
647 800 842 841 Patroclo
869 797 1131 851 lamentatio,
1163 800 1205 839 et
1230 797 1449 838 altercatio
1521 794 1526 805 '

129 863 176 902 ut
218 860 398 902 Achillis
443 862 486 900 et
527 858 860 914 Agamemnonis
902 857 963 898 ita
1003 856 1181 898 Drancis
1225 859 1268 896 et
1304 854 1451 908 Turni,
1515 813 1526 919 ἒ

130 919 355 972 utrobique
381 918 492 958 enim
517 917 623 958 alter
647 930 780 969 suum,
812 916 919 956 alter
943 914 1157 969 publicum
1182 912 1450 955 commodum
1518 923 1526 954 ε

130 976 364 1030 cogitabat,
408 988 552 1030 pugna
595 973 823 1028 singularis
860 971 1028 1014 Aeneae
1067 975 1194 1026 atque
1231 970 1361 1012 Turni
1405 972 1451 1011 ut
1472 965 1526 1013 15⁵

131 1034 311 1076 Achillis
352 1035 394 1074 et
429 1032 644 1085 Hectoris,
688 1034 732 1072 et
769 1031 927 1085 captiui
964 1030 1128 1071 inferiis
1166 1029 1366 1070 destinati
1403 1030 1452 1068 ut

130 1092 219 1134 illic
249 1091 447 1144 Patrocli,
476 1090 546 1132 hic
577 1089 782 1131 Pallantis
1514 1087 1526 1128 ’1

410 1170 608 1212 Sulmone
640 1172 802 1211 creatos

191 1232 391 1285 quattuor
421 1229 490 1271 hic
521 1230 707 1281 iuuenes,
738 1227 917 1269 totidem
948 1240 1053 1280 quos
1085 1225 1236 1266 educat
1267 1223 1413 1275 erns,

189 1289 385 1330 uiuentes
416 1287 540 1341 rapit,
570 1286 742 1327 inferias
775 1299 880 1339 quos
911 1284 1101 1325 immolet
1130 1283 1303 1324 umbris.
1473 1298 1508 1324 20

69 1373 119 1413 16
135 1369 235 1424 quid
267 1369 378 1423 quod
408 1382 485 1422 pro
514 1367 710 1421 Lycaone
735 1365 975 1419 Homerico,
1005 1364 1078 1418 qui
1109 1364 1220 1405 inter
1244 1363 1454 1418 fugientes

135 1426 417 1482 deprehensus
447 1439 534 1467 non
564 1425 730 1477 mirum,
765 1424 800 1465 si
831 1423 883 1464 ad
914 1436 1057 1476 preces
1089 1422 1350 1476 confugerat,
1380 1434 1455 1461 nec

135 1490 277 1527 tamen
304 1484 494 1526 Achilles
525 1485 699 1537 propter
730 1481 857 1523 occisi
884 1480 1069 1522 Patrocli
1098 1479 1285 1521 dolorem
1311 1492 1454 1533 peper-

135 1543 211 1598 cit,
248 1542 379 1584 simili
415 1541 661 1584 condicione
696 1539 848 1594 Magus
885 1539 928 1580 in
965 1538 1102 1579 medio
1138 1538 1322 1578 tumultu
1360 1537 1455 1577 sub·
1508 1550 1512 1566 ’-

136 1603 309 1643 ornatus
341 1602 407 1641 est
1474 1609 1512 1636 εει

194 1681 291 1723 inde
322 1681 449 1736 Mago
481 1679 630 1734 procul
661 1678 861 1719 infestam
893 1675 1167 1718 contenderat
1197 1674 1392 1716 hastam?

1508 1711 1526 1776 ἐ

138 1766 180 1805 et
215 1777 310 1804 cum
341 1762 413 1802 ille
449 1774 586 1815 genua
617 1760 876 1813 amplectens
908 1757 1086 1811 supplex
1116 1757 1250 1798 uitam
1282 1757 1459 1810 petisset
1512 1779 1526 1790 ι

137 1820 357 1873 respondit

235 1955 275 1985 18
300 1951 388 1985 Aen.
416 1949 448 1982 X
474 1952 540 1983 517
613 1952 656 1982 26
681 1948 731 1982 ib.
757 1947 789 1981 X
815 1951 879 1982 521

233 2077 251 2106 1
283 2071 386 2106 scula
416 2071 453 2105 P
568 2069 728 2104 carlbdis
757 2069 793 2103 P
903 2072 923 2102 6
953 2067 1068 2114 pleha
1098 2077 1188 2102 corr.
1219 2067 1261 2101 in
1285 2065 1403 2112 prelia
1426 2063 1463 2099 P

141 2124 159 2154 7
185 2119 372 2162 discriptlo
400 2116 448 2151 P'
576 2119 597 2150 8
622 2115 864 2151 enurmeratio
889 2118 931 2150 ut
953 2115 1029 2150 uid.
1056 2110 1102 2148 P'
1223 2115 1243 2145 9
1267 2113 1395 2155 itumq.
1423 2109 1461 2145 P

140 2170 183 2200 11
209 2164 388 2210 repulsam
416 2163 641 2207 Cantabria:
667 2161 810 2207 repulsa
831 2162 867 2195 P
928 2164 970 2195 12
997 2171 1065 2206 cup
1086 2159 1132 2194 P'
1195 2162 1237 2193 19
1256 2156 1400 2192 luuems
1413 2154 1457 2191 1⁷
1496 2180 1499 2181 γ

140 2217 181 2247 21
208 2211 350 2247 hcaone
375 2210 412 2244 P
491 2212 535 2244 24
559 2209 767 2244 cond1t1one
796 2208 831 2242 P
913 2211 956 2242 27
982 2205 1206 2250 amplectens
1232 2203 1457 2248 Cantabria:

140 2257 353 2303 amplexens
373 2256 409 2290 P
