<?xml version="1.0" encoding="UTF-8"?>
<!DOCTYPE html PUBLIC "-//W3C//DTD XHTML 1.0 Transitional//EN"
    "http://www.w3.org/TR/xhtml1/DTD/xhtml1-transitional.dtd">
<html xmlns="http://www.w3.org/1999/xhtml" xml:lang="en" lang="en">
 <head>
  <title>
</title>
<meta http-equiv="Content-Type" content="text/html;charset=utf-8" />
  <meta name='ocr-system' content='tesseract 3.04.00' />
  <meta name='ocr-capabilities' content='ocr_page ocr_carea ocr_par ocr_line ocrx_word'/>
</head>
<body>
  <div class='ocr_page' id='page_1' title='image "./macrobiusfrancis00macruoft_0159.png"; bbox 0 0 1526 2444; ppageno 0'>
   <div class='ocr_carea' id='block_1_1' title="bbox 0 0 33 70">
    <p class='ocr_par' dir='ltr' id='par_1_1' title="bbox 0 0 33 70">
     <span class='ocr_line' id='line_1_1' title="bbox 0 0 33 70; textangle 90"><span class='ocrx_word' id='word_1_1' title='bbox 0 0 33 70; x_wconf 54' lang='lat' dir='ltr'>„ij</span> 
     </span>
    </p>
   </div>
   <div class='ocr_carea' id='block_1_2' title="bbox 619 37 1418 79">
    <p class='ocr_par' dir='ltr' id='par_1_2' title="bbox 619 37 1418 79">
     <span class='ocr_line' id='line_1_2' title="bbox 619 37 1418 79; baseline 0.006 -5"><span class='ocrx_word' id='word_1_2' title='bbox 619 38 690 74; x_wconf 93' lang='lat'>1111</span> <span class='ocrx_word' id='word_1_3' title='bbox 716 42 854 74; x_wconf 68' lang='lat'>12—,22</span> <span class='ocrx_word' id='word_1_4' title='bbox 1335 37 1418 79; x_wconf 84' lang='lat'>147</span> 
     </span>
    </p>
   </div>
   <div class='ocr_carea' id='block_1_3' title="bbox 4 145 1492 2092">
    <p class='ocr_par' dir='ltr' id='par_1_3' title="bbox 70 145 1420 322">
     <span class='ocr_line' id='line_1_3' title="bbox 72 145 1419 203; baseline -0.004 -10"><span class='ocrx_word' id='word_1_5' title='bbox 72 153 276 193; x_wconf 87' lang='lat' dir='ltr'>contusus</span> <span class='ocrx_word' id='word_1_6' title='bbox 307 149 380 191; x_wconf 91' lang='lat' dir='ltr'>ille</span> <span class='ocrx_word' id='word_1_7' title='bbox 412 147 605 203; x_wconf 87' lang='lat' dir='ltr'>podagra</span> <span class='ocrx_word' id='word_1_8' title='bbox 629 147 807 190; x_wconf 90' lang='lat' dir='ltr'>uolebat</span> <span class='ocrx_word' id='word_1_9' title='bbox 831 148 978 189; x_wconf 89' lang='lat' dir='ltr'>tamen</span> <span class='ocrx_word' id='word_1_10' title='bbox 1003 145 1140 188; x_wconf 84' lang='lat' dir='ltr'>uideri</span> <span class='ocrx_word' id='word_1_11' title='bbox 1165 145 1419 188; x_wconf 79' lang='lat' dir='ltr'>discussisse</span> 
     </span>
     <span class='ocr_line' id='line_1_4' title="bbox 70 205 1420 262; baseline -0.004 -10"><span class='ocrx_word' id='word_1_12' title='bbox 70 210 157 252; x_wconf 86' lang='lat' dir='ltr'>iam</span> <span class='ocrx_word' id='word_1_13' title='bbox 196 208 350 251; x_wconf 91' lang='lat' dir='ltr'>uitium</span> <span class='ocrx_word' id='word_1_14' title='bbox 386 210 429 249; x_wconf 90' lang='lat' dir='ltr'>et</span> <span class='ocrx_word' id='word_1_15' title='bbox 465 207 582 249; x_wconf 91' lang='lat' dir='ltr'>mille</span> <span class='ocrx_word' id='word_1_16' title='bbox 614 220 767 262; x_wconf 87' lang='lat' dir='ltr'>passus</span> <span class='ocrx_word' id='word_1_17' title='bbox 801 206 1024 249; x_wconf 85' lang='lat' dir='ltr'>ambulare</span> <span class='ocrx_word' id='word_1_18' title='bbox 1057 219 1102 247; x_wconf 91' lang='lat' dir='ltr'>se</span> <span class='ocrx_word' id='word_1_19' title='bbox 1135 205 1420 261; x_wconf 80' lang='lat' dir='ltr'>gloriabatur.</span> 
     </span>
     <span class='ocr_line' id='line_1_5' title="bbox 72 264 1420 322; baseline -0.004 -12"><span class='ocrx_word' id='word_1_20' title='bbox 72 268 140 310; x_wconf 89' lang='lat' dir='ltr'>cui</span> <span class='ocrx_word' id='word_1_21' title='bbox 165 267 324 311; x_wconf 85' lang='lat' dir='ltr'>Caesar</span> <span class='ocrx_word' id='word_1_22' title='bbox 352 280 453 309; x_wconf 92' lang='lat' dir='ltr'>non</span> <span class='ocrx_word' id='word_1_23' title='bbox 483 266 641 308; x_wconf 91' lang='lat' dir='ltr'>miror</span> <span class='ocrx_word' id='word_1_24' title='bbox 666 265 828 322; x_wconf 88' lang='lat' dir='ltr'>inquit:</span> <span class='ocrx_word' id='word_1_25' title='bbox 861 265 968 306; x_wconf 90' lang='lat' dir='ltr'>dies</span> <span class='ocrx_word' id='word_1_26' title='bbox 1002 264 1271 319; x_wconf 87' lang='lat' dir='ltr'>aliquanto</span> <span class='ocrx_word' id='word_1_27' title='bbox 1300 266 1420 306; x_wconf 88' lang='lat' dir='ltr'>sunt</span> 
     </span>
    </p>

    <p class='ocr_par' dir='ltr' id='par_1_4' title="bbox 17 326 867 383">
     <span class='ocr_line' id='line_1_6' title="bbox 17 326 867 383; baseline -0.004 -13"><span class='ocrx_word' id='word_1_28' title='bbox 17 330 20 334; x_wconf 78' lang='grc'><em>“</em></span> <span class='ocrx_word' id='word_1_29' title='bbox 70 326 346 383; x_wconf 88' lang='lat' dir='ltr'>longiores.</span> <span class='ocrx_word' id='word_1_30' title='bbox 861 349 867 352; x_wconf 69' lang='lat'><em>,</em></span> 
     </span>
    </p>

    <p class='ocr_par' dir='ltr' id='par_1_5' title="bbox 8 381 1489 440">
     <span class='ocr_line' id='line_1_7' title="bbox 8 381 1489 440; baseline -0.003 -11"><span class='ocrx_word' id='word_1_31' title='bbox 8 382 52 430; x_wconf 65' lang='lat'>³²5</span> <span class='ocrx_word' id='word_1_32' title='bbox 187 385 343 428; x_wconf 84' lang='lat' dir='ltr'>Relata</span> <span class='ocrx_word' id='word_1_33' title='bbox 375 384 427 427; x_wconf 85' lang='lat' dir='ltr'>ad</span> <span class='ocrx_word' id='word_1_34' title='bbox 459 398 504 427; x_wconf 89' lang='lat' dir='ltr'>se</span> <span class='ocrx_word' id='word_1_35' title='bbox 535 383 832 440; x_wconf 83' lang='lat' dir='ltr'>magnitudine</span> <span class='ocrx_word' id='word_1_36' title='bbox 859 383 971 425; x_wconf 89' lang='lat' dir='ltr'>aeris</span> <span class='ocrx_word' id='word_1_37' title='bbox 999 382 1139 438; x_wconf 90' lang='lat' dir='ltr'>alieni,</span> <span class='ocrx_word' id='word_1_38' title='bbox 1172 396 1300 437; x_wconf 88' lang='lat' dir='ltr'>quam</span> <span class='ocrx_word' id='word_1_39' title='bbox 1327 381 1417 437; x_wconf 89' lang='lat' dir='ltr'>qui·</span> <span class='ocrx_word' id='word_1_40' title='bbox 1435 383 1489 425; x_wconf 84' lang='lat'>17</span> 
     </span>
    </p>

    <p class='ocr_par' dir='ltr' id='par_1_6' title="bbox 8 441 1419 500">
     <span class='ocr_line' id='line_1_8' title="bbox 8 441 1419 500; baseline 0 -17"><span class='ocrx_word' id='word_1_41' title='bbox 8 479 13 483; x_wconf 82' lang='grc'>.</span> <span class='ocrx_word' id='word_1_42' title='bbox 70 444 168 487; x_wconf 90' lang='lat' dir='ltr'>dam</span> <span class='ocrx_word' id='word_1_43' title='bbox 205 458 334 500; x_wconf 86' lang='lat' dir='ltr'>eques</span> <span class='ocrx_word' id='word_1_44' title='bbox 365 443 586 487; x_wconf 88' lang='lat' dir='ltr'>Romanus</span> <span class='ocrx_word' id='word_1_45' title='bbox 619 443 720 485; x_wconf 91' lang='lat' dir='ltr'>dum</span> <span class='ocrx_word' id='word_1_46' title='bbox 751 443 861 485; x_wconf 89' lang='lat' dir='ltr'>uixit</span> <span class='ocrx_word' id='word_1_47' title='bbox 892 442 1167 484; x_wconf 74' lang='lat' dir='ltr'>excedentem</span> <span class='ocrx_word' id='word_1_48' title='bbox 1199 441 1419 483; x_wconf 74' lang='lat' dir='ltr'>ducenties</span> 
     </span>
    </p>

    <p class='ocr_par' dir='ltr' id='par_1_7' title="bbox 4 500 1420 674">
     <span class='ocr_line' id='line_1_9' title="bbox 4 500 1419 558; baseline -0.001 -15"><span class='ocrx_word' id='word_1_49' title='bbox 4 538 7 543; x_wconf 73' lang='grc'>,</span> <span class='ocrx_word' id='word_1_50' title='bbox 69 504 301 558; x_wconf 88' lang='lat' dir='ltr'>celauerat,</span> <span class='ocrx_word' id='word_1_51' title='bbox 338 503 540 545; x_wconf 90' lang='lat' dir='ltr'>culcitam</span> <span class='ocrx_word' id='word_1_52' title='bbox 578 503 663 543; x_wconf 88' lang='lat' dir='ltr'>emi</span> <span class='ocrx_word' id='word_1_53' title='bbox 698 502 987 544; x_wconf 85' lang='lat' dir='ltr'>cubicularem</span> <span class='ocrx_word' id='word_1_54' title='bbox 1018 501 1065 542; x_wconf 90' lang='lat' dir='ltr'>in</span> <span class='ocrx_word' id='word_1_55' title='bbox 1097 500 1186 542; x_wconf 91' lang='lat' dir='ltr'>eius</span> <span class='ocrx_word' id='word_1_56' title='bbox 1219 500 1419 542; x_wconf 82' lang='lat' dir='ltr'>auctione</span> 
     </span>
     <span class='ocr_line' id='line_1_10' title="bbox 70 559 1420 618; baseline -0.002 -14"><span class='ocrx_word' id='word_1_57' title='bbox 70 562 155 605; x_wconf 88' lang='lat' dir='ltr'>sibi</span> <span class='ocrx_word' id='word_1_58' title='bbox 192 562 334 617; x_wconf 88' lang='lat' dir='ltr'>iussit,</span> <span class='ocrx_word' id='word_1_59' title='bbox 373 564 416 604; x_wconf 90' lang='lat' dir='ltr'>et</span> <span class='ocrx_word' id='word_1_60' title='bbox 450 563 729 618; x_wconf 89' lang='lat' dir='ltr'>praeceptum</span> <span class='ocrx_word' id='word_1_61' title='bbox 766 560 1025 602; x_wconf 87' lang='lat' dir='ltr'>mirantibus</span> <span class='ocrx_word' id='word_1_62' title='bbox 1062 560 1175 601; x_wconf 88' lang='lat' dir='ltr'>hanc</span> <span class='ocrx_word' id='word_1_63' title='bbox 1206 559 1420 602; x_wconf 89' lang='lat' dir='ltr'>rationem</span> 
     </span>
     <span class='ocr_line' id='line_1_11' title="bbox 68 618 1420 674; baseline -0.002 -11"><span class='ocrx_word' id='word_1_64' title='bbox 68 621 252 663; x_wconf 88' lang='lat' dir='ltr'>reddidit</span> <span class='ocrx_word' id='word_1_65' title='bbox 287 621 519 663; x_wconf 89' lang='lat' dir='ltr'>habenda</span> <span class='ocrx_word' id='word_1_66' title='bbox 552 622 629 662; x_wconf 90' lang='lat' dir='ltr'>est</span> <span class='ocrx_word' id='word_1_67' title='bbox 660 619 722 662; x_wconf 91' lang='lat' dir='ltr'>ad</span> <span class='ocrx_word' id='word_1_68' title='bbox 754 634 981 662; x_wconf 88' lang='lat' dir='ltr'>somnum</span> <span class='ocrx_word' id='word_1_69' title='bbox 1014 618 1205 660; x_wconf 85' lang='lat' dir='ltr'>culcita</span> <span class='ocrx_word' id='word_1_70' title='bbox 1237 619 1289 660; x_wconf 89' lang='lat' dir='ltr'>in</span> <span class='ocrx_word' id='word_1_71' title='bbox 1321 633 1420 674; x_wconf 88' lang='lat' dir='ltr'>qua</span> 
     </span>
    </p>

    <p class='ocr_par' dir='ltr' id='par_1_8' title="bbox 17 677 1280 733">
     <span class='ocr_line' id='line_1_12' title="bbox 17 677 1280 733; baseline -0.004 -8"><span class='ocrx_word' id='word_1_72' title='bbox 17 680 181 733; x_wconf 75' lang='lat' dir='ltr'>mille,</span> <span class='ocrx_word' id='word_1_73' title='bbox 213 695 322 723; x_wconf 89' lang='lat' dir='ltr'>cum</span> <span class='ocrx_word' id='word_1_74' title='bbox 347 682 546 722; x_wconf 86' lang='lat' dir='ltr'>tantum</span> <span class='ocrx_word' id='word_1_75' title='bbox 578 679 805 731; x_wconf 82' lang='lat' dir='ltr'>deberet,</span> <span class='ocrx_word' id='word_1_76' title='bbox 838 677 1060 720; x_wconf 89' lang='lat' dir='ltr'>dormire</span> <span class='ocrx_word' id='word_1_77' title='bbox 1092 677 1280 732; x_wconf 87' lang='lat' dir='ltr'>potuit.</span> 
     </span>
    </p>

    <p class='ocr_par' dir='ltr' id='par_1_9' title="bbox 68 734 1489 969">
     <span class='ocr_line' id='line_1_13' title="bbox 187 734 1489 791; baseline -0.001 -9"><span class='ocrx_word' id='word_1_78' title='bbox 187 739 288 782; x_wconf 93' lang='lat' dir='ltr'>Non</span> <span class='ocrx_word' id='word_1_79' title='bbox 319 742 386 781; x_wconf 90' lang='lat' dir='ltr'>est</span> <span class='ocrx_word' id='word_1_80' title='bbox 416 737 766 781; x_wconf 86' lang='lat' dir='ltr'>intermittendus</span> <span class='ocrx_word' id='word_1_81' title='bbox 799 751 940 779; x_wconf 88' lang='lat' dir='ltr'>sermo</span> <span class='ocrx_word' id='word_1_82' title='bbox 971 737 1074 791; x_wconf 88' lang='lat' dir='ltr'>eius,</span> <span class='ocrx_word' id='word_1_83' title='bbox 1106 750 1231 791; x_wconf 90' lang='lat' dir='ltr'>quem</span> <span class='ocrx_word' id='word_1_84' title='bbox 1265 734 1489 781; x_wconf 73' lang='lat' dir='ltr'>Cato-18</span> 
     </span>
     <span class='ocr_line' id='line_1_14' title="bbox 69 793 1419 851; baseline -0.002 -11"><span class='ocrx_word' id='word_1_85' title='bbox 69 798 148 840; x_wconf 89' lang='lat' dir='ltr'>nis</span> <span class='ocrx_word' id='word_1_86' title='bbox 180 798 332 840; x_wconf 89' lang='lat' dir='ltr'>honori</span> <span class='ocrx_word' id='word_1_87' title='bbox 365 798 492 840; x_wconf 84' lang='lat' dir='ltr'>dedit.</span> <span class='ocrx_word' id='word_1_88' title='bbox 547 797 666 839; x_wconf 90' lang='lat' dir='ltr'>uenit</span> <span class='ocrx_word' id='word_1_89' title='bbox 695 796 811 839; x_wconf 89' lang='lat' dir='ltr'>forte</span> <span class='ocrx_word' id='word_1_90' title='bbox 836 797 880 838; x_wconf 84' lang='lat' dir='ltr'>in</span> <span class='ocrx_word' id='word_1_91' title='bbox 906 795 1096 847; x_wconf 90' lang='lat' dir='ltr'>domum,</span> <span class='ocrx_word' id='word_1_92' title='bbox 1125 795 1170 837; x_wconf 91' lang='lat' dir='ltr'>in</span> <span class='ocrx_word' id='word_1_93' title='bbox 1200 810 1284 851; x_wconf 90' lang='lat' dir='ltr'>qua</span> <span class='ocrx_word' id='word_1_94' title='bbox 1311 793 1419 838; x_wconf 85' lang='lat' dir='ltr'>Cato</span> 
     </span>
     <span class='ocr_line' id='line_1_15' title="bbox 68 853 1418 899; baseline -0.002 0"><span class='ocrx_word' id='word_1_95' title='bbox 68 857 354 899; x_wconf 85' lang='lat' dir='ltr'>habitauerat.</span> <span class='ocrx_word' id='word_1_96' title='bbox 416 856 512 898; x_wconf 90' lang='lat' dir='ltr'>dein</span> <span class='ocrx_word' id='word_1_97' title='bbox 551 854 763 898; x_wconf 85' lang='lat' dir='ltr'>Strabone</span> <span class='ocrx_word' id='word_1_98' title='bbox 804 856 847 897; x_wconf 88' lang='lat' dir='ltr'>in</span> <span class='ocrx_word' id='word_1_99' title='bbox 888 855 1182 897; x_wconf 89' lang='lat' dir='ltr'>adulationem</span> <span class='ocrx_word' id='word_1_100' title='bbox 1220 853 1418 897; x_wconf 83' lang='lat' dir='ltr'>Caesaris</span> 
     </span>
     <span class='ocr_line' id='line_1_16' title="bbox 73 912 1418 969; baseline -0.001 -12"><span class='ocrx_word' id='word_1_101' title='bbox 73 917 187 958; x_wconf 89' lang='lat' dir='ltr'>male</span> <span class='ocrx_word' id='word_1_102' title='bbox 218 916 492 957; x_wconf 87' lang='lat' dir='ltr'>existimante</span> <span class='ocrx_word' id='word_1_103' title='bbox 524 914 575 957; x_wconf 90' lang='lat' dir='ltr'>de</span> <span class='ocrx_word' id='word_1_104' title='bbox 605 915 847 969; x_wconf 90' lang='lat' dir='ltr'>peruicacia</span> <span class='ocrx_word' id='word_1_105' title='bbox 879 912 1057 957; x_wconf 87' lang='lat' dir='ltr'>Catonis</span> <span class='ocrx_word' id='word_1_106' title='bbox 1090 914 1151 955; x_wconf 88' lang='lat' dir='ltr'>ait</span> <span class='ocrx_word' id='word_1_107' title='bbox 1182 913 1418 969; x_wconf 88' lang='lat' dir='ltr'>quisquis</span> 
     </span>
    </p>

    <p class='ocr_par' dir='ltr' id='par_1_10' title="bbox 19 973 1420 1195">
     <span class='ocr_line' id='line_1_17' title="bbox 19 973 1418 1030; baseline -0.003 -12"><span class='ocrx_word' id='word_1_108' title='bbox 19 978 399 1030; x_wconf 84' lang='lat' dir='ltr'>15praesentem</span> <span class='ocrx_word' id='word_1_109' title='bbox 450 976 643 1017; x_wconf 91' lang='lat' dir='ltr'>statum</span> <span class='ocrx_word' id='word_1_110' title='bbox 692 974 930 1017; x_wconf 88' lang='lat' dir='ltr'>ciuitatis</span> <span class='ocrx_word' id='word_1_111' title='bbox 974 973 1277 1016; x_wconf 90' lang='lat' dir='ltr'>commutari</span> <span class='ocrx_word' id='word_1_112' title='bbox 1319 987 1418 1015; x_wconf 87' lang='lat' dir='ltr'>non</span> 
     </span>
     <span class='ocr_line' id='line_1_18' title="bbox 70 1031 1420 1085; baseline -0.002 -9"><span class='ocrx_word' id='word_1_113' title='bbox 70 1034 230 1085; x_wconf 88' lang='lat' dir='ltr'>uolet,</span> <span class='ocrx_word' id='word_1_114' title='bbox 268 1036 318 1076; x_wconf 88' lang='lat' dir='ltr'>et</span> <span class='ocrx_word' id='word_1_115' title='bbox 355 1033 486 1076; x_wconf 90' lang='lat' dir='ltr'>ciuis</span> <span class='ocrx_word' id='word_1_116' title='bbox 525 1036 574 1075; x_wconf 92' lang='lat' dir='ltr'>et</span> <span class='ocrx_word' id='word_1_117' title='bbox 610 1033 690 1075; x_wconf 90' lang='lat' dir='ltr'>uir</span> <span class='ocrx_word' id='word_1_118' title='bbox 727 1034 889 1075; x_wconf 91' lang='lat' dir='ltr'>bonus</span> <span class='ocrx_word' id='word_1_119' title='bbox 927 1035 1015 1075; x_wconf 88' lang='lat' dir='ltr'>est.</span> <span class='ocrx_word' id='word_1_120' title='bbox 1079 1032 1186 1074; x_wconf 85' lang='lat' dir='ltr'>satis</span> <span class='ocrx_word' id='word_1_121' title='bbox 1225 1031 1336 1074; x_wconf 86' lang='lat' dir='ltr'>serio</span> <span class='ocrx_word' id='word_1_122' title='bbox 1377 1036 1420 1074; x_wconf 90' lang='lat' dir='ltr'>et</span> 
     </span>
     <span class='ocr_line' id='line_1_19' title="bbox 70 1091 1419 1147; baseline -0.003 -11"><span class='ocrx_word' id='word_1_123' title='bbox 70 1091 279 1136; x_wconf 85' lang='lat' dir='ltr'>Catonem</span> <span class='ocrx_word' id='word_1_124' title='bbox 304 1092 499 1135; x_wconf 87' lang='lat' dir='ltr'>laudauit</span> <span class='ocrx_word' id='word_1_125' title='bbox 524 1094 568 1134; x_wconf 89' lang='lat' dir='ltr'>et</span> <span class='ocrx_word' id='word_1_126' title='bbox 595 1092 691 1147; x_wconf 91' lang='lat' dir='ltr'>sibi,</span> <span class='ocrx_word' id='word_1_127' title='bbox 717 1092 869 1147; x_wconf 89' lang='lat' dir='ltr'>nequis</span> <span class='ocrx_word' id='word_1_128' title='bbox 896 1091 1132 1134; x_wconf 87' lang='lat' dir='ltr'>adfectaret</span> <span class='ocrx_word' id='word_1_129' title='bbox 1156 1105 1224 1133; x_wconf 89' lang='lat' dir='ltr'>res</span> <span class='ocrx_word' id='word_1_130' title='bbox 1244 1105 1419 1146; x_wconf 88' lang='lat' dir='ltr'>nouare,</span> 
     </span>
     <span class='ocr_line' id='line_1_20' title="bbox 69 1151 454 1195; baseline -0.005 -1"><span class='ocrx_word' id='word_1_131' title='bbox 69 1152 296 1195; x_wconf 84' lang='lat' dir='ltr'>consuluit.</span> <span class='ocrx_word' id='word_1_132' title='bbox 451 1151 454 1153; x_wconf 65' lang='grc'><strong><em>’</em></strong></span> 
     </span>
    </p>

    <p class='ocr_par' dir='ltr' id='par_1_11' title="bbox 187 1208 1490 1266">
     <span class='ocr_line' id='line_1_21' title="bbox 187 1208 1490 1266; baseline 0.002 -14"><span class='ocrx_word' id='word_1_133' title='bbox 187 1209 311 1252; x_wconf 85' lang='lat' dir='ltr'>Soleo</span> <span class='ocrx_word' id='word_1_134' title='bbox 362 1211 408 1252; x_wconf 92' lang='lat' dir='ltr'>in</span> <span class='ocrx_word' id='word_1_135' title='bbox 455 1209 657 1266; x_wconf 83' lang='lat' dir='ltr'>Augusto</span> <span class='ocrx_word' id='word_1_136' title='bbox 710 1210 852 1266; x_wconf 87' lang='lat' dir='ltr'>magis</span> <span class='ocrx_word' id='word_1_137' title='bbox 896 1210 1046 1252; x_wconf 87' lang='lat' dir='ltr'>mirari</span> <span class='ocrx_word' id='word_1_138' title='bbox 1090 1223 1198 1264; x_wconf 89' lang='lat' dir='ltr'>quos</span> <span class='ocrx_word' id='word_1_139' title='bbox 1240 1208 1420 1264; x_wconf 89' lang='lat' dir='ltr'>pertulit</span> <span class='ocrx_word' id='word_1_140' title='bbox 1438 1211 1490 1254; x_wconf 83' lang='lat'>19</span> 
     </span>
    </p>

    <p class='ocr_par' dir='ltr' id='par_1_12' title="bbox 18 1268 1492 1547">
     <span class='ocr_line' id='line_1_22' title="bbox 18 1268 1420 1325; baseline -0.003 -11"><span class='ocrx_word' id='word_1_141' title='bbox 18 1288 53 1314; x_wconf 62' lang='grc' dir='ltr'>πο</span> <span class='ocrx_word' id='word_1_142' title='bbox 73 1269 203 1325; x_wconf 89' lang='lat' dir='ltr'>iocos,</span> <span class='ocrx_word' id='word_1_143' title='bbox 235 1283 362 1324; x_wconf 84' lang='lat' dir='ltr'>quam</span> <span class='ocrx_word' id='word_1_144' title='bbox 394 1269 486 1323; x_wconf 88' lang='lat' dir='ltr'>ipse</span> <span class='ocrx_word' id='word_1_145' title='bbox 515 1283 622 1324; x_wconf 89' lang='lat' dir='ltr'>quos</span> <span class='ocrx_word' id='word_1_146' title='bbox 648 1270 841 1324; x_wconf 90' lang='lat' dir='ltr'>protulit,</span> <span class='ocrx_word' id='word_1_147' title='bbox 873 1269 973 1324; x_wconf 89' lang='lat' dir='ltr'>quia</span> <span class='ocrx_word' id='word_1_148' title='bbox 998 1268 1139 1310; x_wconf 89' lang='lat' dir='ltr'>maior</span> <span class='ocrx_word' id='word_1_149' title='bbox 1164 1270 1231 1310; x_wconf 88' lang='lat' dir='ltr'>est</span> <span class='ocrx_word' id='word_1_150' title='bbox 1254 1269 1420 1323; x_wconf 88' lang='lat' dir='ltr'>patien-</span> 
     </span>
     <span class='ocr_line' id='line_1_23' title="bbox 71 1327 1421 1383; baseline -0.001 -13"><span class='ocrx_word' id='word_1_151' title='bbox 71 1329 157 1370; x_wconf 89' lang='lat' dir='ltr'>tiae</span> <span class='ocrx_word' id='word_1_152' title='bbox 196 1343 325 1383; x_wconf 89' lang='lat' dir='ltr'>quam</span> <span class='ocrx_word' id='word_1_153' title='bbox 361 1327 586 1370; x_wconf 84' lang='lat' dir='ltr'>facundiae</span> <span class='ocrx_word' id='word_1_154' title='bbox 617 1328 730 1383; x_wconf 90' lang='lat' dir='ltr'>laus,</span> <span class='ocrx_word' id='word_1_155' title='bbox 767 1329 952 1370; x_wconf 89' lang='lat' dir='ltr'>maxime</span> <span class='ocrx_word' id='word_1_156' title='bbox 985 1342 1082 1370; x_wconf 91' lang='lat' dir='ltr'>cum</span> <span class='ocrx_word' id='word_1_157' title='bbox 1109 1327 1421 1383; x_wconf 88' lang='lat' dir='ltr'>aequanimiter</span> 
     </span>
     <span class='ocr_line' id='line_1_24' title="bbox 73 1386 1492 1443; baseline 0.003 -15"><span class='ocrx_word' id='word_1_158' title='bbox 73 1387 218 1443; x_wconf 85' lang='lat' dir='ltr'>aliqua</span> <span class='ocrx_word' id='word_1_159' title='bbox 262 1387 391 1429; x_wconf 88' lang='lat' dir='ltr'>etiam</span> <span class='ocrx_word' id='word_1_160' title='bbox 435 1387 540 1429; x_wconf 91' lang='lat' dir='ltr'>iocis</span> <span class='ocrx_word' id='word_1_161' title='bbox 582 1387 852 1429; x_wconf 80' lang='lat' dir='ltr'>mordaciora</span> <span class='ocrx_word' id='word_1_162' title='bbox 888 1386 1130 1442; x_wconf 84' lang='lat' dir='ltr'>pertulerit.</span> <span class='ocrx_word' id='word_1_163' title='bbox 1198 1386 1419 1429; x_wconf 90' lang='lat' dir='ltr'>cuiusdam</span> <span class='ocrx_word' id='word_1_164' title='bbox 1435 1390 1492 1432; x_wconf 81' lang='lat'>20</span> 
     </span>
     <span class='ocr_line' id='line_1_25' title="bbox 71 1444 1420 1501; baseline 0 -13"><span class='ocrx_word' id='word_1_165' title='bbox 71 1446 352 1500; x_wconf 88' lang='lat' dir='ltr'>prouincialis</span> <span class='ocrx_word' id='word_1_166' title='bbox 390 1446 508 1488; x_wconf 90' lang='lat' dir='ltr'>iocus</span> <span class='ocrx_word' id='word_1_167' title='bbox 547 1460 672 1501; x_wconf 87' lang='lat' dir='ltr'>asper</span> <span class='ocrx_word' id='word_1_168' title='bbox 702 1446 902 1488; x_wconf 87' lang='lat' dir='ltr'>innotuit.</span> <span class='ocrx_word' id='word_1_169' title='bbox 963 1446 1205 1487; x_wconf 85' lang='lat' dir='ltr'>intrauerat</span> <span class='ocrx_word' id='word_1_170' title='bbox 1235 1444 1420 1488; x_wconf 89' lang='lat' dir='ltr'>Romam</span> 
     </span>
     <span class='ocr_line' id='line_1_26' title="bbox 73 1503 1420 1547; baseline 0.001 -1"><span class='ocrx_word' id='word_1_171' title='bbox 73 1505 319 1547; x_wconf 89' lang='lat' dir='ltr'>simillimus</span> <span class='ocrx_word' id='word_1_172' title='bbox 351 1503 524 1547; x_wconf 85' lang='lat' dir='ltr'>Caesari</span> <span class='ocrx_word' id='word_1_173' title='bbox 562 1507 605 1547; x_wconf 88' lang='lat' dir='ltr'>et</span> <span class='ocrx_word' id='word_1_174' title='bbox 642 1505 686 1547; x_wconf 91' lang='lat' dir='ltr'>in</span> <span class='ocrx_word' id='word_1_175' title='bbox 725 1519 770 1547; x_wconf 91' lang='lat' dir='ltr'>se</span> <span class='ocrx_word' id='word_1_176' title='bbox 805 1504 997 1547; x_wconf 88' lang='lat' dir='ltr'>omnium</span> <span class='ocrx_word' id='word_1_177' title='bbox 1029 1519 1104 1547; x_wconf 88' lang='lat' dir='ltr'>ora</span> <span class='ocrx_word' id='word_1_178' title='bbox 1135 1506 1420 1547; x_wconf 86' lang='lat' dir='ltr'>conuerterat.</span> 
     </span>
    </p>

    <p class='ocr_par' dir='ltr' id='par_1_13' title="bbox 18 1563 1420 1796">
     <span class='ocr_line' id='line_1_27' title="bbox 18 1563 1419 1619; baseline -0.001 -12"><span class='ocrx_word' id='word_1_179' title='bbox 18 1581 54 1610; x_wconf 75' lang='lat'>25</span> <span class='ocrx_word' id='word_1_180' title='bbox 75 1565 298 1619; x_wconf 86' lang='lat' dir='ltr'>Augustus</span> <span class='ocrx_word' id='word_1_181' title='bbox 342 1563 517 1618; x_wconf 85' lang='lat' dir='ltr'>perduci</span> <span class='ocrx_word' id='word_1_182' title='bbox 562 1563 615 1605; x_wconf 90' lang='lat' dir='ltr'>ad</span> <span class='ocrx_word' id='word_1_183' title='bbox 659 1578 703 1606; x_wconf 91' lang='lat' dir='ltr'>se</span> <span class='ocrx_word' id='word_1_184' title='bbox 747 1563 966 1606; x_wconf 91' lang='lat' dir='ltr'>hominem</span> <span class='ocrx_word' id='word_1_185' title='bbox 1004 1563 1150 1618; x_wconf 90' lang='lat' dir='ltr'>iussit,</span> <span class='ocrx_word' id='word_1_186' title='bbox 1193 1564 1419 1619; x_wconf 91' lang='lat' dir='ltr'>uisumque</span> 
     </span>
     <span class='ocr_line' id='line_1_28' title="bbox 72 1622 1420 1678; baseline -0.001 -13"><span class='ocrx_word' id='word_1_187' title='bbox 72 1623 154 1665; x_wconf 89' lang='lat' dir='ltr'>hoc</span> <span class='ocrx_word' id='word_1_188' title='bbox 184 1623 311 1665; x_wconf 92' lang='lat' dir='ltr'>modo</span> <span class='ocrx_word' id='word_1_189' title='bbox 343 1623 630 1678; x_wconf 86' lang='lat' dir='ltr'>interrogauit</span> <span class='ocrx_word' id='word_1_190' title='bbox 667 1623 746 1665; x_wconf 89' lang='lat' dir='ltr'>dic</span> <span class='ocrx_word' id='word_1_191' title='bbox 778 1622 921 1678; x_wconf 88' lang='lat' dir='ltr'>mihi,</span> <span class='ocrx_word' id='word_1_192' title='bbox 959 1623 1281 1678; x_wconf 86' lang='lat' dir='ltr'>adulescens,</span> <span class='ocrx_word' id='word_1_193' title='bbox 1317 1622 1420 1665; x_wconf 89' lang='lat' dir='ltr'>fuit</span> 
     </span>
     <span class='ocr_line' id='line_1_29' title="bbox 73 1681 1419 1738; baseline 0 -14"><span class='ocrx_word' id='word_1_194' title='bbox 73 1681 350 1737; x_wconf 87' lang='lat' dir='ltr'>aliquando</span> <span class='ocrx_word' id='word_1_195' title='bbox 394 1683 558 1724; x_wconf 87' lang='lat' dir='ltr'>mater</span> <span class='ocrx_word' id='word_1_196' title='bbox 600 1684 686 1724; x_wconf 85' lang='lat' dir='ltr'>tua</span> <span class='ocrx_word' id='word_1_197' title='bbox 722 1681 941 1725; x_wconf 77' lang='lat' dir='ltr'>Romae?</span> <span class='ocrx_word' id='word_1_198' title='bbox 984 1682 1161 1738; x_wconf 85' lang='lat' dir='ltr'>negauit</span> <span class='ocrx_word' id='word_1_199' title='bbox 1202 1682 1294 1737; x_wconf 92' lang='lat' dir='ltr'>ille,</span> <span class='ocrx_word' id='word_1_200' title='bbox 1340 1696 1419 1724; x_wconf 89' lang='lat' dir='ltr'>nec</span> 
     </span>
     <span class='ocr_line' id='line_1_30' title="bbox 73 1740 1144 1796; baseline 0.001 -14"><span class='ocrx_word' id='word_1_201' title='bbox 73 1743 298 1783; x_wconf 87' lang='lat' dir='ltr'>contentus</span> <span class='ocrx_word' id='word_1_202' title='bbox 331 1740 486 1783; x_wconf 88' lang='lat' dir='ltr'>adiecit</span> <span class='ocrx_word' id='word_1_203' title='bbox 518 1741 602 1783; x_wconf 89' lang='lat' dir='ltr'>sed</span> <span class='ocrx_word' id='word_1_204' title='bbox 634 1742 780 1796; x_wconf 86' lang='lat' dir='ltr'>pater</span> <span class='ocrx_word' id='word_1_205' title='bbox 811 1755 948 1783; x_wconf 89' lang='lat' dir='ltr'>meus</span> <span class='ocrx_word' id='word_1_206' title='bbox 982 1755 1144 1796; x_wconf 87' lang='lat' dir='ltr'>saepe.</span> 
     </span>
    </p>

    <p class='ocr_par' dir='ltr' id='par_1_14' title="bbox 190 1799 1486 1855">
     <span class='ocr_line' id='line_1_31' title="bbox 190 1799 1486 1855; baseline 0.001 -14"><span class='ocrx_word' id='word_1_207' title='bbox 190 1799 473 1855; x_wconf 85' lang='lat' dir='ltr'>Temporibus</span> <span class='ocrx_word' id='word_1_208' title='bbox 493 1800 836 1842; x_wconf 89' lang='lat' dir='ltr'>triumuiralibus</span> <span class='ocrx_word' id='word_1_209' title='bbox 857 1799 999 1842; x_wconf 91' lang='lat' dir='ltr'>Pollio</span> <span class='ocrx_word' id='word_1_210' title='bbox 1020 1815 1115 1843; x_wconf 92' lang='lat' dir='ltr'>cum</span> <span class='ocrx_word' id='word_1_211' title='bbox 1129 1799 1417 1842; x_wconf 90' lang='lat' dir='ltr'>Fescenninos</span> <span class='ocrx_word' id='word_1_212' title='bbox 1434 1804 1486 1846; x_wconf 80' lang='grc'>21</span> 
     </span>
    </p>

    <p class='ocr_par' dir='ltr' id='par_1_15' title="bbox 17 1857 1418 2030">
     <span class='ocr_line' id='line_1_32' title="bbox 17 1857 1418 1915; baseline -0.001 -12"><span class='ocrx_word' id='word_1_213' title='bbox 17 1870 53 1904; x_wconf 62' lang='grc' dir='ltr'>ιο</span> <span class='ocrx_word' id='word_1_214' title='bbox 71 1857 116 1900; x_wconf 91' lang='lat' dir='ltr'>in</span> <span class='ocrx_word' id='word_1_215' title='bbox 141 1872 237 1900; x_wconf 89' lang='lat' dir='ltr'>eum</span> <span class='ocrx_word' id='word_1_216' title='bbox 265 1858 488 1915; x_wconf 85' lang='lat' dir='ltr'>Augustus</span> <span class='ocrx_word' id='word_1_217' title='bbox 521 1859 776 1914; x_wconf 87' lang='lat' dir='ltr'>scripsisset,</span> <span class='ocrx_word' id='word_1_218' title='bbox 809 1859 870 1901; x_wconf 88' lang='lat' dir='ltr'>ait</span> <span class='ocrx_word' id='word_1_219' title='bbox 901 1862 953 1901; x_wconf 88' lang='lat' dir='ltr'>at</span> <span class='ocrx_word' id='word_1_220' title='bbox 984 1873 1079 1915; x_wconf 83' lang='lat' dir='ltr'>ego</span> <span class='ocrx_word' id='word_1_221' title='bbox 1110 1861 1269 1902; x_wconf 87' lang='lat' dir='ltr'>taceo.</span> <span class='ocrx_word' id='word_1_222' title='bbox 1318 1874 1418 1901; x_wconf 91' lang='lat' dir='ltr'>non</span> 
     </span>
     <span class='ocr_line' id='line_1_33' title="bbox 70 1917 1418 1974; baseline 0.001 -15"><span class='ocrx_word' id='word_1_223' title='bbox 70 1919 147 1959; x_wconf 90' lang='lat' dir='ltr'>est</span> <span class='ocrx_word' id='word_1_224' title='bbox 193 1918 323 1960; x_wconf 89' lang='lat' dir='ltr'>enim</span> <span class='ocrx_word' id='word_1_225' title='bbox 371 1917 526 1960; x_wconf 88' lang='lat' dir='ltr'>facile</span> <span class='ocrx_word' id='word_1_226' title='bbox 569 1918 620 1960; x_wconf 90' lang='lat' dir='ltr'>in</span> <span class='ocrx_word' id='word_1_227' title='bbox 664 1933 774 1960; x_wconf 90' lang='lat' dir='ltr'>eum</span> <span class='ocrx_word' id='word_1_228' title='bbox 818 1919 1063 1974; x_wconf 89' lang='lat' dir='ltr'>scribere,</span> <span class='ocrx_word' id='word_1_229' title='bbox 1113 1919 1200 1974; x_wconf 89' lang='lat' dir='ltr'>qui</span> <span class='ocrx_word' id='word_1_230' title='bbox 1244 1921 1418 1974; x_wconf 87' lang='lat' dir='ltr'>potest</span> 
     </span>
     <span class='ocr_line' id='line_1_34' title="bbox 69 1977 403 2030; baseline 0.003 -12"><span class='ocrx_word' id='word_1_231' title='bbox 69 1977 403 2030; x_wconf 87' lang='lat' dir='ltr'>proscribere.</span> 
     </span>
    </p>

    <p class='ocr_par' dir='ltr' id='par_1_16' title="bbox 187 2034 1487 2092">
     <span class='ocr_line' id='line_1_35' title="bbox 187 2034 1487 2092; baseline 0 -14"><span class='ocrx_word' id='word_1_232' title='bbox 187 2034 376 2090; x_wconf 86' lang='lat' dir='ltr'>Curtius,</span> <span class='ocrx_word' id='word_1_233' title='bbox 419 2050 547 2091; x_wconf 84' lang='lat' dir='ltr'>eques</span> <span class='ocrx_word' id='word_1_234' title='bbox 583 2035 807 2078; x_wconf 83' lang='lat' dir='ltr'>Romanus</span> <span class='ocrx_word' id='word_1_235' title='bbox 852 2036 1015 2079; x_wconf 88' lang='lat' dir='ltr'>deliciis</span> <span class='ocrx_word' id='word_1_236' title='bbox 1055 2036 1275 2092; x_wconf 88' lang='lat' dir='ltr'>diffluens,</span> <span class='ocrx_word' id='word_1_237' title='bbox 1318 2050 1414 2079; x_wconf 92' lang='lat' dir='ltr'>cum</span> <span class='ocrx_word' id='word_1_238' title='bbox 1429 2042 1487 2084; x_wconf 76' lang='grc'>22</span> 
     </span>
    </p>
   </div>
   <div class='ocr_carea' id='block_1_4' title="bbox 69 2106 351 2112">
    <p class='ocr_par' dir='ltr' id='par_1_17' title="bbox 69 2106 351 2112">
     <span class='ocr_line' id='line_1_36' title="bbox 69 2106 351 2112; baseline 0 0"><span class='ocrx_word' id='word_1_239' title='bbox 69 2106 351 2112; x_wconf 95' lang='lat' dir='ltr'> </span> 
     </span>
    </p>
   </div>
   <div class='ocr_carea' id='block_1_5' title="bbox 71 2139 1416 2224">
    <p class='ocr_par' dir='ltr' id='par_1_18' title="bbox 71 2139 1416 2224">
     <span class='ocr_line' id='line_1_37' title="bbox 166 2139 1416 2186; baseline -0.001 -11"><span class='ocrx_word' id='word_1_240' title='bbox 166 2144 184 2175; x_wconf 98' lang='grc'>1</span> <span class='ocrx_word' id='word_1_241' title='bbox 211 2139 382 2176; x_wconf 83' lang='lat' dir='ltr'>confusus</span> <span class='ocrx_word' id='word_1_242' title='bbox 402 2141 439 2176; x_wconf 92' lang='lat' dir='ltr'><em>B</em></span> <span class='ocrx_word' id='word_1_243' title='bbox 522 2140 689 2186; x_wconf 79' lang='lat' dir='ltr'>podagro</span> <span class='ocrx_word' id='word_1_244' title='bbox 718 2139 766 2175; x_wconf 93' lang='lat' dir='ltr'>B&#39;</span> <span class='ocrx_word' id='word_1_245' title='bbox 853 2144 874 2176; x_wconf 83' lang='lat'><strong>2</strong></span> <span class='ocrx_word' id='word_1_246' title='bbox 901 2140 1133 2186; x_wconf 81' lang='lat' dir='ltr'>gloriebatur</span> <span class='ocrx_word' id='word_1_247' title='bbox 1157 2140 1204 2176; x_wconf 92' lang='lat' dir='ltr'>B&#39;</span> <span class='ocrx_word' id='word_1_248' title='bbox 1292 2145 1311 2176; x_wconf 84' lang='lat'>7</span> <span class='ocrx_word' id='word_1_249' title='bbox 1339 2140 1416 2177; x_wconf 89' lang='lat' dir='ltr'>cul-</span> 
     </span>
     <span class='ocr_line' id='line_1_38' title="bbox 71 2184 1416 2224; baseline 0.001 -2"><span class='ocrx_word' id='word_1_250' title='bbox 71 2187 144 2223; x_wconf 71' lang='grc' dir='ltr'>οιῒεῖ</span> <span class='ocrx_word' id='word_1_251' title='bbox 169 2197 237 2223; x_wconf 84' lang='lat' dir='ltr'>om.</span> <span class='ocrx_word' id='word_1_252' title='bbox 261 2184 306 2222; x_wconf 85' lang='lat' dir='ltr'>B‘</span> <span class='ocrx_word' id='word_1_253' title='bbox 401 2191 445 2223; x_wconf 89' lang='lat'>10</span> <span class='ocrx_word' id='word_1_254' title='bbox 470 2189 684 2224; x_wconf 87' lang='lat' dir='ltr'>tantantum</span> <span class='ocrx_word' id='word_1_255' title='bbox 709 2187 756 2222; x_wconf 91' lang='lat' dir='ltr'>B‘</span> <span class='ocrx_word' id='word_1_256' title='bbox 852 2192 894 2223; x_wconf 87' lang='grc'>16</span> <span class='ocrx_word' id='word_1_257' title='bbox 921 2187 1025 2224; x_wconf 75' lang='lat' dir='ltr'>ciues</span> <span class='ocrx_word' id='word_1_258' title='bbox 1046 2188 1093 2223; x_wconf 90' lang='lat' dir='ltr'>B&#39;</span> <span class='ocrx_word' id='word_1_259' title='bbox 1193 2191 1236 2223; x_wconf 89' lang='lat'>16</span> <span class='ocrx_word' id='word_1_260' title='bbox 1262 2188 1340 2223; x_wconf 84' lang='lat' dir='ltr'>sero</span> <span class='ocrx_word' id='word_1_261' title='bbox 1367 2187 1416 2223; x_wconf 90' lang='lat' dir='ltr'>B&#39;</span> 
     </span>
    </p>
   </div>
   <div class='ocr_carea' id='block_1_6' title="bbox 73 2232 1420 2318">
    <p class='ocr_par' dir='ltr' id='par_1_19' title="bbox 73 2232 1420 2318">
     <span class='ocr_line' id='line_1_39' title="bbox 73 2232 1420 2272; baseline 0 -3"><span class='ocrx_word' id='word_1_262' title='bbox 73 2237 115 2270; x_wconf 75' lang='lat'>17</span> <span class='ocrx_word' id='word_1_263' title='bbox 140 2234 334 2270; x_wconf 80' lang='lat' dir='ltr'>affectaret</span> <span class='ocrx_word' id='word_1_264' title='bbox 357 2234 394 2270; x_wconf 90' lang='lat' dir='ltr'><em>B</em></span> <span class='ocrx_word' id='word_1_265' title='bbox 452 2246 550 2272; x_wconf 90' lang='lat' dir='ltr'>noua</span> <span class='ocrx_word' id='word_1_266' title='bbox 576 2232 628 2271; x_wconf 89' lang='lat' dir='ltr'>B&#39;</span> <span class='ocrx_word' id='word_1_267' title='bbox 691 2239 734 2270; x_wconf 86' lang='grc'>19</span> <span class='ocrx_word' id='word_1_268' title='bbox 761 2245 912 2271; x_wconf 81' lang='lat' dir='ltr'>amlrarl</span> <span class='ocrx_word' id='word_1_269' title='bbox 936 2233 987 2271; x_wconf 91' lang='lat' dir='ltr'>B&#39;</span> <span class='ocrx_word' id='word_1_270' title='bbox 1046 2239 1091 2271; x_wconf 87' lang='lat'>26</span> <span class='ocrx_word' id='word_1_271' title='bbox 1111 2235 1327 2272; x_wconf 81' lang='lat' dir='ltr'>adolescens</span> <span class='ocrx_word' id='word_1_272' title='bbox 1343 2235 1420 2270; x_wconf 90' lang='lat' dir='ltr'>BP</span> 
     </span>
     <span class='ocr_line' id='line_1_40' title="bbox 73 2281 397 2318; baseline 0.006 -2"><span class='ocrx_word' id='word_1_273' title='bbox 73 2284 116 2317; x_wconf 85' lang='lat'>33</span> <span class='ocrx_word' id='word_1_274' title='bbox 141 2281 304 2318; x_wconf 82' lang='lat' dir='ltr'>defluens</span> <span class='ocrx_word' id='word_1_275' title='bbox 323 2282 397 2318; x_wconf 91' lang='lat' dir='ltr'>BP</span> 
     </span>
    </p>
   </div>
   <div class='ocr_carea' id='block_1_7' title="bbox 1041 2341 1113 2377">
    <p class='ocr_par' dir='ltr' id='par_1_20' title="bbox 1041 2341 1113 2377">
     <span class='ocr_line' id='line_1_41' title="bbox 1041 2341 1113 2377; baseline 0.014 -1"><span class='ocrx_word' id='word_1_276' title='bbox 1041 2341 1113 2377; x_wconf 74' lang='lat'>10*</span> 
     </span>
    </p>
   </div>
  </div>
 </body>
</html>
