1526 2444
163 96 250 138 486
460 94 608 132 COMM.
633 94 683 129 IN
711 94 851 130 SOMN.
878 93 988 130 SCIP.
1013 94 1142 130 LIBRI
1166 95 1183 128 I

168 202 337 257 publica
385 200 601 255 persuasio
651 200 911 254 quiescentes
962 201 1158 254 opinatur
1202 200 1399 242 inuadere
1441 202 1483 242 et

130 261 155 301 8
170 260 351 314 pondere
377 272 452 300 suo
479 271 647 311 pressos
673 271 720 299 ac
746 258 974 299 sentientes
999 272 1187 313 grauare.
1229 258 1297 299 his
1322 257 1484 299 duobus

170 317 306 359 modis
332 317 384 357 ad
409 316 570 357 nullam
595 315 794 356 noscendi
818 315 948 356 futuri
979 329 1102 369 opem
1126 316 1318 369 receptis,
1347 315 1484 356 tribus

171 374 320 416 ceteris
356 373 401 414 in
437 373 653 428 ingenium
698 373 966 414 diuinationis
1009 373 1271 414 instruimur.
1336 374 1379 413 et
1421 376 1487 414 est

171 431 430 473 oraculum
467 430 652 484 quidem,
689 444 782 471 cum
818 429 862 470 in
900 430 1059 471 somnis
1099 444 1251 484 parens
1296 429 1361 471 ue]
1402 430 1487 471 alia
1518 441 1526 468 1

172 490 318 531 sancta
349 488 546 543 grauisue
582 501 763 542 persona
800 501 873 528 seu
905 487 1098 528 sacerdos
1129 488 1197 528 uel
1227 487 1355 529 etiam
1386 486 1486 528 deus

173 548 317 601 aperte
346 547 591 587 euenturum
618 545 719 598 quid
750 547 823 586 aut
847 559 933 586 non
958 547 1219 598 euenturum,
1248 544 1487 587 faciendum

132 603 446 645 9uitandumue
477 602 708 644 denuntiat.
756 602 886 644 uisio
919 605 984 643 est
1014 604 1166 656 autem,
1197 616 1291 644 cum
1321 601 1363 643 id
1394 602 1488 656 quis

173 662 305 715 uidet,
348 661 459 715 quod
502 660 648 702 eodem
689 659 832 714 modo,
874 674 955 713 quo
1000 663 1269 714 apparuerat,
1312 660 1490 701 eueniet.

174 719 355 760 amicum
384 732 558 773 peregre
589 719 938 772 commorantem,
975 731 1098 771 quem
1137 731 1223 758 non
1259 716 1489 772 cogitabat,
1507 729 1526 755 u

173 777 291 818 uisus
323 776 405 817 sibi
436 777 500 817 est
529 789 744 816 reuersum
780 775 941 827 uidere,
972 777 1014 815 et
1049 774 1293 829 procedenti
1331 775 1490 829 obuius,

175 848 299 888 quem
328 833 505 886 uiderat,
535 833 653 874 uenit
682 832 726 872 in
752 832 981 886 amplexus,
1013 832 1250 886 depositum
1279 832 1322 873 in
1351 832 1491 886 quiete

177 890 363 944 suscepit
401 892 444 931 et
479 890 713 931 matutinus
745 889 782 930 ei
818 892 1011 942 precator
1049 890 1249 943 occurrit,
1287 889 1490 931 mandans

175 948 377 1003 pecuniae
396 948 575 988 tutelam
596 949 638 988 et
655 946 761 988 fidae
780 946 995 988 custodiae
1015 947 1189 988 celanda
1209 947 1491 988 committens.

110 1006 163 1048 10
178 1005 420 1047 somnium
451 1005 620 1059 proprie
644 1007 831 1058 uocatur,
863 1004 973 1057 quod
998 1004 1106 1057 tegit
1135 1004 1281 1058 figuris
1308 1006 1350 1045 et
1379 1004 1494 1045 uelat
1511 1016 1526 1042 ι

178 1063 429 1116 ambagibus
489 1076 575 1104 non
633 1061 716 1102 nisi
769 1061 1116 1115 interpretatione
1165 1061 1493 1116 intellegendam

178 1120 535 1174 significationem
559 1119 630 1173 rei,
661 1133 766 1172 quae
798 1119 1122 1172 demonstratur,
1155 1118 1266 1173 quod
1291 1119 1414 1172 quale
1440 1119 1495 1160 sit

176 1192 263 1220 non
294 1193 319 1218 a
348 1177 472 1218 nobis
504 1176 795 1230 exponendum
826 1178 908 1228 est,
944 1190 1038 1217 cum
1069 1176 1150 1217 hoc
1180 1191 1287 1217 unus
1320 1177 1495 1230 quisque

179 1249 229 1277 ex
252 1250 342 1289 usu,
368 1235 468 1288 quid
494 1235 563 1287 sit,
588 1235 803 1288 agnoscat.
845 1233 969 1274 huius
995 1233 1177 1288 quinque
1203 1236 1301 1275 sunt
1325 1234 1494 1287 species.
1518 1246 1526 1290 3

181 1295 254 1334 aut
297 1293 410 1334 enim
450 1292 708 1345 proprium
752 1292 825 1331 aut
868 1291 1087 1332 alienum
1128 1293 1201 1332 aut
1243 1295 1526 1346 commune}

114 1351 163 1392 11
181 1353 255 1392 aut
296 1349 555 1414 publicum
599 1351 672 1389 aut
715 1349 950 1402 generale
993 1351 1067 1389 est.
1125 1349 1382 1402 proprium
1421 1351 1526 1403 est,'·

181 1422 275 1450 cum
312 1421 356 1449 se
394 1407 486 1461 quis
523 1406 747 1448 facientem
782 1406 1065 1459 patientemue
1109 1406 1266 1460 aliquid
1303 1406 1526 1459 somniat,-

181 1465 400 1507 alienum
443 1478 537 1506 cum
581 1464 728 1518 alium,
770 1477 1024 1505 commune
1062 1478 1156 1505 cum
1194 1477 1238 1505 se
1280 1477 1365 1505 una
1402 1478 1526 1528 cum}

182 1523 284 1576 alio,
323 1521 580 1577 publicum
617 1523 682 1562 est
718 1535 814 1562 cum
844 1521 1008 1562 ciuitati
1043 1520 1190 1563 foroue
1227 1521 1295 1562 uel
1330 1512 1526 1562 theatro*-

183 1595 256 1622 seu
289 1579 548 1634 quibuslibet
578 1579 756 1632 publicis
788 1578 1006 1620 moenibus
1037 1579 1255 1620 actibusue
1284 1579 1405 1620 triste
1429 1577 1526 1658 uel⁴

182 1639 340 1680 laetum
377 1637 476 1691 quid
513 1637 710 1678 aestimat
752 1636 969 1687 accidisse,
1007 1636 1243 1691 generale
1281 1638 1363 1686 est,
1404 1616 1526 1679 cum}

184 1696 293 1737 circa
330 1695 432 1736 solis
470 1695 615 1736 orbem
644 1694 889 1735 lunaremue
926 1694 1099 1748 globum
1131 1707 1203 1735 seu
1240 1693 1325 1735 alia
1352 1668 1526 1737 sidera‘f'ssss

184 1754 253 1794 uel
279 1753 441 1795 caelum
467 1765 664 1794 omnesue
688 1753 824 1793 terras
850 1751 1007 1806 aliquid
1033 1751 1217 1792 somniat
1237 1750 1526 1794 innonatum.

117 1811 171 1852 12
185 1810 264 1853 hoc
295 1823 414 1865 ergo,
450 1809 560 1863 quod
592 1808 734 1862 Scipio
771 1808 927 1850 uidisse
964 1822 1007 1850 se
1043 1809 1188 1850 retulit
1224 1810 1266 1849 et
1299 1809 1383 1849 tria
1414 1808 1499 1864 illa,

185 1882 291 1921 quae
323 1868 413 1909 sola
443 1866 685 1921 probabilia
715 1868 816 1908 sunt
847 1880 1002 1921 genera
1031 1865 1374 1920 principalitatis,
1415 1880 1526 1969 am}

279 2007 296 2037 1
330 2003 488 2047 oppma‘}
518 2002 555 2036 Β
696 2005 716 2036 2
748 2012 790 2037 ac
820 2001 1016 2036 sentientes
1041 2001 1085 2044 P,
1116 2001 1444 2048 acsenltienhentes

186 2053 206 2084 8
231 2049 424 2092 mtandfiq3
450 2048 486 2082 Β
556 2050 626 2083 au‘?
651 2066 659 2074 ·
675 2050 694 2083 ὅ
719 2048 755 2082 Β
832 2050 852 2081 9
877 2048 1138 2127 apperueratP
1118 2046 1163 2081 B‘
1238 2050 1277 2081 11
1306 2050 1325 2081 e
1347 2050 1352 2090 ι
1373 2047 1440 2082 s1b1
1463 2039 1526 2089 Β,

230 2094 450 2140 procedente
475 2094 512 2129 Β
610 2093 716 2128 obmr
736 2092 782 2128 B‘
896 2096 938 2127 13
963 2093 1077 2137 suse1p
1240 2093 1350 2139 matu}
1356 2093 1446 2128 tims

233 2140 490 2175 commendans
521 2140 541 2175 b
638 2143 682 2174 14
714 2138 908 2174 comm-‚ens
932 2139 968 2173 B
1058 2141 1100 2172 15
1101 2093 1256 2175 Puelata
1276 2141 1281 2184 l
1301 2093 1428 2184 ba'g1b;

185 2187 261 2222 uid.
286 2184 333 2222 B'
452 2190 495 2221 17
521 2197 583 2229 qm
608 2185 715 2229 quale
739 2183 784 2219 B'
905 2188 947 2220 18
972 2196 994 2220 a
1018 2183 1090 2219 nob
1116 2198 1140 2220 11
1163 2185 1201 2220 P
1309 2188 1350 2220 19
1374 2185 1436 2220 uso

186 2234 296 2276 fallor
319 2229 365 2267 B'
452 2235 495 2267 21
523 2231 671 2275 duphcsi
695 2235 737 2267 ut
759 2231 835 2267 uid
860 2230 906 2265 B'
1000 2234 1043 2267 25
1068 2231 1207 2278 men1b3
1231 2231 1267 2265 B
1355 2234 1399 2266 26
1423 2230 1514 2278 let“4

187 2279 325 2323 ahqmd
349 2279 385 2313 P
454 2281 497 2313 27
523 2277 650 2322 sydera
674 2277 711 2312 P
