1526 2444
135 58 192 102 46
653 59 750 95 sA'r.
774 59 903 95 Llssm
926 59 943 93 1

137 166 268 208 fuisse
305 168 348 207 et
383 180 468 208 non
504 166 587 207 nisi
618 167 768 220 quarto
801 165 961 207 decimo
993 164 1279 206 Kalendarum
1309 162 1459 205 Ianua-

137 224 296 266 riarum
334 224 568 265 celebrata:
618 237 699 278 quo
737 223 829 264 solo
867 223 933 264 die
969 223 1079 276 apud
1110 222 1254 263 aedem
1287 220 1459 263 Saturni

139 281 334 324 conuiuio
361 281 570 322 dissoluto
594 280 642 322 Io
669 279 910 322 Saturnalia
935 280 1244 332 clamitabatur‚
1275 278 1347 333 qui
1371 278 1458 320 dies

138 353 249 381 nunc
269 338 474 393 Opalibus
500 339 610 380 inter
630 337 872 380 Saturnalia
897 338 1135 391 deputatur,
1161 351 1255 378 cum
1275 336 1460 389 primum

72 404 123 445 19
139 395 321 438 Saturno
351 396 512 450 pariter
540 398 582 437 et
607 395 687 449 Opi
713 395 841 437 fuerit
867 395 1115 449 adscriptus.
1161 394 1290 435 hanc
1321 396 1460 434 autem
1487 402 1499 442 j

138 455 276 499 deam
321 453 471 508 Opem
520 451 726 494 Saturni
776 452 1042 507 coniugem
1090 451 1373 505 crediderunt,
1420 452 1462 491 et

139 512 247 553 ideo
279 511 371 553 hoc
402 525 566 553 mense
598 509 894 552 Saturnalia
926 512 1146 563 itemque
1178 508 1357 563 Opalia
1387 522 1463 549 ce-

138 569 345 621 lebrari,
383 569 515 623 quod
547 567 793 609 Saturnus
831 568 1036 621 eiusque
1073 581 1196 608 uxor
1230 570 1330 607 tam
1360 565 1462 606 fru-

138 640 252 682 gum
283 641 427 681 quam
454 626 706 668 fructuum
735 627 1025 680 repertores
1052 638 1158 666 esse
1183 624 1462 665 credantur.
1497 663 1500 664 γ

138 687 312 738 itaque
343 684 476 726 omni
506 684 603 726 iam
628 684 735 724 fetu
761 696 993 737 agrorum
1020 685 1196 724 coacto
1223 681 1281 723 ab
1307 680 1494 725 homi-1

137 742 287 783 nibus
312 741 404 783 hos
431 741 550 783 deos
576 741 677 783 coli
702 740 846 795 quasi
871 741 1006 781 uitae
1032 739 1268 781 cultioris
1295 740 1464 779 aucto-

71 806 230 847 20res.
291 813 414 854 quos
453 799 604 840 etiam
639 812 736 840 non
772 798 929 839 nullis
967 798 1157 838 caelum
1195 810 1248 838 ac
1277 798 1463 837 terram
1495 847 1499 851 .

140 871 249 899 esse
310 871 607 910 persuasum
661 870 794 908 esse,
849 853 1215 908 Saturnumque
1270 869 1294 894 a
1349 855 1463 894 satu
1496 867 1502 882 ’-

139 916 346 969 dictum,
395 915 535 955 cuius
579 927 729 955 causa
771 913 826 954 de
868 913 1008 954 caelo
1053 914 1144 964 est,
1187 913 1234 952 et
1275 913 1499 963 terram?

140 972 292 1026 Opem
324 972 464 1014 cuius
497 986 587 1026 ope
618 971 863 1012 humanae
887 971 1025 1011 uitae
1051 970 1291 1010 alimenta
1316 981 1462 1022 quae·
1481 982 1496 1008 1

139 1032 337 1081 runtur,
369 1029 448 1071 uel
480 1030 538 1071 ab
569 1042 735 1083 opere,
765 1042 852 1082 per
883 1028 1018 1081 quod
1044 1027 1242 1068 fructus
1268 1026 1463 1080 fruges-

69 1088 232 1142 2lque
264 1089 560 1129 nascuntur.
608 1087 707 1128 huic
739 1085 839 1126 deae
871 1085 1064 1126 sedentes
1095 1087 1197 1126 uota
1222 1083 1464 1137 concipiunt

139 1148 378 1198 terramque
415 1144 466 1185 de
502 1143 710 1185 industria
742 1145 927 1197 tangunt
958 1142 1296 1184 demonstrantes
1326 1141 1464 1194 ipsam
1498 1138 1500 1142 ’

141 1205 318 1244 matrem
348 1204 507 1243 terram
539 1216 630 1243 esse
662 1201 913 1243 mortalibus
946 1199 1235 1254 adpetendam.
1498 1197 1500 1203 '

70 1261 126 1302 22
255 1258 583 1302 PHILOCHORVS
633 1258 851 1301 Saturno
904 1260 951 1299 et
1000 1257 1092 1311 Opi
1145 1256 1358 1310 primum
1411 1255 1462 1296 in

139 1317 314 1359 Attica
351 1318 597 1358 statuisse
635 1331 770 1358 aram
802 1314 1071 1369 Cecropem
1103 1314 1244 1367 dicit,
1278 1327 1462 1367 eosque

139 1375 254 1416 deos
279 1389 367 1429 pro
403 1375 523 1416 Ioue
547 1377 784 1428 terraque
810 1372 1046 1425 coluisse,
1070 1371 1462 1424 instituisseque
1496 1418 1499 1419 ⁷

138 1434 191 1473 ut
226 1435 402 1486 patres
438 1431 743 1472 familiarum
775 1433 822 1472 et
857 1430 1091 1485 frugibus
1127 1431 1176 1471 et
1212 1428 1462 1470 fructibus
1496 1471 1500 1484 1

137 1490 234 1530 iam
284 1489 475 1531 coactis
524 1489 711 1543 passim
762 1502 869 1530 cum
918 1487 1078 1529 seruis
1120 1487 1462 1539 uescerentur,
1494 1487 1495 1490 ’

139 1561 248 1588 cum
280 1547 459 1602 quibus
491 1547 794 1601 patientiam
819 1545 1013 1587 laboris
1039 1545 1090 1586 in
1116 1543 1324 1586 colendo
1349 1557 1462 1585 rure

138 1605 499 1646 tolerauerant.
548 1603 793 1645 delectari
825 1603 952 1644 enim
983 1602 1122 1644 deum
1147 1602 1334 1642 honore
1361 1615 1461 1642 ser·
1495 1617 1499 1620 ·

138 1677 312 1704 uorum
355 1662 703 1715 contemplatu
746 1660 951 1702 laboris.
1018 1659 1118 1701 hinc
1161 1661 1226 1700 est
1264 1658 1375 1712 quod
1412 1672 1462 1699 ex
1497 1710 1500 1714 ι

138 1720 336 1760 instituto
386 1719 608 1774 peregrino
650 1718 749 1760 huic
791 1718 868 1759 deo
912 1731 1078 1759 sacrum
1127 1718 1273 1770 aperto
1324 1715 1461 1770 capite
1496 1765 1498 1767 ‚

138 1777 327 1819 facimus.
1493 1787 1494 1790 ¹

68 1834 124 1875 23
255 1834 435 1875 Abunde
460 1834 547 1875 iam
570 1834 774 1888 probasse
799 1847 878 1875 nos
903 1832 1082 1874 aestimo
1109 1830 1350 1872 Saturnalia
1374 1844 1458 1872 uno
1490 1838 1493 1870 ἰ

233 1973 251 2004 1
278 1970 380 2004 XIIII
410 1971 446 2004 P
514 1974 534 2004 3
559 1970 599 2005 Io
619 1968 828 2004 Saturnalia
847 1967 1108 2003 clamitabatur
1128 1967 1277 2003 Cebetas
1300 1966 1460 2003 Mnemo-

136 2027 238 2062 syncs
267 2019 376 2059 1879,
401 2019 462 2051 48:
499 2016 708 2051 Saturnaha
737 2014 1023 2050 clamitabantur
1053 2014 1180 2049 omisso
1204 2012 1244 2047 Io
1276 2013 1386 2058 (BP)

136 2067 159 2096 4
183 2061 356 2107 upahbuf
369 2061 416 2096 B'
488 2064 508 2096 5
534 2062 710 2107 ascnptus
723 2062 760 2096 P
830 2064 872 2095 11
898 2060 1116 2096 cult1or1bus
1134 2059 1180 2094 B'
1254 2063 1297 2094 13
1316 2059 1459 2103 persua-

135 2109 213 2143 sum
237 2108 290 2143 est
315 2108 376 2153 (P)
455 2112 498 2144 16
524 2118 632 2153 opere
650 2118 673 2143 *
691 2119 714 2144 *
727 2119 756 2152 p
828 2110 870 2142 19
897 2118 919 2142 a
943 2108 1071 2151 (supra
1094 2117 1117 2142 a
1141 2116 1280 2141 erasum
1303 2106 1341 2149 v)
1365 2116 1459 2140 mor-

135 2154 273 2190 talibus
298 2154 543 2199 appetendam
573 2155 610 2189 P
630 2153 892 2199 (appetendam
922 2154 1028 2188 etiam
1053 2153 1087 2197 b)
1183 2155 1228 2186 20
1253 2149 1466 2195 philocorus

136 2201 215 2235 BP
270 2204 330 2235 ·21
356 2211 538 2246 cicropem
561 2201 640 2236 BP
714 2204 758 2236 23
783 2201 926 2245 patrem
948 2196 994 2233 B'
1074 2197 1224 2244 frulgib3
1250 2197 1280 2231 δι
1304 2196 1458 2240 fruct1b3

132 2250 276 2292 praeter
297 2248 403 2292 prius
425 2247 484 2282 fru
507 2248 549 2282 in
571 2257 644 2283 ras.
670 2247 710 2282 in
735 2247 771 2281 P
