1526 2444
591 61 696 97 X1111
720 65 837 97 7—14
1305 59 1391 101 541

49 173 299 227 similitudo,
330 186 461 227 quam
491 170 677 213 formam
708 170 891 212 diximus
917 169 1055 212 solam
1082 168 1240 211 mentis
1266 183 1393 223 capa·

49 248 154 277 cem.
215 231 299 274 soli
335 244 437 286 ergo
474 230 641 272 homini
675 229 907 284 rationem,
944 228 987 270 id
1020 230 1086 270 est
1117 228 1206 270 uim
1237 228 1392 269 mentis
1411 227 1464 270 10

48 291 217 346 infudit,
249 291 318 333 cui
348 289 468 331 sedes
500 290 547 330 in
578 289 719 344 capite
751 290 829 344 est,
861 287 936 331 sed
964 290 1007 330 et
1032 287 1250 343 geminam
1273 286 1395 329 illam

52 349 263 394 sentiendi
311 348 611 403 crescendique
659 350 881 399 naturam,
931 346 1031 403 quia
1081 341 1288 388 caducum
1331 349 1397 388 est

13 422 34 448 >5
52 423 225 464 corpus,
254 407 447 450 inseruit.
508 410 552 449 et
581 407 683 448 hinc
716 409 800 462 est,
831 405 945 461 quod
975 406 1105 448 homo
1138 407 1182 447 et
1211 404 1396 447 rationis
1411 405 1465 447 11

53 482 229 523 compos
255 470 332 522 est,
358 469 402 507 et
427 466 561 508 sentit
585 468 628 507 et
653 465 817 520 crescit,
843 466 1022 520 solaque
1046 464 1216 507 ratione
1239 463 1399 507 meruit

52 530 274 583 praestare
306 525 459 567 ceteris
492 525 766 580 animalibus,
798 538 908 579 quae
939 524 1040 579 quia
1069 537 1238 579 semper
1262 537 1400 578 prona

55 588 176 640 sunt,
225 588 268 627 et
316 598 367 626 ex
416 584 511 638 ipsa
560 598 728 639 quoque
773 583 1032 638 suspiciendi
1076 582 1332 625 difficultate
1376 597 1402 624 a

56 644 220 699 superis
263 645 547 697 recesserunt,
590 657 667 685 nec
709 643 842 684 ullam
886 642 1129 684 diuinorum
1173 655 1403 696 corporum
1433 650 1445 660 ⁴

3 717 39 744 ιο
58 701 382 746 similitudinem
427 702 572 756 aliqua
614 701 680 743 sui
725 704 845 756 parte
890 703 1156 755 meruerunt,
1198 701 1310 742 nihil
1352 714 1403 742 ex

58 765 203 804 mente
246 761 399 803 sortita
443 764 560 813 sunt,
608 763 651 802 et
687 760 783 801 ideo
824 760 990 801 ratione
1028 762 1275 801 caruerunt:
1320 759 1404 801 duo

60 834 229 876 quoque
277 821 447 861 tantum
497 819 651 874 adepta
701 820 818 871 sunt,
875 818 1034 860 sentire
1083 817 1154 860 uel
1203 832 1404 861 crescere.

59 893 161 921 nam
205 878 344 932 siquid
385 879 431 919 in
474 878 560 919 illis
605 877 932 920 similitudinem
977 877 1158 919 rationis
1202 877 1409 931 imitatur,
1425 876 1478 918 12

61 952 150 980 non
200 937 309 979 ratio
355 937 428 978 sed
470 938 679 979 memoria
723 939 807 991 est,
857 939 900 978 et
948 937 1157 978 memoria
1200 950 1289 978 non
1331 936 1411 978 illa

8 1010 44 1038 ιε
62 997 230 1039 ratione
262 995 400 1037 mixta
432 995 505 1037 sed
530 1010 637 1050 quae
662 995 967 1038 hebetudinem
993 1009 1197 1038 sensuum
1222 995 1410 1050 quinque

63 1055 311 1098 comitatur:
359 1054 411 1095 de
457 1069 542 1109 qua
584 1055 710 1109 plura
751 1069 864 1096 nunc
908 1054 1065 1109 dicere,
1109 1055 1313 1109 quoniam
1357 1053 1411 1096 ad

63 1128 266 1170 praesens
311 1127 418 1168 opus
461 1128 549 1156 non
593 1114 767 1165 attinet,
811 1114 1072 1156 omittemus.
1142 1116 1407 1155 terrenorum
1428 1112 1483 1155 13

0 1193 2 1214 ι
65 1187 294 1227 corporum
320 1172 477 1214 tert-ius
503 1172 607 1214 ordo
633 1173 678 1214 in
705 1173 928 1215 arboribus
955 1175 999 1214 et
1023 1173 1168 1214 herbis
1195 1175 1273 1228 est,
1304 1186 1412 1227 quae

66 1234 216 1274 carent
257 1235 348 1273 tam
392 1231 560 1274 ratione
605 1246 735 1287 quam
778 1246 923 1285 sensu,
968 1234 1011 1273 et
1054 1232 1154 1287 quia
1197 1231 1414 1274 crescendi

13 1304 50 1332 to
67 1294 239 1334 tantum
270 1289 397 1331 modo
430 1305 533 1332 usus
562 1291 606 1332 in
638 1290 705 1332 his
732 1291 864 1347 uiget,
894 1291 976 1332 hae
1003 1291 1096 1333 sola
1120 1291 1266 1333 uiuere
1291 1293 1415 1345 parte

69 1350 279 1392 dicuntur.
333 1349 446 1391 hunc
477 1364 620 1392 rerum
653 1349 846 1392 ordinem
878 1354 922 1392 et
946 1348 1166 1405 Vergilius
1193 1350 1415 1404 expressit.
1431 1349 1488 1392 14

68 1423 171 1451 nam
202 1410 246 1450 et
275 1407 436 1450 mundo
468 1409 657 1451 animam
689 1408 806 1450 dedit
837 1412 899 1461 et,
929 1411 978 1450 ut
1007 1409 1187 1464 puritati
1219 1410 1309 1450 eius
1342 1409 1416 1451 ad-

69 1469 322 1521 testaretur,
366 1469 556 1510 mentem
601 1468 786 1510 uocauit.
861 1467 1025 1510 caelum
1069 1467 1200 1522 enim,
1252 1468 1332 1522 ait,
1375 1470 1419 1509 et

70 1530 208 1568 terras
253 1530 296 1567 et
332 1526 471 1568 maria
511 1529 554 1568 et
598 1527 739 1569 sidera
784 1528 1005 1582 spiritus
1048 1527 1189 1569 intus
1235 1526 1333 1569 alit
1374 1527 1419 1568 id
1455 1561 1461 1584 3

20 1597 57 1625 25
75 1588 142 1627 est
186 1584 329 1626 am‘ma
373 1585 484 1629 sicut
528 1585 635 1628 alibi
671 1600 749 1641 pro
788 1586 1051 1641 spiramento
1090 1586 1276 1628 animam
1316 1585 1420 1628 dicit
1455 1592 1460 1600 ’

75 1646 322 1699 quantum
352 1643 497 1699 ignis
530 1645 830 1701 animaeque
860 1645 1040 1687 ualent
1069 1670 1119 1675 —-
1149 1647 1191 1687 et
1221 1647 1270 1686 ut
1300 1645 1419 1687 illius

76 1702 316 1745 mundanae
349 1703 518 1746 animae
550 1704 767 1747 adsereret
797 1704 1070 1760 dignitatem,
1109 1706 1296 1746 mentem
1328 1718 1420 1746 esse

31 1806 34 1807 γ
75 1763 262 1805 testatus
299 1763 383 1803 est:
428 1777 570 1804 mens
616 1763 784 1819 agitat
822 1764 1004 1806 molem
1042 1787 1098 1793 —
1134 1777 1213 1805 nec
1249 1777 1337 1806 non
1373 1766 1422 1804 ut

78 1820 325 1863 ostenderet
368 1835 418 1863 ex
461 1821 558 1876 ipsa
601 1823 746 1864 anima
789 1825 988 1865 constare
1032 1824 1076 1863 et
1112 1822 1294 1864 animari
1331 1821 1423 1864 uni-

79 1894 217 1934 uersa)
238 1893 347 1934 quae
365 1880 530 1935 uiuunt,
548 1881 710 1923 addidit
731 1881 847 1924 inde
873 1881 1131 1923 hominum
1150 1881 1424 1936 pecudum-

31 1943 36 1948 '
80 1952 172 1994 que
205 1951 367 1993 genus
399 1942 441 1980 et
472 1942 626 1995 cetera,
656 1943 788 1996 utque
815 1940 1030 1983 adsereret
1055 1940 1235 1983 eundem
1261 1954 1353 1982 esse
1378 1941 1425 1982 in

174 2081 221 2113 24
244 2077 335 2113 Aen.
361 2077 415 2113 VI
439 2082 507 2115 '126

178 2213 196 2243 1
225 2213 335 2253 qua*
361 2208 398 2242 P
515 2211 536 2243 2
562 2208 639 2244 sola.
666 2208 716 2244 P'
828 2213 851 2244 4
876 2210 1054 2246 caducam
1078 2207 1129 2245 P'
1241 2215 1262 2247 5
1287 2210 1353 2246 hm
1377 2208 1426 2245 P'

83 2259 106 2291 8
131 2254 308 2301 atrapens
328 2253 377 2291 P'
472 2258 516 2290 10
539 2254 594 2291 sm
617 2267 684 2293 om.
710 2257 748 2293 P
841 2260 883 2292 12
910 2257 1040 2302 adepti
1064 2255 1111 2292 P'
1213 2261 1257 2293 15
1282 2258 1428 2294 hebitu-

85 2302 170 2338 dine
198 2302 236 2337 P
304 2306 349 2338 25
375 2301 520 2338 ammas
537 2306 580 2340 ut
602 2304 681 2340 uid.
706 2301 753 2339 P·

42 2385 60 2444 2-
