1526 2444
135 68 191 109 32
196 68 220 109 8
658 67 759 102 SAT.
782 66 910 100 LIBRI
934 66 966 101 V

136 177 183 215 ut
209 173 423 215 Achelous
455 186 673 214 commune
705 172 841 214 omnis
873 184 1006 225 aquae
1035 185 1188 213 nomen
1216 170 1451 225 haberetur,

137 236 280 273 tamen
320 231 388 271 his
433 244 598 284 quoque
639 230 769 272 etiam
806 229 1042 271 EVRIPIDIS
1080 228 1337 270 nobilissimi
1372 230 1451 269 tra-

138 289 385 343 goediarum
423 288 640 341 scriptoris
678 287 856 329 addetur
894 287 1142 340 auctoritas,
1180 301 1307 340 quam
1343 285 1451 327 idem

137 346 349 387 DIDYMVS
410 345 712 400 grammaticus
773 346 817 386 in
878 344 945 386 his
1006 344 1126 385 libris
1182 358 1285 398 quos
1340 358 1451 398 τρα-

138 402 467 459 γῳδουμένιης
533 401 713 452 λέξεως
774 403 944 455 scripsit
998 402 1140 455 posuit
1194 402 1259 442 his
1313 401 1453 442 uerbis
1490 415 1506 441 5

72 460 346 516 12Ἆχελῷον
387 466 474 502 πᾶν
516 460 637 513 ὕδωρ
680 460 919 514 Εὐριπίδης
961 458 1095 513 φησὶν
1137 458 1183 500 ἐν
1221 457 1455 511 “Ί”11)ιπύλῃ.

140 519 277 571 λέγων
325 519 407 571 γὰρ
455 517 552 573 περὶ
601 518 758 567 ὕδατος
807 518 930 566 ὄντος
979 517 1148 570 σφόδρα
1195 517 1341 571 πόρρω
1384 521 1456 568 τῆς

135 574 437 630 Ἀκαρνανίας,
469 575 515 617 ἐν
547 571 574 630 ᾗ
605 575 721 617 ἐστιν
753 575 775 617 ὁ
806 576 994 628 ποταμὸς
1020 571 1246 630 Ἀχελῷος,
1277 574 1411 627 φησίν

200 656 324 707 δείξω
356 654 434 711 μὲν
460 654 718 712 Ἀργείοισιν
745 653 957 712 Ἀχελῴου
989 655 1106 710 ῥόον.

75 740 127 781 13
261 737 367 779 Sunt
397 738 440 778 in
471 737 579 778 libro
613 737 794 790 septimo
825 737 890 777 illi
921 750 1079 788 uersus,
1110 735 1260 789 quibus
1285 733 1459 775 Hernici
1479 750 1512 775 10

141 796 288 850 populi
331 798 374 836 et
417 809 561 836 eorum
600 794 911 848 nobilissima„
926 796 974 835 ut
1017 796 1118 834 tunc
1161 795 1268 845 erat,
1310 792 1461 833 ciuitas

141 853 342 908 Anagnia
373 854 668 894 enumerantur

423 947 527 988 quos
559 932 675 973 diues
709 932 906 985 Anagnia
936 932 1072 984 pascit

204 1005 306 1045 quos
338 990 549 1031 Amasene
580 992 713 1044 pater.
771 1003 858 1030 non
888 989 972 1030 illis
1004 989 1197 1029 omnibus
1229 1002 1348 1028 arma

203 1063 279 1090 nec
311 1049 438 1102 clipei
469 1062 669 1089 currusue
701 1048 876 1100 sonant,
906 1060 1004 1100 pars
1036 1045 1218 1086 maxima
1249 1045 1415 1100 glandis
1482 1059 1515 1086 15

204 1107 377 1148 liuentis
408 1106 573 1159 plumbi
606 1105 785 1159 spargit,
815 1117 914 1158 pars
947 1103 1109 1157 spicula
1140 1105 1280 1155 gestat

205 1165 305 1205 bina
336 1178 464 1204 manu
494 1163 717 1217 fuluosque
747 1161 836 1215 lupi
867 1161 916 1202 de
949 1161 1057 1215 pelle
1089 1161 1255 1215 galeros

204 1225 377 1277 tegmen
409 1221 570 1262 habent
600 1220 748 1274 capiti,
779 1218 961 1274 uestigia
991 1218 1105 1260 nuda
1136 1218 1298 1259 sinistri

206 1280 429 1320 instituere
459 1278 597 1333 pedis,
628 1278 779 1319 crudus
811 1278 919 1331 tegit
951 1277 1083 1318 altera
1113 1290 1226 1329 pero.

82 1362 135 1403 14
148 1361 260 1402 hune
296 1373 458 1401 morem
495 1359 540 1400 in
572 1358 698 1400 Italia
734 1357 883 1410 fuisse,
919 1359 968 1398 ut
1005 1370 1088 1397 uno
1127 1356 1232 1410 pedo
1271 1355 1467 1408 calceato,
1485 1371 1520 1397 20

151 1419 283 1460 altero
321 1417 433 1458 nudo
472 1417 606 1458 iretur
643 1416 696 1457 ad
735 1415 913 1465 bellum,
952 1428 1161 1468 nusquam
1193 1413 1327 1454 adhuc
1357 1413 1468 1467 quod

151 1476 280 1518 sciam
322 1474 506 1529 repperi,
549 1474 622 1515 sed
659 1488 753 1515 eam
791 1471 1050 1514 Graecorum
1085 1485 1170 1512 non
1206 1471 1335 1512 nullis
1372 1485 1468 1513 con-

152 1533 418 1575 suetudinem
448 1532 578 1573 fuisse
606 1530 808 1585 locupleti
833 1532 1004 1572 auctore
1029 1530 1115 1570 iam
1139 1528 1281 1583 palam
1305 1528 1469 1569 faciam.

84 1592 197 1634 15111
223 1605 306 1645 qua
325 1590 494 1644 quidem
513 1604 558 1630 re
577 1589 723 1630 mirari
743 1591 808 1629 est
825 1590 976 1641 poetae
994 1587 1120 1628 huius
1141 1586 1470 1628 occultissimam

155 1649 435 1703 diligentiam.
493 1648 563 1701 qui
601 1661 696 1688 cum
732 1646 905 1700 legisset
935 1644 1159 1698 Hernicos,
1197 1658 1375 1698 quorum
1406 1645 1469 1684 est
1487 1657 1523 1684 25

154 1706 369 1760 Anagnia,
413 1721 438 1747 a
480 1704 673 1759 Pelasgis
717 1703 936 1757 oriundos,
979 1702 1296 1755 appellatosque
1338 1701 1401 1742 ita
1447 1715 1472 1741 a

155 1765 336 1818 quodam
362 1763 545 1818 Pelasgo
578 1762 681 1803 duce
709 1775 798 1814 suo,
831 1761 902 1814 qui
925 1759 1133 1801 Hernicus
1158 1758 1473 1812 nominabatur,

155 1835 326 1875 morem,
358 1835 482 1875 quem
514 1820 564 1861 de
593 1819 765 1860 Aetolia
795 1819 969 1872 legerat,
998 1816 1192 1858 Hernicis
1224 1815 1473 1871 adsignauit,

90 1879 141 1920 16
158 1879 230 1933 qui
279 1881 379 1919 sunt
427 1880 549 1919 uetus
593 1877 759 1919 colonia
801 1875 1089 1930 Pelasgorum.
1162 1876 1204 1914 et
1246 1872 1474 1915 Hernicum

251 2007 270 2037 9
295 2003 426 2048 fragm.
452 2003 535 2036 Eur.
562 2002 616 2036 ed.
643 2000 773 2035 Nauck
801 2004 866 2035 753
941 2003 982 2034 13
1011 1999 1116 2043 Verg.
1144 1998 1233 2032 Aen.
1258 1996 1326 2031 VII
1350 1999 1418 2031 684

249 2124 271 2154 4
297 2117 455 2153 didimus
473 2117 510 2151 P
579 2119 597 2150 7
622 2117 775 2158 ΠΟΡΡΟ
793 2115 910 2149 ΤΗΟΕ
930 2114 966 2148 Ρ
1033 2118 1074 2148 11
1096 2111 1425 2159 em*lnob111ffim1
1443 2111 1480 2146 P

159 2169 201 2200 12
228 2175 364 2210 anagnl
387 2166 644 2198 enumerantur
668 2162 704 2196 P
796 2165 836 2195 21
866 2160 985 2195 adhuc
1009 2171 1075 2195 om.
1101 2158 1146 2194 P'
1245 2162 1290 2193 25
1315 2159 1474 2202 dilegen-

157 2214 213 2247 tia
238 2210 286 2245 P'
383 2215 427 2245 26
455 2208 603 2244 onudos
626 2206 673 2242 P'
770 2206 983 2252 apellatol'q,
1010 2207 1046 2241 P
1137 2210 1180 2240 27
1208 2204 1330 2249 quoda
1354 2215 1418 2239 om.
1442 2203 1478 2237 Ρ

159 2261 203 2293 28
228 2257 356 2305 &hoha
383 2257 419 2291 P
485 2260 528 2290 29
555 2255 690 2291 colima
714 2251 760 2288 P'
