1526 2444
136 79 225 120 424
626 81 724 118 SAT.
750 82 876 118 LIBRI
901 83 968 119 VII

138 200 300 227 canere.
361 189 424 227 est
455 186 564 228 enim
596 187 805 230 rhetorica
834 189 1035 242 prolusio,
1066 203 1307 232 communes
1339 191 1453 233 locos
1518 206 1521 210 ’

136 243 183 285 in
212 245 422 285 utramuis
453 246 616 297 partem
647 245 915 288 inuentorum
947 247 1230 289 alternatione
1260 250 1453 290 tractare.
1523 297 1526 302 Ι

138 301 211 342 sed
249 302 346 354 quia
381 301 549 343 facilius
582 300 838 345 Graecorum
874 304 1193 347 inuentionibus
1226 320 1250 346 3
1282 305 1453 348 Graecis
1520 308 1526 358 j

135 358 245 400 forte
288 359 384 400 aliis
426 359 561 400 relata
602 361 874 416 respondent,
922 364 982 416 te,
1025 362 1243 415 Eustathi,
1286 377 1453 405 oramus
1522 360 1526 400 ἰ

137 429 300 469 omnes,
340 418 389 458 ut
425 430 547 458 sensa
584 420 626 458 et
661 418 833 460 inuenta
865 418 1022 460 Disarii
1058 421 1284 462 contrariis
1321 421 1452 476 repel-
1489 435 1526 472 ⁵j

135 473 259 515 lendo
285 474 330 514 in
355 474 570 528 integrum
595 475 794 517 restituas
821 478 1138 519 exauctoratum
1163 479 1453 520 conuiuiorum
1516 480 1526 517 ’ἶ

134 530 351 584 leporem?
890 580 893 581 ⁷
1515 533 1518 535 ’

93 587 123 629 5
252 588 332 630 Ille
376 588 447 630 diu
488 589 568 631 1100
611 604 635 631 3
672 605 716 631 se
753 590 939 633 officium
976 592 1240 647 deprecatus,
1281 593 1354 634 ubi
1389 595 1455 635 tot

136 646 445 699 impellentium
481 661 724 702 procerum,
760 649 912 703 quibus
949 650 1205 691 obuiandum
1235 665 1320 692 non
1352 654 1454 704 erat,
1521 663 1526 711 ᾗ

136 704 327 745 hortatui
364 705 584 746 succubuit
619 705 807 747 ‘bellum'
839 707 977 761 inquit
1009 706 1185 749 ‘duobus
1216 709 1320 749 1111111
1351 709 1454 750 ami-
1473 712 1526 752 101

136 761 319 803 cissimis
363 775 492 816 cogor
534 763 733 816 indicere,
776 763 944 806 Disario
983 767 1026 806 et
1063 765 1346 807 continentiae
1384 766 1456 807 sed
1519 770 1526 791 ³

136 819 190 860 ab
235 820 486 861 auctoritate
529 822 671 862 uestra
712 824 929 875 tamquam
974 823 1026 863 ab
1070 823 1204 864 edicto
1245 824 1454 876 praetoris

135 877 366 930 impetrata
406 877 531 919 uenia
576 878 700 932 gulae
743 882 986 932 patronum,
1030 880 1128 933 quia
1169 894 1341 922 necesse
1379 884 1456 933 est,
1518 919 1523 925 ,

95 933 377 988 6profiteb0r.
437 936 482 976 in
514 935 650 989 primo
682 937 882 990 speciosis
915 937 1052 991 magis
1084 952 1211 991 quam
1241 939 1371 992 ueris,
1409 944 1456 980 ut
1515 959 1526 998 ,-

136 992 372 1046 docebitur,
421 994 621 1046 exemplis
671 1008 803 1047 paene
845 1008 922 1035 nos
967 994 1123 1036 Disarii
1165 996 1302 1036 nostri
1344 997 1454 1050 cepit
1473 997 1526 1038 15]ἶ

133 1050 369 1104 ingenium.
417 1050 478 1091 ait
509 1050 622 1091 enim
652 1051 830 1104 pecudes
863 1052 1042 1105 simplici
1073 1052 1133 1093 uti
1167 1053 1260 1094 cibo
1292 1056 1335 1094 et
1359 1054 1452 1095 ideo
1503 1051 1526 1121 Ξ

135 1108 368 1162 expugnari
399 1107 612 1149 difficilius
644 1122 789 1149 earum
820 1123 947 1163 quam
971 1109 1190 1151 hominum
1216 1110 1452 1152 sanitatem.
1515 1135 1525 1139 Α

93 1164 208 1206 ‘ised
250 1167 473 1219 utrumque
512 1165 668 1206 falsum
705 1166 903 1219 probabo.
969 1181 1068 1207 nam
1103 1181 1238 1221 neque
1275 1168 1453 1222 simplex

133 1225 199 1263 est
236 1223 490 1264 animalibus
528 1223 656 1264 mutis
694 1223 912 1275 alimonia,
947 1238 1025 1266 nec
1063 1224 1115 1265 ab
1154 1225 1240 1266 illis
1273 1240 1398 1279 quam
1428 1240 1453 1267 a
1506 1223 1526 1247 ἕ·

131 1281 257 1322 nobis
288 1281 427 1321 morbi
458 1281 718 1322 remotiores.
772 1282 957 1322 testatur
986 1296 1117 1323 unum
1147 1282 1329 1324 uarietas
1355 1298 1449 1337 pra·
1469 1299 1484 1324 ε
1523 1283 1526 1284 ’

132 1341 292 1388 torum,
324 1352 429 1391 quae
461 1338 756 1392 depascuntur,
787 1339 937 1393 quibus
968 1339 1126 1381 herbae
1158 1343 1255 1381 sunt
1286 1355 1452 1382 amarae
1490 1339 1491 1343 ’
1523 1362 1526 1367 ,

131 1396 292 1449 pariter
324 1398 366 1437 et
396 1396 548 1450 dulces,
583 1396 691 1437 aliae
723 1409 869 1437 sucum
900 1396 1081 1438 calidum
1112 1397 1219 1438 aliae
1249 1397 1452 1452 frigidum
1500 1419 1504 1429 2

131 1454 382 1507 nutrientes,
413 1456 460 1494 ut
489 1453 606 1494 nulla
637 1454 776 1495 culina
806 1454 943 1508 possit
970 1457 1059 1496 tam
1085 1454 1249 1496 diuersa
1274 1455 1452 1509 condire,
1502 1455 1526 1513 ἰς’

90 1511 260 1565 Squam
296 1512 342 1552 in
377 1511 519 1552 herbis
555 1513 707 1552 natura
742 1512 935 1554 uariauit.
996 1515 1124 1554 notus
1162 1515 1226 1554 est
1257 1514 1451 1555 omnibus
1503 1516 1521 1555 3

130 1569 363 1623 Eupolis,
393 1569 505 1610 inter
535 1569 751 1623 elegantes
783 1569 1000 1611 habendus
1031 1571 1184 1611 ueteris
1210 1571 1450 1612 comoediae
1469 1559 1526 1620 zat}

131 1630 292 1680 poetas.
352 1627 389 1667 is
420 1627 465 1667 in
495 1626 660 1680 fabula,
697 1641 803 1681 quae
834 1627 1079 1669 inscribitur
1108 1624 1258 1681 Λῖγες,
1290 1628 1451 1670 inducit
1496 1610 1526 1676 ’1

132 1698 279 1738 capras
312 1684 360 1725 de
393 1684 477 1726 cibi
509 1684 575 1726 sui
606 1685 727 1738 copia
755 1685 802 1737 in
833 1681 936 1726 haec
968 1699 1011 1726 se
1041 1686 1172 1726 uerba
1201 1686 1409 1728 iactantes
1505 1681 1526 1711 ’ἢ

89 1765 115 1806 9
189 1763 421 1819 βοσκόμεθ’
452 1765 576 1819 ,ὕλης
619 1764 702 1806 ἀπὸ
746 1765 1041 1819 παντοδαπῆς,
1085 1765 1252 1819 ἐλάτης,
1293 1767 1452 1821 πρίνου

1031 1823 1224 1877 κομάρου
1255 1839 1324 1878 τε,

222 1962 266 1993 28
290 1958 468 1993 Meinekii
492 1958 624 2003 fragm.
650 1969 739 1994 com.
766 1958 783 1991 I
807 1962 876 1993 426

222 2088 240 2118 1
266 2083 442 2119 r&hor1ca
464 2085 501 2119 P
593 2089 613 2119 6
638 2085 853 2120 exautorati‘i
878 2084 930 2119 P'
1027 2089 1069 2120 15
1103 2085 1281 2131 exemplis
1305 2096 1371 2121 om.
1403 2087 1450 2130 P,
1503 2097 1507 2099 ·

125 2132 210 2167 add.
239 2130 407 2166 Gantabr.
487 2134 529 2164 17
554 2130 667 2165 famte
692 2130 740 2164 P'
821 2134 864 2165 20
890 2131 1019 2177 unum]
1047 2137 1107 2166 eni
1132 2132 1169 2166 P
1241 2135 1284 2166 22
1310 2133 1449 2177 pariter

125 2188 192 2214 om.
218 2174 264 2212 P'
362 2179 406 2212 26
432 2176 519 2224 eges
539 2177 576 2211 P
667 2179 711 2210 27
736 2187 809 2221 c1p1
836 2174 886 2211 P'
985 2181 1028 2212 28
1055 2178 1448 2224 ΕΛΑξΤΕΕΠΡΙ*ΝΟΥ

127 2225 181 2268 (in
218 2233 290 2259 ναε.
326 2234 401 2259 non
435 2224 581 2259 uidetur
619 2224 737 2258 littera
771 2223 883 2267 fuisse
912 2223 973 2259 sed
1003 2224 1107 2260 hasta
1136 2227 1277 2260 tantum
1309 2225 1448 2260 litterae

125 2273 267 2316 coeptae
290 2270 350 2306 sed
374 2280 446 2305 non
465 2270 657 2315 perfectae)
683 2269 720 2303 P
