1526 2444
147 69 234 111 320
658 69 756 106 SAT.
782 70 909 106 LIBRI
933 70 966 105 V

148 176 305 230 iugalis
336 189 422 217 non
451 175 707 231 ignorantes,
737 176 894 218 bellum
925 177 1091 232 generis
1115 177 1276 218 domini
1302 180 1469 231 oporte—

107 234 224 277 3bat
254 233 419 276 inferre.
481 233 580 287 quid
611 234 771 289 igitur?
829 235 1001 276 deorum
1032 235 1219 276 maxima
1250 235 1468 278 deducitur

148 305 170 332 e
202 291 331 344 caelo,
363 293 406 332 et
436 291 621 333 maxima
651 291 873 334 Furiarum
905 293 956 334 de
988 293 1176 334 Tartaris
1209 293 1467 348 adsciscitur,

149 351 408 403 sparguntur
444 362 603 403 angues
634 350 753 391 uelut
782 350 828 391 in
859 365 1011 392 scaena
1041 351 1324 404 parturientes
1354 350 1468 393 furo·
1523 384 1526 386 .

147 421 256 460 rem,
291 407 439 460 regina
481 421 565 448 non
610 409 745 449 solum
788 408 838 448 de
880 408 1168 461 penetralibus
1205 409 1467 451 reuerentiae
1500 429 1526 457 ⁶.

149 465 398 505 matronalis
430 465 630 519 educitur,
661 466 732 506 sed
758 468 800 507 et
824 480 898 519 per
922 466 1071 507 urbem
1095 466 1277 507 mediam
1303 466 1469 521 cogitur
1525 493 1526 496 =

147 522 286 563 facere
317 522 543 577 discursus,
573 537 650 565 nec
681 523 762 565 hoc
792 525 991 565 contenta
1022 524 1152 565 siluas
1183 525 1292 578 petit
1322 524 1468 566 accitis
1517 561 1520 566 .

147 580 320 634 reliquis
370 581 578 622 matribus
627 582 671 622 in
714 581 957 623 societatem
999 582 1166 623 furoris.
1238 582 1469 624 bacchatur
1523 601 1526 617 τ

148 638 300 679 chorus
338 638 550 693 quondam
586 639 759 692 pudicus
790 641 832 680 et
863 639 983 694 orgia
1012 639 1163 681 insana
1193 640 1468 681 celebrantur.
1519 663 1526 684 -;

106 696 249 750 4quid
291 696 443 750 plura?
510 697 754 738 maluissem
797 697 1014 738 Maronem
1057 700 1100 738 et
1140 697 1185 738 in
1227 698 1308 739 hac
1348 700 1468 751 parte
1486 695 1526 751 10}ss

149 753 260 808 apud
298 757 513 795 auctorem
551 769 673 796 suum
710 755 778 796 uel
810 755 921 809 apud
951 755 1183 809 quemlibet
1214 754 1468 797 Graecorum
1514 753 1526 830 ’Ξ

148 812 278 853 alium
317 811 428 866 quod
466 815 710 866 sequeretur
739 813 948 854 habuisse.
1011 813 1163 854 alium
1193 827 1280 854 non
1309 813 1468 855 frustra
1518 836 1526 866 3.

148 869 245 923 dixi,
276 871 376 923 quia
405 885 491 912 non
523 870 572 911 de
603 871 726 912 unius
756 871 933 912 racemis
965 870 1224 912 uindemiam
1251 871 1332 912 sibi
1356 871 1468 925 fecit,
1521 873 1526 886 “

148 928 219 968 sed
250 927 356 968 bene
387 928 430 969 in
461 942 550 968 rem
581 943 700 970 suam
730 929 861 969 uertit
891 928 1092 982 quidquid
1123 929 1376 982 ubicumque
1405 929 1465 969 in·
1517 932 1526 956 ²

146 986 264 1027 uenit
280 985 533 1027 imitandum
553 986 668 1040 adeo,
687 989 735 1027 ut
755 986 803 1026 de
823 986 1257 1028 ARGONAVTICORVM
1273 997 1467 1040 QVARTO,
1486 1006 1500 1032 ι

148 1057 324 1097 quorum
369 1044 548 1097 scriptor
590 1046 655 1085 est
697 1044 1015 1098 APOLLONIVS,
1057 1043 1213 1085 librum
1256 1044 1467 1086 Aeneidos
1516 1062 1519 1063 ⁷

148 1115 247 1143 suae
290 1105 487 1155 quartum
529 1104 669 1143 totum
711 1116 844 1156 paene
886 1101 1134 1143 formauerit
1171 1101 1224 1143 ad
1260 1101 1467 1143 Didonem
1511 1104 1513 1108 ’

147 1160 214 1200 uel
252 1158 425 1201 Aenean
469 1160 718 1201 amatoriam
762 1159 1112 1201 incontinentiam
1148 1158 1319 1201 Medeae
1358 1160 1468 1202 circa

107 1216 346 1262 5Iasonem
389 1217 692 1259 transferendo.
759 1217 870 1271 quod
914 1218 975 1258 ita
1017 1218 1251 1272 elegantius
1296 1220 1465 1259 auctore
1511 1245 1514 1256 2

147 1275 340 1329 digessit,
375 1278 424 1316 ut
459 1275 604 1316 fabula
634 1275 895 1316 lasciuientis
925 1274 1123 1330 Didonis,
1159 1289 1284 1329 quam
1314 1275 1465 1317 falsam
1483 1295 1499 1320 2

146 1332 268 1374 nouit
297 1333 564 1387 uniuersitas,
595 1347 670 1387 per
699 1336 766 1375 tot
793 1336 935 1374 tamen
961 1333 1128 1374 saecula
1154 1334 1334 1388 speciem
1359 1334 1465 1374 ueri-

146 1391 248 1432 tatis
281 1391 483 1443 obtineat,
515 1394 557 1432 et
580 1392 642 1432 ita
666 1406 743 1445 pro
768 1405 870 1433 uero
896 1405 971 1444 per
995 1405 1070 1432 ora
1095 1391 1281 1432 omnium
1304 1391 1466 1445 uolitet,

146 1450 194 1489 ut
223 1449 407 1502 pictores
438 1449 701 1504 fictoresque,
731 1452 774 1490 et
804 1449 876 1503 qui
905 1449 1120 1504 figmentis
1151 1449 1344 1491 liciorum
1371 1463 1466 1491 con-

146 1508 285 1548 textas
322 1507 544 1548 imitantur
578 1507 758 1562 effigies,
794 1507 873 1548 hac
903 1507 1082 1548 materia
1112 1507 1180 1548 uel
1210 1507 1391 1548 maxime
1422 1507 1466 1547 in

148 1564 387 1618 effigiandis
409 1565 644 1606 simulacris
663 1568 879 1619 tamquam
898 1566 1022 1606 unico
1040 1567 1290 1618 argumento
1306 1565 1465 1606 decoris

146 1625 336 1673 utantur,
373 1637 449 1664 nec
485 1623 622 1664 minus
658 1623 915 1664 histrionum
954 1623 1169 1677 perpetuis
1201 1626 1243 1664 et
1273 1623 1464 1677 gestibus
1504 1624 1526 1674 {a

106 1683 189 1726 6et
237 1681 432 1722 cantibus
481 1681 726 1722 celebretur.
797 1683 965 1722 tantum
1013 1681 1149 1722 ualuit
1194 1680 1463 1746 pulchritudo
1506 1683 1526 1734 ἐξ

145 1739 359 1804 narrandi,
389 1741 437 1780 ut
468 1753 613 1781 omnes
645 1738 904 1780 Phoenissae
935 1739 1148 1780 castitatis
1180 1738 1354 1791 conscii,
1387 1750 1464 1779 nec
1503 1738 1526 1794 ’ἐξ

143 1796 283 1850 ignari
325 1811 498 1838 manum
541 1797 623 1838 sibi
665 1796 861 1838 iniecisse
903 1797 1111 1851 reginam,
1153 1810 1206 1836 ne
1249 1771 1465 1850 pate'retur
1504 1797 1526 1835 ie

143 1990 212 2024 VH
237 1945 507 2026 ggegfssffien·
533 1945 600 1980 v11
625 1949 703 1981 286.
729 1949 797 1980 620
892 1949 912 1980 3
938 1945 986 1980 ib.
1013 1944 1080 1980 vn
1105 1948 1183 1980 322.
1209 1947 1274 1978 511
1369 1948 1390 1979 4
1414 1943 1463 1979 ib.
1496 1921 1526 1975 3

238 2134 258 2164 3
285 2129 434 2164 adfiscr?
461 2130 498 2165 P
571 2133 593 2164 4
618 2130 723 2165 scena
746 2130 782 2164 P
856 2134 876 2165 6
902 2129 1165 2166 mediatum
1186 2130 1191 2176 Ι
1212 2130 1249 2164 Ρ
1315 2130 1464 2174 cogetur

144 2177 219 2212 ‘nisi
241 2176 352 2219 fallor
377 2177 413 2212 P
499 2180 519 2211 8
544 2176 684 2211 bacha-“r
708 2176 744 2211 P
829 2180 872 2210 14
898 2177 1072 2221 qulcquld
1097 2177 1134 2212 P
1224 2180 1267 2211 15
1291 2176 1470 2220 arg011003,
1487 2175 1526 2219 ἰῇ

145 2226 276 2267 quarto
301 2222 337 2257 P
426 2226 467 2257 18
494 2224 720 2257 contmentla
743 2223 779 2258 P
859 2226 904 2258 24
929 2223 1135 2268 effigiandis
1160 2223 1365 2258 Pomanus.-
1390 2222 1463 2258 effi-
1486 2224 1526 2267 „j

145 2269 290 2315 glendls
309 2270 346 2304 P
436 2273 479 2304 25
505 2268 733 2305 simula*cr1s
753 2270 788 2304 P
874 2273 918 2305 28
944 2269 1071 2317 senisse
1095 2270 1132 2304 P
1483 2266 1526 2303 AT}-
