1526 2444
157 63 245 104 434
650 64 747 100 SAT.
773 64 901 100 LIBRI
925 63 993 99 VII

156 173 315 225 rentur,
346 171 497 212 solitos
526 169 656 212 fuisse
684 170 880 212 funerum
905 170 1123 212 ministros
1151 170 1266 211 denis
1292 170 1479 212 uirorum

158 228 406 282 corporibus
439 227 601 269 adicere
633 228 800 283 singula
830 228 1065 282 muliebria,
1097 231 1138 270 et
1168 228 1290 270 unius
1322 227 1479 282 adiutu,

158 286 280 340 quasi
311 288 467 327 natura
497 285 683 327 flammei
713 288 756 327 et
780 286 874 328 ideo
901 287 1089 328 celeriter
1114 286 1310 340 ardentis,
1342 287 1480 327 cetera

119 343 411 398 Gflagrabant.
476 343 538 384 ita
579 358 655 385 nec
694 344 907 385 ueteribus
945 345 1059 386 calor
1094 344 1317 385 mulierum
1354 343 1480 384 habe-

158 402 284 442 batur
322 401 575 455 incognitus.
635 415 712 443 nec
748 402 828 443 hoc
865 402 1032 455 tacebo,
1069 402 1199 456 quod,
1235 415 1329 443 eum
1366 401 1480 443 calor
1515 419 1526 445 ε

160 473 326 513 semper
361 459 648 514 generationis
686 473 813 501 causa
849 460 914 513 fit,
956 459 1138 500 feminae
1175 459 1267 500 ideo
1305 459 1479 501 celerius

158 531 284 571 quam
316 517 438 571 pueri
467 517 575 559 fiunt
605 517 781 559 idoneae
811 517 863 558 ad
888 517 1188 572 generandum,
1220 516 1318 571 quia
1342 517 1479 558 calent

159 575 353 628 amplius.
413 589 512 616 nam
550 577 593 616 et
627 575 854 616 secundum
885 575 978 616 iura
1009 575 1179 628 publica
1209 574 1478 617 duodecimus

160 647 295 674 annus
333 633 377 674 in
412 632 573 674 femina
604 636 646 674 et
676 635 848 687 quartus
881 633 1064 674 decimus
1095 633 1140 674 in
1169 647 1300 687 puero
1333 632 1480 674 definit

119 692 142 732 7
158 691 395 744 pubertatis
428 694 621 732 aetatem.
682 690 781 745 quid
812 690 968 745 plura?
1000 704 1139 732 nonne
1170 690 1359 731 uidemus
1389 705 1477 731 mu·
1497 708 1526 735 ιι]

157 749 282 790 lieres
315 748 482 802 quando
512 749 689 790 nimium
720 748 854 803 frigus
887 751 972 803 est,
1003 748 1203 790 mediocri
1233 751 1352 789 ueste
1383 762 1478 790 con-

158 809 298 848 tentas
329 820 406 848 nec
435 806 497 847 ita
528 806 801 860 operimentis
832 806 1026 860 plurimis
1057 807 1289 857 inuolutas,
1319 808 1367 847 ut
1396 806 1478 847 uiri

159 866 307 918 solent,
339 863 500 905 scilicet
530 864 715 905 naturali
746 864 886 905 calore
917 866 1066 905 contra
1094 864 1239 918 frigus,
1271 863 1382 918 quod
1409 878 1480 905 aer

158 922 326 976 ingerit,
357 920 671 976 repugnante?'

119 982 143 1023 8
274 979 343 1020 Ad
366 979 471 1021 haec
493 979 688 1021 renidens
709 978 985 1033 Symmachus
1006 978 1143 1020 ‘bene'
1163 979 1301 1045 inquit
1319 978 1476 1020 ‘Horus
1497 995 1526 1023 15

157 1040 300 1080 noster
329 1039 512 1091 temptat
541 1037 676 1079 uideri
702 1040 846 1079 orator
871 1051 921 1078 ex
946 1036 1116 1091 Cynico,
1148 1037 1220 1091 qui
1243 1037 1288 1077 in
1313 1039 1478 1078 contra-

157 1096 268 1137 rium
306 1095 434 1137 uertit
471 1109 637 1149 sensus,
673 1095 824 1150 quibus
861 1097 1005 1149 potest
1041 1094 1258 1135 muliebris
1290 1095 1477 1148 eorporis

156 1153 292 1208 frigus
318 1153 502 1208 probari.
549 1168 648 1195 nam
674 1153 783 1207 quod
808 1153 904 1207 pilis
930 1155 978 1193 ut
1002 1152 1085 1193 uiri
1109 1166 1196 1193 non
1219 1151 1479 1205 obsidentur,
1520 1167 1526 1195 ··:

157 1211 303 1265 inopia
344 1211 498 1253 caloris
542 1214 616 1252 est.
683 1210 798 1252 calor
840 1213 905 1252 est
941 1211 1053 1251 enim
1098 1210 1169 1264 qui
1206 1210 1316 1264 pilos
1353 1212 1478 1264 creat,
1516 1224 1520 1231 ’

157 1269 266 1310 unde
315 1273 358 1310 et
406 1268 608 1310 eunuchis
659 1268 827 1323 desunt,
877 1282 1054 1323 quorum
1095 1269 1293 1309 naturam
1334 1267 1478 1309 nullus
1514 1273 1518 1278 ”

157 1327 377 1382 negauerit
407 1326 672 1382 frigidiorem
702 1326 817 1380 uiris,
849 1326 922 1367 sed
954 1328 996 1368 et
1024 1327 1069 1367 in
1095 1340 1269 1380 corpore
1294 1326 1478 1367 humano

157 1385 256 1427 illae
292 1387 436 1439 partes
473 1385 654 1426 maxime
691 1385 932 1426 uestiuntur
970 1383 1122 1438 quibus
1154 1383 1336 1438 amplius
1368 1383 1480 1424 inest
1514 1410 1517 1418 s

159 1443 322 1484 caloris.
378 1443 471 1484 leue
504 1445 644 1484 autem
676 1445 740 1484 est
769 1442 996 1484 mulierum
1028 1455 1179 1497 corpus
1211 1442 1334 1496 quasi
1358 1443 1479 1483 natu-

157 1500 239 1542 rali
270 1500 428 1556 frigore
461 1500 696 1555 densetum,
726 1500 952 1542 comitatur
983 1499 1094 1540 enim
1126 1500 1313 1554 algorem
1346 1499 1480 1540 densi-

156 1562 244 1613 tas,
282 1559 434 1600 ]euitas
472 1558 737 1600 densitatem.
798 1557 909 1612 quod
944 1571 1044 1599 uero
1081 1571 1204 1610 saepe
1232 1558 1479 1612 purgantur,

157 1631 242 1659 non
284 1617 409 1658 multi
451 1617 523 1658 sed
565 1616 711 1658 uitiosi
754 1616 943 1657 humoris
987 1615 1188 1656 indicium
1231 1617 1306 1656 est.
1373 1614 1479 1656 indi-

159 1676 328 1729 gestum
367 1676 432 1716 est
462 1675 574 1715 enim
606 1676 648 1716 et
679 1673 870 1728 crudum,
909 1673 1020 1727 quod
1052 1673 1253 1727 egeritur,
1287 1675 1328 1714 et
1359 1673 1480 1726 quasi

159 1733 374 1774 infirmum
411 1732 562 1786 effluit,
599 1745 676 1773 nee
711 1731 842 1773 habet
878 1731 1035 1784 sedem,
1073 1731 1145 1772 sed
1174 1734 1328 1772 natura
1358 1731 1480 1784 quasi

119 1791 335 1832 9noxium
384 1799 426 1831 et
468 1790 604 1845 magis
647 1789 848 1844 frigidum
892 1789 1073 1843 pellitur.
1146 1789 1258 1842 quod
1298 1788 1480 1829 maxime

159 1848 379 1901 probatur,
405 1849 503 1902 quia
521 1847 779 1901 mulieribus,
799 1861 894 1889 cum
913 1849 1159 1900 purgantur,
1185 1846 1312 1888 etiam
1338 1847 1478 1899 algere

162 1906 383 1960 contingit,
413 1906 523 1947 unde
549 1906 814 1960 intellegitur
836 1904 1039 1959 frigidum
1065 1918 1167 1957 esse,
1199 1904 1307 1959 quod
1334 1903 1479 1958 effluit,

162 1966 204 2004 et
252 1963 346 2005 ideo
388 1964 430 2004 in
475 1963 573 2005 uiuo
618 1978 792 2017 corpore
835 1977 919 2005 non
961 1976 1128 2004 manere
1171 1962 1292 2016 quasi
1332 1961 1506 2016 inopia·

91 2023 144 2065 10
162 2021 314 2062 caloris
365 2022 609 2063 extinctum.
689 2021 801 2075 quod
849 2020 1053 2062 muliebre
1101 2034 1252 2074 corpus
1300 2019 1478 2061 iuuabat

158 2079 352 2120 ardentes
383 2079 511 2132 uiros,
543 2093 627 2121 non
659 2078 811 2120 caloris
844 2080 934 2120 erat
965 2077 1039 2118 sed
1069 2077 1241 2132 pinguis
1271 2077 1408 2119 carnis
1435 2079 1477 2118 et

157 2137 249 2178 oleo
289 2137 458 2190 similis,
495 2137 605 2191 quod
640 2151 726 2178 non
756 2136 801 2177 in
830 2137 915 2178 illis
948 2135 1214 2190 contingeret
1246 2149 1294 2176 ex
1326 2136 1476 2177 calore.

251 2265 270 2296 6
298 2261 452 2297 celerius
471 2272 535 2297 om.
565 2262 600 2296 P
671 2265 713 2296 15
739 2260 929 2298 simachus
948 2261 984 2295 P
1053 2264 1096 2295 23
1121 2260 1203 2295 lene
1231 2258 1281 2293 P'
