1526 2444
0 0 19 121 f
618 42 686 79 XV
714 46 829 79 1-10
1307 42 1393 86 637

0 121 11 139 ,

0 143 13 204 ξ
47 167 135 195 non
164 151 259 194 uult
293 165 388 193 eam
419 150 531 192 inter
562 150 637 194 illa
667 151 894 206 numerari,
926 165 1035 207 quae
1067 165 1118 194 ex
1149 166 1194 194 se
1221 151 1394 207 quidem

0 206 12 266 ’ξ
47 211 245 253 uidentur
287 209 469 264 moueri,
514 208 587 251 sed
631 225 656 252 a
699 224 845 265 causa,
890 224 998 265 quae
1041 211 1156 253 intra
1193 225 1238 253 se
1275 211 1396 265 latet,

48 271 293 324 mouentur,
327 270 378 310 ut
408 272 635 310 mouentur
667 269 872 311 animalia
902 271 1075 312 auctore
1107 269 1277 325 quidem
1310 269 1395 312 alio

50 328 123 371 sed
161 328 346 382 occulto,
382 342 482 369 nam
514 327 568 369 ab
602 328 744 370 anima
775 330 1003 378 mouentur
1033 353 1090 358 ——
1123 331 1198 371 aut
1227 330 1277 371 ut
1307 342 1396 371 mo-

0 401 30 438 us
49 392 202 430 nentur
241 387 432 442 arbores,
470 401 649 441 quarum
688 386 770 429 etsi
806 401 893 429 non
925 387 1095 429 uidetur
1127 387 1334 443 agitator,
1372 401 1397 429 a

0 469 2 475 v
46 448 205 488 natura
252 448 398 488 tamen
448 459 519 487 cas
568 445 748 488 interius
799 446 962 488 latente
1012 449 1183 489 constat
1226 446 1397 501 agitari,

1 532 3 535 .
49 504 122 547 sed
147 504 270 547 Plato
297 505 359 547 ita
386 504 574 546 animam
601 504 705 546 dicit
730 518 781 546 ex
807 518 851 546 se
878 505 1054 560 moueri,
1079 507 1129 546 ut
1153 519 1239 547 non
1266 505 1397 547 aliam

48 577 223 606 causam
256 563 326 605 uel
357 563 620 605 extrinsecus
653 563 916 606 accidentem
948 564 1018 606 uel
1049 564 1227 606 interius
1259 564 1397 606 laten-

47 625 135 664 tem
189 621 317 664 huius
370 624 513 664 motus
564 622 680 664 dicat
729 624 959 665 auctorem.
1038 623 1120 665 hoc
1172 637 1299 678 quem
1350 621 1403 664 ad

0 693 31 720 ιο
49 680 222 723 modum
262 680 555 736 accipiendum
587 681 661 735 sit,
699 681 972 723 instruemus.
1033 681 1178 736 ignem
1210 680 1438 724 calidum7

2 779 3 782 ,
47 754 268 790 uocamus,
313 740 387 781 sed
427 742 472 781 et
508 739 669 781 ferrum
707 739 892 782 calidum
930 739 1130 796 dicimus,
1176 742 1219 782 et
1254 740 1399 782 niuem

0 840 2 842 ,
48 798 247 853 frigidam
286 802 329 840 et
365 812 515 840 saxum
551 798 759 854 frigidum
795 812 1112 853 nuncupamus,
1154 799 1239 840 mel
1278 798 1399 840 dulce

50 856 124 899 sed
156 859 200 898 et
227 857 414 898 mulsum
440 856 563 898 dulce
587 857 843 912 uocitamus,
874 857 1029 899 horum
1054 860 1200 900 tamen
1227 857 1400 913 singula

50 915 101 958 de
138 915 321 958 diuersis
360 915 532 957 diuersa
570 915 827 971 significant.
890 916 1016 958 aliter
1052 916 1167 958 enim
1205 915 1256 958 de
1288 916 1441 972 igne,8

0 982 30 1017 ἰε
51 974 176 1017 aliter
206 974 258 1016 de
289 974 406 1016 ferro
438 974 566 1017 calidi
595 989 753 1017 nomen
785 974 1029 1029 accipimus,
1060 975 1161 1030 quia
1187 975 1302 1030 ignis
1326 988 1403 1029 per

0 1076 2 1083 λ
51 1047 96 1075 se
134 1033 260 1088 calet,
296 1047 385 1075 non
423 1033 477 1074 ab
516 1033 600 1075 alio
637 1034 686 1075 fit
727 1033 907 1087 calidus,
945 1036 1094 1075 contra
1125 1033 1284 1076 ferrum
1315 1047 1404 1075 non

0 1100 2 1104 '
50 1092 135 1134 nisi
166 1106 217 1134 ex
249 1092 334 1134 alio
368 1091 560 1146 calescit,
591 1094 639 1134 ut
669 1092 743 1133 nix
774 1092 952 1147 frigida,
982 1095 1032 1135 ut
1063 1093 1148 1134 mel
1180 1092 1302 1135 dulce
1335 1092 1403 1148 sit,

52 1164 140 1192 non
178 1151 348 1193 aliunde
387 1151 618 1206 contingit,
657 1165 761 1193 saxo
799 1153 947 1193 tamen
983 1151 1121 1207 frigus
1159 1152 1229 1194 uel
1262 1152 1403 1194 mulso

55 1208 234 1251 dulcedo
267 1224 291 1251 a
322 1210 422 1252 niue
453 1209 524 1251 uel
555 1210 682 1251 melle
712 1210 988 1265 proueniunt.
1047 1211 1108 1253 sic
1141 1213 1184 1253 et
1215 1213 1329 1252 stare
1361 1210 1443 1252 et9

0 1268 219 1310 eomoueri
257 1271 344 1310 tam
385 1268 436 1309 de
471 1268 539 1310 his
572 1268 744 1324 dicitur,
781 1283 888 1323 quae
920 1269 973 1311 ab
1007 1283 1052 1311 se
1083 1269 1154 1311 uel
1186 1271 1305 1312 stant
1334 1270 1404 1311 uel

54 1329 301 1382 mouentur,
338 1342 467 1382 quam
506 1327 557 1369 de
588 1327 691 1383 illis,
730 1342 838 1383 quae
870 1328 940 1370 uel
973 1328 1182 1371 sistuntur
1213 1328 1284 1370 uel
1316 1328 1404 1384 agi-

55 1387 203 1428 tantur
241 1399 293 1427 ex
331 1386 434 1438 alio,
472 1386 545 1427 sed
584 1386 738 1442 quibus
774 1386 939 1430 moueri
976 1387 1031 1429 ab
1070 1386 1155 1429 alio
1186 1387 1257 1429 uel
1289 1390 1403 1429 stare

56 1444 286 1500 contingit,
329 1444 435 1487 haec
478 1447 522 1487 et
558 1447 672 1487 stare
709 1444 908 1488 desinunt
946 1448 988 1487 et
1023 1446 1206 1500 moueri,
1249 1446 1403 1501 quibus

57 1505 200 1546 autem
231 1503 345 1545 idem
377 1506 443 1545 est
474 1508 517 1545 εὴ
547 1518 639 1546 esse
671 1506 714 1546 et
745 1504 926 1556 moueri,
961 1519 1195 1560 numquam
1227 1519 1253 1547 a
1282 1507 1404 1548 motu

0 1573 36 1600 25
54 1564 242 1616 cessant,
289 1562 391 1617 quia
440 1562 532 1604 sine
582 1563 770 1605 essentia
819 1578 897 1605 sua
941 1577 1033 1606 esse
1076 1578 1165 1606 non
1208 1565 1403 1619 possunt,

56 1620 167 1663 sicut
201 1620 362 1662 ferrum
401 1621 564 1663 amittit
601 1622 804 1673 calorem,
844 1622 958 1677 ignis
995 1637 1099 1664 uero
1138 1623 1276 1665 calere
1313 1637 1402 1664 non

55 1679 223 1721 desinit.
280 1680 333 1722 ab
367 1694 410 1722 se
443 1693 545 1736 ergo
577 1683 775 1722 mouetur
807 1682 963 1737 anima,
993 1681 1097 1724 licet
1130 1684 1173 1723 et
1198 1681 1404 1724 animalia
1421 1681 1475 1723 10

55 1738 123 1780 uel
157 1739 333 1781 arbores
357 1753 436 1793 per
460 1753 504 1781 se
529 1739 756 1782 uideantur
781 1740 959 1795 moueri,
992 1741 1064 1783 sed
1092 1740 1180 1783 illis
1207 1740 1402 1795 quamuis

56 1796 238 1839 interius
277 1797 434 1852 latens,
478 1797 564 1839 alia
600 1799 748 1840 tamen
786 1812 931 1854 causa,
968 1799 1012 1841 id
1049 1802 1116 1842 est
1153 1799 1297 1842 anima
1334 1799 1404 1841 uel

3 1866 38 1893 80
56 1857 210 1898 natura
240 1858 407 1898 motum
438 1856 675 1911 ministrat,
711 1857 807 1899 ideo
840 1859 883 1899 et
915 1857 1123 1900 amittunt
1152 1858 1252 1913 hoc,
1290 1857 1404 1913 quod

57 1913 227 1956 aliunde
264 1916 552 1969 sumpserunt,
592 1915 737 1957 anima
773 1930 875 1958 uero
915 1917 977 1958 ita
1007 1932 1083 1971 per
1114 1932 1159 1959 se
1191 1919 1403 1971 mouetur,

57 1976 106 2014 ut
135 1973 248 2028 ignis
279 1988 357 2028 per
388 1987 432 2015 se
465 1974 586 2026 calet,
617 1974 737 2017 nulla
768 1974 1008 2018 aduenticia
1033 1990 1162 2019 causa
1186 1976 1256 2018 uel
1280 1975 1403 2018 illum

152 2139 405 2172 2et4et11
432 2137 800 2174 et22et28ret13
880 2138 1096 2175 amterB'
1170 2142 1403 2176 3antean1—

58 2181 172 2219 maha
200 2193 335 2220 rasura
366 2186 414 2219 17
444 2183 518 2226 fere
547 2184 614 2220 litt.
645 2185 688 2220 in
718 2185 756 2220 P
919 2190 940 2221 5
972 2186 1144 2222 u1deatur
1177 2191 1220 2223 ut
1242 2188 1321 2223 uid.
1353 2184 1401 2221 P'

60 2231 104 2264 15
129 2229 212 2266 *de
236 2230 275 2266 P
356 2234 398 2266 17
426 2230 466 2266 et
488 2230 563 2267 mel
586 2231 624 2266 Β
707 2235 751 2268 23
777 2234 948 2280 οοιιξΐιὲιὲ
975 2233 1011 2268 Ρ
1091 2237 1136 2269 24
1161 2236 1234 2270 au‘?
1261 2245 1329 2270 om.
1355 2232 1402 2269 P'

59 2279 105 2311 25
131 2276 228 2325 esino
253 2278 289 2313 B
362 2281 406 2313 32
432 2277 641 2315 aduentltia
664 2279 702 2316 B
