1526 2444
555 57 607 93 111
633 61 678 93 24
712 57 781 93 1111
807 61 922 93 1-—10
1325 57 1412 99 419

66 166 247 209 ritorum
286 166 337 208 de
374 165 454 208 hac
486 165 739 221 quaestione
770 165 1072 221 consuluisset,
1112 165 1212 221 quia
1242 165 1413 221 plebeia

66 225 239 281 ingenia
275 225 414 281 magis
452 224 657 280 exemplis
698 239 826 279 quam
858 224 1026 266 ratione
1057 224 1303 279 capiuntur,
1339 225 1412 266 ad-

69 284 283 326 monuisse
312 284 434 326 illum
459 286 688 327 contentus
714 283 850 326 forem
875 283 1163 325 institutionis
1188 283 1412 339 pecudum,

68 343 222 398 quibus
267 356 363 385 cum
408 342 588 398 simplex
631 345 675 384 et
717 342 945 384 uniformis
990 342 1108 385 cibus
1154 342 1228 397 sit,
1272 342 1411 385 multo

32 419 48 445 5
70 401 259 444 saniores
292 404 393 444 sunt
423 401 673 456 corporibus
705 400 918 455 humanis,
950 403 993 443 et
1022 401 1136 443 inter
1168 401 1284 456 ipsas
1310 401 1411 443 illae

66 460 228 503 morbis
259 460 538 515 implicantur
569 460 738 515 quibuS‚
768 463 817 502 ut
849 460 991 502 altiles
1022 460 1143 515 fiant,
1176 460 1285 503 offae
1314 474 1411 503 eon-

65 519 232 574 positae
276 522 320 562 et
362 519 618 574 quibusdam
658 518 941 562 condimentis
978 519 1124 561 uariae
1161 519 1412 562 farciuntur.

66 592 144 620 nec
194 578 411 620 dubitaret
460 578 659 633 posthac,
709 592 806 620 cum
851 578 1108 621 aduertisset
1152 577 1454 620 animalibus5

68 637 253 691 simplici
273 637 369 679 cibo
389 637 609 679 utentibus
629 637 887 679 familiarem
903 636 1145 689 sanitatem,
1166 651 1412 692 aegrescere

15 711 49 737 10
69 698 213 738 autem
251 698 294 737 et
325 696 438 738 inter
468 696 545 737 illa
577 710 685 750 quae
716 696 912 751 saginam
944 695 1170 750 conposita
1202 696 1412 738 uarietate

67 755 303 811 patiuntur,
334 755 434 810 quia
466 757 638 796 constat
667 754 710 795 id
743 767 877 809 genus
907 754 1135 796 alimoniae
1159 768 1247 796 non
1274 755 1412 810 magis

68 814 191 868 copia
228 828 357 868 quam
394 813 604 855 uarietate
642 812 898 855 crudescere.
959 812 1143 855 fortasse
1180 813 1303 855 illum
1343 813 1452 856 ad-6

68 872 296 914 tent-iorem
347 871 540 926 exemplo
591 871 729 913 altero
773 871 989 926 fecissem,
1037 874 1086 913 ut
1123 872 1414 915 consideraret

67 930 233 973 nullum
272 945 476 985 umquam
507 930 640 972 fuisse
671 930 933 973 medicorum
965 931 1078 973 circa
1110 945 1232 973 curas
1266 944 1411 986 aegre·

14 1003 47 1030 15
68 989 276 1032 scentium
302 992 393 1031 tam
420 989 591 1031 audacis
617 990 928 1045 neglegentiae,
953 993 1002 1032 ut
1021 989 1224 1032 febrienti
1244 990 1412 1033 uarium

67 1052 110 1091 et
145 1063 233 1090 non
270 1047 508 1102 simplicem
547 1048 688 1090 cibum
725 1048 855 1090 daret.
919 1049 1023 1091 adeo
1057 1052 1244 1103 constat,
1283 1063 1412 1104 quam

67 1107 206 1150 facilis
239 1107 410 1162 digestu
441 1107 498 1149 sit
530 1106 754 1149 uniformis
787 1108 1011 1162 alimonia,
1045 1110 1094 1150 ut
1127 1108 1182 1163 ei,
1214 1109 1283 1150 uel
1317 1123 1412 1150 cum

66 1166 235 1208 infirma
279 1168 344 1208 est
385 1168 558 1221 natura,
601 1165 798 1208 sufficiat.
866 1181 943 1208 nec
987 1167 1163 1209 tertium
1205 1167 1450 1209 defuisset7

67 1225 329 1280 exemplum,
369 1224 432 1266 ita
469 1238 561 1266 esse
598 1225 820 1267 uitandam
852 1225 1044 1268 ciborum
1075 1226 1333 1268 uarietatem
1364 1229 1413 1268 ut

9 1298 47 1335 ρο
66 1284 187 1326 uaria
219 1284 359 1326 solent
389 1283 491 1325 uina
519 1283 660 1325 uitari.
710 1284 806 1339 quis
833 1284 947 1326 enim
974 1284 1180 1340 ambigat,
1213 1300 1310 1327 eum
1337 1286 1412 1340 qui

65 1343 233 1385 diuerso
271 1342 371 1384 uino
409 1342 564 1395 utitur,
601 1342 647 1383 in
684 1343 955 1397 repentinam
993 1357 1115 1385 ruere
1157 1344 1411 1386 ebrietatem

64 1401 247 1444 necdum
290 1401 370 1443 hoc
407 1403 536 1455 potus
575 1401 699 1456 copia
734 1401 1015 1456 postulante?
1084 1405 1225 1444 tecum
1264 1403 1451 1446 autemB

64 1460 204 1511 Vetti,
253 1460 320 1502 cui
373 1459 453 1502 soli
498 1459 805 1514 perfectionem
851 1460 1043 1502 omnium
1089 1460 1412 1516 disciplinarum

5 1544 8 1546 ·
66 1519 249 1574 contigit
292 1518 502 1574 optinere,
552 1532 642 1560 non
684 1521 776 1560 tam
821 1519 1027 1574 exemplis
1072 1534 1199 1574 quam
1243 1520 1411 1562 ratione

4 1597 47 1625 >25
66 1577 336 1620 tractandum
369 1579 445 1631 est,
477 1591 585 1633 quae
618 1580 660 1619 et
691 1592 758 1619 me
791 1580 960 1620 tacente
994 1579 1105 1620 clam
1135 1581 1178 1620 te
1205 1593 1298 1621 esse
1324 1593 1413 1622 non

65 1636 237 1692 poterit.

184 1693 427 1738 Cruditates
465 1695 669 1737 eueniunt
707 1697 782 1737 aut
820 1695 1027 1751 qualitate
1061 1696 1168 1748 suci,
1207 1696 1253 1738 in
1285 1698 1451 1753 quem9

0 1786 1 1808 3
66 1754 185 1796 cibus
222 1754 424 1808 uertitur,
461 1754 497 1796 si
534 1768 621 1796 non
659 1753 717 1796 sit
753 1757 880 1808 aptus
919 1755 1108 1809 humori,
1146 1756 1219 1810 qui
1258 1769 1412 1810 corpus

0 1829 2 1859 Q
66 1812 270 1867 optinuit,
307 1814 382 1855 aut
417 1812 554 1867 ipsius
593 1813 678 1855 cibi
716 1813 1008 1869 multitudine,
1044 1827 1134 1856 non
1172 1814 1412 1856 sufficiente

0 1866 49 1930 ζα»
65 1874 220 1914 natura
258 1871 312 1913 ad
349 1870 512 1926 omnia,
549 1886 657 1927 quae
695 1874 902 1928 congesta
940 1875 1056 1926 sunt,
1097 1873 1409 1928 concoquenda.

67 1945 115 1972 ac
152 1930 338 1985 primum
377 1929 427 1972 de
466 1930 556 1972 suci
594 1930 803 1985 qualitate
839 1930 1074 1973 uideamus
1135 1932 1209 1987 qui
1246 1932 1409 1987 simpli·
1427 1936 1482 1979 10

5 2019 6 2022 η
67 2003 157 2031 cem
201 1989 344 2031 cibum
389 1989 543 2043 sumit,
584 1988 709 2032 facile
753 2003 837 2045 quo
882 2004 982 2033 suco
1022 2004 1175 2045 corpus
1216 1991 1304 2034 eius
1342 1993 1412 2034 uel

6 2089 7 2092 ,
68 2050 271 2103 grauetur
296 2047 365 2089 uel
390 2046 573 2103 iuuetur,
598 2063 679 2091 usu
704 2048 882 2091 docente
909 2050 1142 2105 cognoscit.
1191 2064 1270 2093 nec
1297 2050 1411 2093 enim

160 2202 180 2233 2
207 2197 473 2233 admonuissem
498 2198 534 2233 P
602 2202 622 2233 3
649 2199 726 2235 fore
752 2200 789 2235 P
860 2202 879 2234 7
905 2210 1008 2235 uarie
1035 2201 1072 2236 P
1142 2203 1186 2235 14
1209 2201 1335 2237 femsse
1360 2199 1410 2237 P'

9 2244 12 2285 ζ
67 2247 111 2280 20
148 2244 261 2280 uitari
298 2245 437 2282 lanius
473 2256 517 2282 ex
552 2247 1016 2292 mar9.cod.Bernens1s
1048 2250 1311 2285 514:mutar1
1343 2249 1411 2294 (P)

10 2298 13 2350 j
66 2294 111 2326 28
137 2291 185 2328 sic
209 2296 251 2328 ut
275 2293 351 2329 uid.
377 2290 426 2328 P'
501 2295 544 2327 31
572 2293 661 2338 quid
685 2297 727 2329 ut
751 2294 827 2330 uid.
855 2294 904 2329 P'

1055 2356 1097 2389 27
