1526 2444
601 79 671 115 1111
697 81 837 115 15-24
1339 76 1394 120 17

45 193 196 233 natus
222 191 390 233 autem
428 188 486 231 de
522 190 672 230 nocte
709 187 1004 242 conuenire,
1039 188 1194 229 noctu
1232 186 1394 228 multa

47 249 243 292 domum
281 247 484 290 dimitti.
550 261 639 289 non
670 260 763 288 esse
796 246 850 288 ab
881 260 928 288 re
959 247 1064 301 puto
1095 245 1178 287 hoc
1214 245 1258 286 in
1295 245 1391 287 loco
1410 247 1464 288 19

46 308 91 350 id
122 322 288 363 quoque
321 306 567 361 admonere,
604 305 717 361 quod
747 315 910 347 DECEM
940 317 1038 347 vnn
1067 305 1116 346 in
1147 314 1394 346 DUODEcm

46 377 241 409 TABVLIS
260 365 588 408 inusitatissime
614 379 713 407 nox
730 378 808 419 pro
834 366 990 406 noctu
1009 363 1223 406 dixerunt.
1259 363 1394 405 uerba.

9 426 151 468 ahaec
184 428 285 467 sunt
316 424 359 466 si
388 438 486 466 nox
516 424 711 466 furtum
742 422 936 465 factum
968 422 1056 478 sit,
1088 423 1133 464 si
1163 422 1231 464 im
1264 422 1394 464 occi-

20 504 22 506 *
46 484 116 526 sit
145 484 255 526 iure
286 497 463 525 caesus
495 485 624 534 esto,
655 484 701 524 in
727 482 883 537 quibus
910 482 1053 524 uerbis
1084 481 1129 523 id
1155 482 1286 523 etiam
1317 495 1393 523 no-

10 567 12 572 *
44 543 242 597 tandum,
274 542 387 597 quod
419 543 473 584 ab
506 556 569 596 eo,
600 541 714 596 quod
745 543 812 583 est
842 542 897 597 is,
928 555 1017 583 non
1048 555 1157 582 eum
1196 554 1298 582 casu
1329 555 1394 583 ac-

46 602 241 645 cusatiuo
274 601 349 643 sed
379 601 443 642 iin
475 601 687 642 dixerunt.

165 659 248 702 Sed
279 674 358 702 nec
389 659 694 702 diecrastini
733 673 758 700 a
789 658 1038 700 doctissimo
1071 658 1167 699 uiro
1201 658 1292 699 sine
1323 672 1394 700 ue·
1409 661 1467 703 20

10 732 29 760 ο
45 721 186 761 terum
212 719 469 762 auctoritate
493 719 708 774 prolatum
733 720 812 773 est,
844 717 999 772 quibus
1025 730 1118 758 mos
1146 719 1240 758 erat
1265 717 1394 759 modo

47 777 305 833 diequinti
342 777 470 819 modo
507 776 777 831 diequinte
820 790 898 831 pro
943 775 1148 817 aduerbio
1193 776 1395 831 copulate

47 837 206 879 dicere:
238 837 358 878 cuius
382 835 587 878 indicium
614 837 680 877 est
704 835 818 890 quod
844 834 1013 890 syllaba
1039 834 1226 876 secunda
1266 835 1395 876 corri-

0 900 1 924 ³
46 896 176 950 pitur,
207 909 315 950 quae
344 897 502 936 natura
532 893 785 950 producitur
816 908 912 936 cum
945 893 1085 936 solum
1117 893 1275 935 dicitur
1306 893 1395 935 die.

47 954 162 1009 quod
193 956 335 996 autem
377 954 560 995 diximus
593 955 829 995 extremam
866 953 992 994 istius
1030 953 1149 994 uocis
1181 953 1396 1007 syllabam
1410 955 1466 998 21

0 1016 139 1055 i5tum
168 1027 245 1068 per
275 1025 303 1054 E
336 1015 429 1055 tum
460 1027 538 1068 per
569 1024 585 1053 Ι
618 1012 765 1067 scribi,
801 1014 1056 1054 consuetum
1093 1011 1138 1053 id
1174 1011 1396 1054 ueteribus

48 1071 142 1127 fuit,
172 1074 222 1114 ut
245 1072 317 1114 his
342 1071 504 1114 litteris
528 1071 782 1126 plerumque
807 1071 852 1112 in
882 1071 966 1112 fine
991 1070 1284 1112 indifferenter
1307 1073 1396 1112 ute-

46 1134 206 1186 rentur,
234 1131 363 1173 sicuti
393 1130 706 1186 praefiscine
738 1133 782 1172 et
805 1129 1132 1185 praefiscini,
1161 1129 1397 1184 procliue

47 1191 92 1231 et
120 1189 353 1244 procliui.
415 1203 512 1232 ecce
544 1188 665 1231 uenit
694 1189 810 1231 illius
842 1203 991 1230 uersus
1022 1188 1322 1231 POMPONIANI
1353 1188 1398 1231 in
1411 1191 1470 1233 22

49 1251 248 1304 mentem,
274 1249 346 1304 qui
366 1251 432 1290 est
456 1263 508 1290 ex
527 1260 791 1291 ATELLANIA
810 1262 918 1303 quae
938 1247 1128 1289 ΜΑΕΒΙΑ
1146 1246 1400 1290 inscribitur

0 1344 31 1371 io
108 1330 197 1373 dies
233 1331 305 1373 hic
342 1331 515 1385 tertius,
553 1345 646 1372 cum
681 1330 791 1372 nihil
829 1330 914 1372 edi:
952 1329 1173 1384 diequarte
1212 1330 1400 1372 emoriar

1210 1389 1339 1431 fame.

49 1471 357 1527 diepristine
395 1471 544 1513 eodem
571 1470 699 1513 modo
724 1470 959 1526 dicebatur,
989 1470 1104 1526 quod
1123 1470 1399 1525 significabat
1411 1473 1471 1515 23

48 1529 127 1572 die
152 1529 381 1585 pristino
412 1530 457 1572 id
482 1532 548 1572 est
572 1530 734 1584 priore:
767 1530 881 1585 quod
906 1544 1021 1571 nunc
1046 1529 1215 1584 pridie
1240 1529 1398 1572 dicitur

48 1603 255 1631 conuerso
300 1589 627 1644 compositionis
673 1588 822 1631 ordine
865 1588 989 1643 quasi
1031 1589 1254 1643 pristino
1307 1588 1398 1631 die.

3 1686 6 1687 γ
46 1662 126 1690 nec
154 1648 314 1690 infitias
347 1662 396 1690 eo
428 1649 585 1690 lectum
618 1647 730 1702 apud
769 1650 936 1689 ueteres
970 1647 1050 1688 die
1082 1649 1285 1703 quarto:
1324 1647 1397 1689 sed
1411 1650 1471 1692 24

0 1707 270 1749 &inuenitur
308 1707 390 1749 hoc
427 1706 478 1749 de
514 1709 752 1757 transacto,
795 1720 884 1748 non
920 1706 971 1748 de
1009 1706 1156 1748 futuro
1193 1706 1398 1761 positum.

48 1780 149 1808 nam
181 1765 258 1808 GN.
289 1765 472 1808 MATIVS
504 1766 636 1807 homo
667 1766 843 1820 inpense
876 1765 1028 1807 doctus
1060 1765 1106 1806 in
1136 1764 1396 1807 MIMIAMBIS

142 1884 164 1916 5
188 1881 276 1926 Leg.
309 1881 379 1916 XII
408 1881 484 1917 tab.
509 1881 642 1926 fragm.
668 1880 755 1916 VIII
782 1884 824 1916 11
851 1881 907 1917 ed.
935 1881 1086 1916 Schoell
1195 1885 1241 1916 20
1266 1881 1397 1926 Pomp.

47 1929 180 1974 fragm.
208 1933 251 1964 77
278 1941 315 1974 p.
342 1932 411 1964 237
437 1929 493 1966 ed.
518 1933 540 1964 2
566 1928 765 1964 Ribbeckii

142 2038 163 2070 2
190 2038 273 2071 ante
298 2035 446 2071 demitti
472 2035 540 2079 (ita
564 2035 614 2079 P)
640 2034 724 2070 add.
751 2034 798 2070 do
823 2033 869 2069 P'
962 2039 983 2070 3
1010 2045 1222 2070 ammonere
1250 2034 1288 2068 P
1376 2038 1399 2068 4

47 2081 222 2118 inusitate
250 2082 288 2116 P
395 2086 416 2117 6
443 2081 496 2118 est
515 2086 600 2128 post
624 2082 828 2117 notandum
853 2082 938 2118 add.
963 2082 1000 2117 P
1103 2086 1123 2118 7
1150 2081 1235 2117 casu
1260 2092 1326 2118 om.
1354 2081 1399 2115 Ρ

51 2132 94 2163 11
121 2129 335 2174 copulatiue
362 2130 399 2164 P
471 2132 513 2165 17
541 2129 571 2164 85
589 2128 776 2174 profiscini
794 2126 843 2164 B'
918 2132 971 2174 18,
987 2130 1094 2165 uemt
1113 2129 1232 2175 (uenit
1250 2129 1292 2165 in
1309 2130 1400 2173 ras.)

48 2186 133 2212 ecce
158 2176 196 2212 P
275 2180 452 2222 popeiam
476 2177 513 2212 P
590 2180 633 2211 19
659 2188 699 2211 in
723 2186 940 2212 memoriam
966 2177 1003 2212 P
1081 2187 1228 2212 maenia
1253 2177 1274 2212 b
1354 2179 1400 2210 20

49 2222 109 2258 his
128 2223 166 2259 P
234 2223 370 2259 tertius
383 2223 606 2260 Scriuerius:
632 2223 756 2258 sextus
775 2223 857 2258 BP
926 2225 987 2259 edi
1005 2224 1214 2260 Pomanus:
1243 2235 1303 2269 egi
1324 2223 1406 2258 BP

50 2280 208 2306 emoriar
233 2271 443 2317 Scioppius:
475 2281 614 2307 moriar
639 2271 719 2306 BP
836 2273 881 2305 24
906 2271 1051 2307 inficias
1070 2272 1150 2316 Pb,
1184 2270 1345 2307 infaciaf
1366 2270 1402 2304 B

51 2320 97 2352 26
121 2318 240 2363 gneus
262 2319 346 2354 BP
414 2317 570 2354 mattms
591 2318 628 2353 P
695 2317 859 2362 impense
886 2319 924 2354 P

121 2383 312 2410 moizomvs
1168 2381 1188 2412 2
