1526 2444
145 89 231 130 436
643 86 740 122 SAT.
761 86 890 121 LIBRI
913 85 980 121 VII

148 195 319 237 uocauit
356 194 466 235 enim
504 193 589 234 mel
625 192 767 234 dulce
804 195 846 233 et
877 192 1023 233 uinum
1061 204 1223 232 suaue.
1282 190 1468 231 mustum

147 254 279 308 igitur
311 267 405 294 cum
435 251 614 292 necdum
647 264 775 292 suaue
807 253 872 291 est
900 249 973 292 sed
997 251 1164 290 tantum
1190 247 1313 289 modo
1339 246 1470 301 dulce,
1522 273 1526 276 <

147 314 322 352 horrore
373 309 555 364 quodam
603 310 772 350 tantum
821 308 931 349 sumi
980 307 1029 348 de
1079 320 1122 348 se
1169 320 1255 348 non
1298 304 1470 359 patitur,
1521 322 1525 338 ι

82 372 131 412 17
149 370 353 423 quantum
395 367 580 409 sufficiat
614 367 821 408 ebrietati.
883 365 990 407 addo
1024 363 1153 418 aliud,
1190 363 1376 405 naturali
1405 377 1470 404 ra·
1523 399 1526 416 2

149 427 264 468 tione
295 425 493 467 ebrietati
523 424 784 466 dulcedinem
814 436 1051 477 repugnare
1083 421 1203 474 adeo,
1241 424 1288 462 ut
1320 420 1471 462 medici
1505 433 1526 473 εξ

156 498 247 538 eos,
286 484 357 538 qui
391 497 523 537 usque
560 483 611 524 ad
647 482 880 537 periculum
918 480 1213 521 distenduntur
1249 479 1348 520 uino
1381 477 1470 532 plu·
1523 487 1526 521 ἒ

151 542 277 596 rimo,
310 544 467 596 cogant
496 554 665 582 uomere
697 542 740 581 et
769 542 865 593 post
895 539 1102 580 uomitum
1134 539 1280 579 eontra
1310 536 1473 577 fumum

155 600 262 654 uini,
305 600 375 654 qui
419 599 623 640 remansit
662 598 707 639 in
748 597 889 652 uenis,
930 610 1084 650 panem
1127 595 1309 636 offerunt
1348 594 1473 635 melle
1522 595 1526 635 ζ

152 658 324 699 inlitum
368 659 411 699 et
448 657 510 698 ita
550 656 766 698 hominem
804 656 856 696 ab
895 653 1111 696 ebrietatis
1149 653 1259 694 malo
1297 651 1472 693 dulcedo
1523 653 1526 701 j

151 716 350 757 defendit.
410 714 504 756 ideo
536 728 638 769 ergo
670 728 757 755 non
786 713 969 754 inebriat
999 713 1196 764 mustum,
1227 711 1272 752 in
1304 724 1385 764 quo
1411 711 1477 751 est
1495 715 1526 758 ld

88 776 140 817 18
157 774 246 815 sola
278 773 466 814 dulcedo.
521 773 592 813 sed
623 774 666 812 et
697 772 776 813 hoc
808 771 857 812 de
885 770 1036 812 idonea
1061 769 1225 811 ratione
1251 767 1477 820 descendit,

156 831 267 886 quod
292 833 477 872 mustum
503 843 632 884 graue
657 832 734 884 est,
758 831 800 869 et
822 828 949 870 flatus
976 830 1018 869 et
1043 840 1175 882 aquae
1194 825 1473 880 permixtione
1521 835 1526 880 g

158 892 200 930 et
235 889 420 943 pondere
460 902 534 929 suo
569 888 654 928 cito
685 887 728 928 in
759 886 960 927 intestina
991 885 1199 926 delabitur
1230 898 1277 925 ac
1307 882 1479 937 profluit
1523 910 1526 936 3

155 961 231 988 nec
269 950 412 988 manet
441 947 488 987 in
520 946 624 987 locis
655 945 850 987 obnoxiis
881 942 1096 996 ebrietati,
1127 942 1346 996 delapsum
1377 955 1478 982 uero

155 1004 356 1058 relinquit
409 1004 497 1045 sine
553 1003 680 1045 dubio
733 1004 780 1043 in
833 1002 1005 1043 homine
1054 1001 1201 1041 ambas
1250 999 1473 1054 qualitates
1494 996 1526 1052 1}

153 1066 330 1104 naturae
361 1075 472 1115 suae,
506 1075 683 1116 quarum
715 1060 850 1101 altera
879 1059 924 1100 in
955 1058 1070 1111 flatu,
1101 1058 1236 1099 altera
1265 1057 1311 1097 in
1342 1070 1476 1111 aquae
1515 1068 1526 1121 ’ξ

88 1122 140 1163 19
155 1120 394 1162 substantia
425 1122 500 1161 est.
557 1119 629 1160 sed
657 1118 783 1159 flatus
815 1117 983 1172 quidem
1013 1116 1134 1170 quasi
1161 1128 1292 1169 aeque
1318 1113 1475 1168 ponde-
1511 1120 1526 1167 3

155 1193 278 1220 rosus
304 1179 348 1219 in
373 1179 458 1218 ima
484 1177 708 1227 delabitur,
739 1189 872 1230 aquae
898 1188 999 1217 uero
1026 1174 1209 1228 qualitas
1233 1186 1318 1214 non
1344 1172 1481 1213 solum

156 1237 250 1290 ipsa
286 1250 375 1277 non
410 1235 595 1289 impellit
630 1235 674 1275 in
708 1233 938 1287 insaniam,
975 1232 1047 1273 sed
1078 1234 1137 1284 et,
1175 1230 1296 1285 siqua
1326 1229 1480 1271 uinalis

160 1294 366 1335 fortitudo
409 1293 454 1333 in
493 1293 663 1334 homine
699 1291 874 1344 resedit,
915 1290 1024 1337 hano
1060 1289 1183 1330 diluit
1219 1291 1262 1329 et
1298 1287 1482 1342 expellit.

90 1353 146 1395 20
161 1352 298 1393 inesse
342 1353 482 1392 autem
523 1365 677 1404 aquam
714 1351 853 1390 musto
890 1348 960 1389 uel
995 1348 1094 1394 hinc
1130 1347 1318 1400 docetur,
1362 1344 1502 1400 quod„

159 1424 254 1451 cum
290 1408 334 1450 in
371 1410 630 1450 uetustatem
666 1407 872 1462 procedit,
915 1406 965 1447 fit
1001 1419 1198 1447 mensura
1235 1404 1374 1446 minus
1413 1402 1484 1444 sed
1499 1424 1506 1448 ς

160 1468 299 1509 acrius
324 1467 584 1519 fortitudine,
610 1465 709 1520 quia
735 1465 931 1506 exhalata
957 1477 1078 1518 aqua,
1102 1477 1184 1517 qua
1203 1462 1502 1514 molliebatur,

162 1527 353 1567 remanet
388 1525 478 1566 uini
515 1525 608 1566 sola
643 1526 796 1565 natura
828 1537 922 1564 cum
952 1521 1201 1563 fortitudine
1233 1534 1308 1562 sua
1338 1520 1504 1572 liberat

161 1584 278 1625 nulla
308 1583 433 1624 diluti
463 1582 654 1624 humoris
685 1581 964 1635 permixtione
995 1577 1193 1620 mollita.'
1498 1579 1499 1582 ’

97 1652 207 1695 VIII
285 1652 390 1694 Post
419 1652 524 1693 haec
555 1651 735 1693 Albinus
759 1650 910 1692 Furius
943 1648 1036 1704 ‘ego
1069 1662 1233 1702 quoque
1263 1661 1341 1701 pro
1372 1645 1486 1687 uirili
1500 1654 1521 1701 ὲ

165 1710 360 1764 portione
386 1709 603 1751 Disarium
633 1714 827 1750 nostrum
858 1707 1136 1748 inexercitum
1167 1719 1255 1747 non
1283 1704 1485 1758 relinquo.
1500 1687 1526 1749 ἶ

165 1768 279 1810 dicas
311 1782 480 1822 quaeso,
511 1781 618 1822 quae
644 1781 770 1808 causa
795 1765 963 1806 difficile
991 1764 1157 1819 digestu
1181 1762 1286 1805 facit
1309 1759 1522 1826 isicium}

167 1826 280 1879 quod
328 1827 381 1867 ab
424 1826 659 1867 insectione
707 1824 942 1866 insicium
985 1822 1142 1864 dictum
1185 1820 1413 1862 amissione
1455 1829 1526 1877 ,ΝἸ

165 1883 333 1924 litterae
363 1886 513 1938 postea
544 1883 655 1938 quod
686 1896 798 1924 nunc
829 1881 958 1923 habet
984 1894 1140 1922 nomen
1165 1879 1361 1933 obtinuit,
1393 1875 1526 1932 cum]-¹

169 1942 347 1982 multum
395 1942 438 1981 in
487 1955 536 1983 eo
580 1941 867 1995 digestionem
907 1939 1096 1980 futuram
1137 1936 1294 1978 iuuerit
1334 1926 1526 1990 tritura?

167 2001 258 2040 tam
295 1999 496 2053 diligens,
539 2001 582 2040 et
618 1998 815 2052 quicquid
852 2011 982 2053 graue
1020 1998 1110 2037 erat
1147 1995 1283 2036 carnis
1322 1993 1512 2046 absum-J

169 2057 317 2110 pserit,
355 2057 844 2109 consummationemque
877 2056 964 2096 eius
996 2055 1132 2095 multa
1163 2067 1213 2094 ex
1243 2054 1363 2107 parte
1394 2063 1506 2093 con-1

171 2113 347 2155 fecerit?

267 2242 309 2273 13
336 2241 408 2274 cito
435 2250 499 2275 om.
526 2239 561 2273 P
663 2242 707 2273 23
733 2238 880 2273 exulata
908 2237 943 2271 P
1047 2240 1092 2271 24
1116 2236 1169 2271 sui
1194 2236 1230 2270 P
1332 2237 1375 2269 32
1401 2231 1505 2268 affii-v

172 2286 284 2332 psent
310 2286 346 2320 P
1471 2301 1474 2304 ⁴
