1526 2444
187 74 273 116 614
482 74 631 110 ΟΟΜΜ.
656 74 709 108 IN
733 73 873 110 SOMN.
901 74 1011 110 SCIP.
1037 74 1164 110 LIBRI
1182 75 1216 109 ΙΙ

99 210 103 214 -
148 182 320 236 ‘lneque
358 180 469 222 enim
507 179 672 234 Anguis
713 180 896 222 sidereus
932 180 1086 223 Arctos
1123 183 1255 235 secat,
1297 181 1368 223 sed
1405 181 1504 223 dum

188 241 230 279 et
268 238 539 291 amplectitur
572 240 615 278 et
650 238 894 292 interuenit,
929 239 1086 280 circum
1117 253 1187 280 eas
1221 241 1262 280 et
1291 239 1402 280 inter
1433 253 1503 280 eas

186 296 390 348 uoluitur,
432 309 518 336 non
559 309 634 349 per
676 309 759 337 eas.
825 309 925 351 ergo
968 298 1110 350 potest
1153 299 1345 338 constare
1382 296 1505 338 nobis

185 353 445 407 intellectus,
488 353 524 393 si
566 367 654 407 per
692 354 861 395 ambas
898 368 974 407 pro
1013 354 1146 395 inter
1183 355 1352 396 ambas
1389 368 1505 396 more

146 411 320 464 8ipsius
369 413 518 464 poetae
562 410 721 452 dictum
764 411 1062 453 existimemus·
1132 412 1253 453 nobis
1297 412 1409 453 aliud
1453 413 1505 453 ad

188 468 473 510 defensionem
506 469 624 509 -ultra
658 468 779 520 haec,
819 483 925 523 quae
963 469 1161 523 diximus,
1196 483 1281 511 non
1312 470 1505 511 occurrit.

187 540 333 567 uerum
372 526 569 580 quoniam
599 526 642 566 in
674 527 811 568 medio
842 526 1076 581 posuimuS,
1115 540 1219 581 quos
1251 527 1354 568 fines
1385 541 1504 568 num-

186 598 313 637 quam
343 584 415 625 uia
446 584 550 625 solis
582 584 767 638 excedat,
802 584 1071 625 manifestum
1103 586 1168 626 est
1199 587 1341 626 autem
1372 586 1504 626 omni-

184 642 282 695 bus,
314 641 413 695 quid
438 641 556 683 Maro
582 642 745 694 dixerit,
777 656 899 696 quem
928 644 1095 683 constat
1120 642 1273 684 erroris
1298 643 1506 698 ignarum,

186 700 266 740 erit
301 700 462 753 ingenii
503 700 766 753 singulorum
798 700 1000 754 inuenire,
1031 700 1128 754 quid
1159 700 1295 754 possit
1326 701 1506 754 amplius

185 772 262 810 pro
295 757 554 798 absoluenda
585 758 664 798 hac
696 759 941 811 quaestione
972 757 1165 799 conferri.

117 837 244 879 VIIII
303 837 382 878 His
420 851 604 892 quoque,
635 840 683 878 ut
714 838 913 891 arbitror,
949 853 1034 880 non
1071 839 1209 880 otiosa
1245 839 1506 892 inspectione

186 896 379 936 tractatis
410 909 523 936 nune
561 895 611 936 de
643 895 826 948 Oceano,
859 896 970 949 quod
1000 897 1288 949 promisimus,
1320 896 1506 938 adstrua-

185 966 297 1006 mus,
341 966 426 994 non
458 967 541 994 uno
572 953 644 993 sed
676 953 843 1007 gemino
875 954 964 994 eius
996 954 1158 994 ambitu
1188 956 1324 995 terrae
1355 968 1506 1008 corpus

186 1024 311 1051 omne
349 1010 597 1063 circumflui,
635 1011 750 1052 cuius
789 1025 912 1052 uerus
951 1013 993 1052 et
1028 1011 1191 1065 primus
1228 1013 1391 1053 meatus
1431 1014 1506 1065 est,

187 1068 259 1122 qui
295 1067 347 1109 ab
389 1068 558 1109 indocto
598 1068 815 1109 hominum
853 1082 1006 1123 genere
1042 1069 1235 1110 nescitur.
1303 1069 1339 1109 is
1384 1070 1507 1120 enim,

187 1139 312 1179 quem
338 1126 476 1167 solum
502 1125 714 1167 Oceanum
740 1126 881 1180 plures
915 1127 1152 1180 opinantur,
1183 1126 1233 1167 de
1265 1127 1426 1168 sinibus
1453 1128 1506 1168 ab

188 1183 264 1224 illo
291 1183 489 1238 originali
513 1183 666 1225 refusis
693 1183 920 1225 secundum
947 1198 995 1225 ex
1021 1184 1273 1225 necessitate
1299 1185 1507 1226 ambitum

147 1240 296 1283 2feeit.
357 1244 541 1282 ceterum
584 1241 703 1295 prior
746 1242 834 1282 eius
871 1256 1027 1283 corona
1068 1256 1144 1295 per
1179 1256 1326 1283 zonam
1369 1245 1506 1283 terrae

186 1298 367 1340 calidam
395 1301 519 1353 meat,
551 1299 770 1353 superiora
794 1302 1002 1340 terrarum
1030 1302 1071 1340 et
1097 1299 1297 1341 inferiora
1321 1299 1526 1354 oingens,:

129 1379 133 1381 -
184 1356 340 1397 flexum
383 1356 484 1398 circi
522 1357 840 1410 aequinoctialis
878 1357 972 1398 im‘t
1005 1372 1054 1405 Va.
1115 1357 1168 1398 ab
1207 1358 1367 1399 oriente
1403 1371 1504 1399 uero

185 1414 290 1456 duos
332 1415 448 1455 sinus
486 1414 686 1468 refundit,
730 1429 858 1455 unum
900 1415 951 1456 ad
995 1415 1304 1456 extremitatem
1341 1417 1506 1468 septen-

185 1471 356 1526 trionis,
395 1472 446 1513 ad
479 1473 674 1514 australis
707 1473 904 1526 alterum,
940 1486 1168 1526 rursusque
1200 1473 1252 1513 ab
1291 1472 1505 1514 occidente

186 1530 268 1571 duo
307 1530 468 1584 pariter
503 1532 757 1572 enascuntur
794 1531 931 1583 sinus,
970 1531 1041 1584 qui
1083 1544 1215 1584 usque
1253 1529 1307 1571 ad
1345 1531 1505 1583 ambas,

186 1601 290 1641 quas
321 1602 449 1642 supra
480 1587 679 1642 diximus,
710 1589 1001 1629 extremitates
1033 1588 1163 1629 refusi
1195 1590 1418 1629 occurrunt
1450 1588 1526 1631 ab:

146 1645 347 1687 3oriente
391 1645 598 1686 demissis.
664 1648 706 1686 et
742 1646 840 1686 dum
883 1646 926 1686 ui
969 1660 1132 1687 summa
1171 1648 1214 1686 et
1250 1646 1410 1699 impetu
1446 1646 1526 1701 in-3

185 1703 374 1745 maniore
413 1703 653 1758 miscentur,
701 1704 745 1744 in
781 1703 999 1757 uicemque
1042 1717 1085 1744 se
1122 1702 1296 1757 feriunt,
1333 1717 1382 1744 ex
1412 1703 1526 1757 ipsa

145 1774 153 1782 '¹
187 1775 392 1827 aquarum
435 1761 651 1803 collisione
692 1761 880 1802 nascitur
921 1761 998 1801 illa
1040 1761 1204 1802 famosa
1244 1760 1398 1802 Oceani
1440 1774 1506 1810 ac-

187 1820 319 1866 cessio
345 1820 503 1872 pariter
528 1822 570 1860 et
594 1819 788 1870 recessio,
816 1821 858 1859 et
881 1818 1169 1873 ubicumque
1157 1833 1202 1859 m
1227 1820 1372 1860 nostro
1398 1816 1517 1860 mari

186 1877 395 1931 contingit
415 1878 524 1918 idem
549 1877 655 1917 uel
643 1892 687 1918 1n
713 1877 903 1930 angustis
928 1876 1048 1917 fretis
1072 1877 1140 1917 uel
1164 1876 1209 1917 in
1233 1876 1373 1930 planis
1396 1875 1505 1918 forte

185 1933 421 1986 littoribus,
465 1949 513 1975 ex
563 1934 666 1987 ipsis
716 1933 872 1975 Oceani
919 1933 1099 1988 sinibus,
1147 1947 1251 1987 quos
1292 1887 1526 1979 Oceanuml

281 2085 299 2115 1
326 2081 378 2115 set
401 2081 437 2115 Β
539 2085 563 2116 5
585 2081 794 2128 estimemus
814 2082 850 2116 Β
951 2084 972 2116 8
998 2082 1143 2116 excedlt
1167 2082 1203 2116 Β
1303 2080 1355 2116 est
1379 2092 1444 2117 om.
1469 2082 1507 2117 Β

188 2130 232 2162 10
257 2127 456 2163 inuen1*re
481 2128 517 2162 P
610 2131 650 2162 11
678 2128 847 2162 confiten
872 2127 944 2163 ΡΒ
1041 2132 1081 2163 13
1107 2127 1309 2163 astruamus
1335 2128 1371 2162 Β
1462 2131 1526 2175 143

186 2173 240 2208 set
264 2174 300 2208 Β
418 2174 560 2209 amb1tu
586 2173 666 2208 eius
685 2174 722 2209 Β
841 2177 882 2208 16
906 2173 967 2208 h1s
986 2173 1023 2208 P
1137 2177 1179 2209 17
1205 2177 1343 2209 oceanfi
1368 2184 1432 2209 om
1458 2171 1504 2209 B'
1515 2179 1526 2217 ξ

187 2223 232 2254 20
256 2219 451 2264 supeplora
477 2219 526 2255 P'
629 2223 673 2255 26
698 2230 914 2255 1mman1ore
939 2220 976 2255 B
1070 2223 1114 2254 28
1139 2230 1267 2255 ooeam
1289 2221 1330 2255 in
1354 2205 1526 2267 extremo3

187 2267 313 2302 uersic.
340 2278 406 2303 om.
431 2267 466 2300 Β
537 2270 581 2302 31
607 2265 779 2302 litorlbus
798 2266 834 2301 Β
908 2265 1047 2301 simbus
1066 2266 1134 2301 PB
1482 2257 1526 2444 i
