1526 2444
151 87 236 128 556
448 87 595 124 COMM.
620 89 672 124 IN
698 88 840 125 SOMN.
866 89 976 127 SCIP.
1000 90 1129 126 LIBRI
1152 92 1169 126 I

149 193 310 234 latione
353 194 600 248 dispergunt
641 209 718 236 nec
760 195 950 250 Hyadas,
998 212 1105 251 quae
1147 196 1317 252 {uicinae
1361 202 1470 254 sunt,

151 251 359 303 deserunt,
390 254 464 292 aut
495 251 662 294 Orionis
693 253 929 307 proximam
960 255 1178 309 regionem
1207 257 1468 311 relinquunt:
1524 280 1526 283 ·

151 308 497 362 Septentrionum
540 324 747 364 compago
796 325 881 352 non
931 313 1127 355 soluitur:
1173 313 1355 369 Anguis,
1399 315 1472 369 qui

150 367 262 407 inter
293 380 365 408 eos
396 367 566 423 labitur,
597 369 727 409 semel
763 368 1060 411 circumfusum
1092 385 1179 412 non
1216 374 1355 413 mutat
1384 386 1470 414 am-

110 424 332 477 6plexum.
397 424 477 466 hae
519 440 619 467 uero
658 426 783 468 modo
827 427 871 467 in
907 428 986 468 hac
1023 429 1148 470 modo
1179 430 1223 470 in
1260 430 1336 471 illa
1367 431 1471 472 caeli
1507 441 1526 468 ⁵

149 483 322 537 regione
352 482 564 538 uisuntur,
603 486 646 525 et
676 497 801 538 saepe
833 498 927 525 011111
958 485 1002 526 111
1033 500 1161 527 unum
1193 487 1334 528 locum
1366 487 1471 529 duae

149 540 346 593 pluresue
378 541 669 595 conuenerint,
709 544 752 583 et
782 556 807 583 a
836 543 930 584 loco
962 545 1118 596 tamen,
1154 545 1200 585 in
1231 559 1313 598 quo
1346 545 1472 587 simul

149 597 265 639 uisae
306 600 421 651 sunt,
459 601 502 640 et
540 613 564 639 a
602 613 647 640 se
683 602 833 653 postea
871 603 1128 655 separantur.
1196 616 1246 643 ex
1283 602 1362 644 11οο
1400 617 1471 644 eas
1524 652 1526 656 Ι

149 669 236 697 11011
276 670 366 697 esse
410 657 527 698 00010
570 657 720 698 infixas
758 658 890 699 oculis
929 673 1094 713 quoque
1138 660 1471 714 approbantibus
1523 661 1526 714 j

150 716 335 756 constat:
373 714 505 768 igitur
541 719 778 769 mouentur,
819 729 895 757 nec
931 730 1085 771 negare
1124 716 1205 758 hoc
1248 718 1470 772 quisquam
1490 715 1526 812 iq

110 772 323 825 7poterit‚
359 772 471 826 quod
510 773 628 814 uisus
666 773 872 814 adfirmat.
933 775 1217 827 quaerendum
1255 778 1320 816 est
1357 789 1471 830 ergo,

147 832 290 870 utrum
330 830 383 870 ab
422 831 517 871 ortu
555 830 607 870 ad
650 844 845 872 occasum
882 845 935 872 an
971 832 1016 872 in
1058 833 1312 874 contrarium
1352 836 1471 875 motu
1516 850 1519 851 ⁷

147 887 320 940 proprio
358 888 643 929 reuoluantur.
710 888 782 929 sed
819 891 862 930 et
902 889 983 930 hoc
1014 891 1311 943 quaerentibus
1347 892 1470 933 nobis
1516 847 1526 959 l

147 959 234 986 non
276 945 412 986 solum
466 945 812 987 manifestissima
865 947 976 988 ratio
1019 948 1092 988 sed
1139 948 1256 989 uisus
1306 963 1471 1003 quoque

147 1003 238 1056 ipse
278 1003 547 1044 monstrabit.
613 1003 922 1045 consideremus
960 1018 1062 1057 ergo
1100 1005 1316 1060 signorum
1358 1006 1468 1048 ordi-

148 1074 256 1111 nem,
282 1060 432 1114 quibus
458 1061 673 1102 zodiacum
700 1061 883 1102 diuisum
902 1062 971 1102 uel
997 1062 1243 1104 distinctum
1269 1064 1470 1118 uidemus,
1508 1102 1509 1106 ,

149 1121 190 1159 et
227 1119 281 1160 ab
318 1132 401 1160 uno
441 1118 563 1172 signo
597 1119 786 1172 quolibet
823 1119 981 1161 ordinis
1019 1120 1107 1161 eius
1151 1135 1365 1163 sumamus
1403 1136 1470 1163 ex-

108 1176 324 1218 Sordium.
396 1190 491 1217 cum
544 1178 667 1218 Aries
722 1177 925 1230 exoritur,
978 1181 1077 1232 post
1118 1178 1257 1232 ipsum
1305 1178 1468 1221 Taurus

149 1234 337 1288 emergit.
396 1234 507 1275 hunc
545 1233 713 1275 Gemini
751 1237 966 1289 secuntur,
1002 1235 1081 1277 hos
1119 1235 1282 1278 Cancer
1321 1239 1364 1278 et
1394 1251 1469 1291 per

149 1291 337 1332 ordinem
386 1292 560 1343 reliqua.
633 1293 669 1332 si
712 1293 818 1333 istae
867 1306 967 1346 ergo
1016 1293 1059 1334 in
1109 1294 1366 1335 occidentem
1415 1295 1467 1336 ab

148 1349 307 1390 oriente
343 1349 634 1403 procederent,
670 1364 756 1391 non
793 1351 846 1391 ab
882 1349 1029 1391 Ariete
1070 1352 1116 1392 in
1152 1351 1356 1404 Taurum,
1399 1353 1470 1407 qui

146 1409 262 1448 retro
299 1408 462 1448 locatus
501 1409 583 1461 est,
620 1422 698 1449 1100
736 1422 761 1449 0
798 1408 937 1450 Tauro
974 1409 1018 1449 111
1059 1408 1260 1451 Geminos
1299 1411 1470 1465 signum
1502 1419 1505 1421 ’

147 1466 357 1518 posterius
391 1465 673 1518 uoluerentur,
705 1465 778 1507 sed
810 1480 834 1506 a
864 1464 1052 1507 Geminis
1084 1467 1129 1508 in
1159 1467 1341 1509 Taurum
1373 1473 1415 1509 et
1445 1482 1470 1509 a

148 1522 288 1564 Tauro
318 1523 363 1563 in
388 1523 576 1564 Arietem
601 1526 717 1564 recta
748 1526 790 1564 et
822 1523 1059 1565 mundanae
1084 1524 1345 1567 uolubilitati
1376 1539 1470 1567 con-

108 1581 255 1622 9sona
304 1581 542 1629 accessione
590 1581 819 1634 prodirent.
892 1596 985 1623 cum
1029 1596 1128 1623 uero
1169 1597 1194 1623 a
1242 1583 1378 1637 primo
1424 1584 1469 1625 111

149 1639 318 1693 signum
357 1639 604 1693 secundum,
642 1654 667 1680 a
705 1639 885 1682 secundo
921 1640 966 1680 in
996 1640 1169 1681 tertium
1213 1643 1255 1681 et
1291 1641 1387 1682 inde
1417 1641 1470 1682 ad

147 1696 323 1750 reliqua,
348 1710 454 1750 quae
474 1697 710 1751 posteriora
735 1699 846 1750 sunt,
870 1697 1155 1750 reuoluantur,
1181 1698 1303 1751 signa
1329 1701 1471 1740 autem

148 1754 277 1795 infixa
314 1755 430 1796 00010
469 1755 678 1808 ferantur,
716 1755 804 1795 sine
842 1755 969 1795 dubio
1006 1757 1175 1796 constat
1211 1755 1288 1796 has
1325 1757 1470 1797 stellas

147 1826 234 1853 non
272 1826 367 1853 011111
405 1813 519 1854 00010
563 1812 635 1853 sed
672 1816 817 1853 contra
860 1813 1023 1853 caelum
1066 1813 1239 1855 moueri.
1305 1814 1386 1856 1100
1423 1816 1471 1855 ut

147 1869 271 1922 plene
302 1870 472 1925 liqueat,
505 1873 743 1912 astruamus
776 1870 825 1911 de
855 1871 981 1912 lunae
1012 1885 1146 1924 cursu,
1178 1885 1284 1925 quae
1316 1874 1358 1912 et
1388 1871 1470 1913 010-

82 1928 134 1969 10
151 1926 279 1968 ritate
305 1929 369 1968 sui
401 1931 443 1969 et
473 1929 698 1969 uelocitate
729 1928 957 1970 notabilior
988 1932 1063 1970 est.
1115 1929 1216 1970 luna
1246 1932 1470 1984 postquam

148 1999 173 2025 a
199 1985 287 2026 sole
320 1985 535 2027 discedens
566 1988 725 2028 nouata
750 1988 826 2039 est,
858 1985 1039 2027 secundo
1064 1986 1150 2027 fere
1176 1985 1241 2027 die
1272 1986 1381 2028 circa
1406 2001 1470 2029 00-

147 2056 292 2083 easum
311 2042 488 2097 uidetur,
514 2046 556 2084 et
575 2043 696 2097 quasi
720 2044 859 2085 uicina
878 2043 971 2098 soli,
991 2057 1115 2098 quem
1133 2058 1268 2099 nuper
1285 2044 1470 2098 reliquit,

146 2102 370 2154 postquam
397 2101 469 2142 ille
496 2100 709 2142 demersus
736 2104 813 2154 est,
843 2102 938 2155 ipsa
963 2102 1067 2143 caeli
1092 2102 1327 2157 marginem
1353 2103 1476 2149 tenet,

241 2240 285 2271 24
305 2237 531 2272 uolubilitati
549 2238 727 2273 Zeunius:
751 2236 998 2272 uolubilitatis
1017 2238 1104 2274 libri
1175 2242 1218 2273 28
1237 2237 1350 2272 infixa
1368 2230 1470 2274 caelo

148 2294 232 2318 cum
257 2283 359 2319 caelo
383 2283 550 2319 ferantur
574 2285 665 2320 coni.
691 2285 827 2319 lanius
