1526 2444
557 60 661 97 XIIII
687 64 824 98 15—22
1283 59 1374 102 543

27 171 79 214 de
129 171 274 213 anima
322 170 522 213 uidentur
569 169 889 225 pronuntiasse,
939 169 1170 212 contineat.
1246 167 1371 210 Plato

28 230 135 272 dixit
184 229 373 272 animam
417 229 650 271 essentiam
700 243 744 270 se
795 231 1060 280 mouentem,
1107 227 1372 270 Xenocrates

26 303 252 332 numerum
274 302 319 330 se
340 290 599 342 mouentem,
623 287 883 330 Aristoteles
904 285 1188 343 ἐντελέχειαν,
1212 285 1371 342 Pytha-

27 362 154 404 goras
208 350 251 389 et
298 346 523 389 Philolaus
573 346 862 402 harmoniam,
911 346 1168 389 Posidonius
1218 346 1372 399 ideam,

0 406 302 462 §Asclepiades
346 406 532 461 quinque
576 420 778 447 sensuum
815 405 1067 448 exercitium
1105 405 1188 447 sibi
1225 418 1372 447 conso-

25 480 149 520 num,
185 465 470 520 Hippocrates
509 464 708 519 spiritum
746 467 917 506 tenuem
952 479 1028 519 per
1059 478 1213 518 corpus
1246 478 1371 506 omne

26 524 279 579 dispersum,
311 523 559 566 Heraclides
584 522 786 566 Ponticus
813 524 964 577 lucem,
989 522 1236 565 Heraclitus
1262 522 1372 577 phy-

26 583 138 625 sicus
177 583 411 625 scintillam
448 583 636 625 stellaris
674 582 903 637 essentiae,
940 581 1085 624 Zenon
1125 585 1370 624 concretum

25 642 193 697 corpori
231 642 449 696 spiritum,
486 640 759 683 Democritus
797 641 996 696 spiritum
1036 641 1247 683 insertum
1280 644 1371 682 ato-

0 700 109 744 ›mis
141 700 222 743 hac
252 699 462 742 facilitate
494 703 648 754 motus,
681 703 730 742 ut
760 714 914 755 corpus
946 699 1011 741 illi
1041 714 1166 742 omne
1193 700 1251 741 sit
1275 714 1370 754 per-

24 760 154 812 uium,
187 758 404 802 Critolaus
436 758 747 813 Peripateticus
780 761 978 801 constare
1011 773 1104 800 eam
1137 759 1188 800 de
1220 759 1369 814 quinta
1382 759 1441 802 20

24 819 229 873 essentia,
269 817 543 873 Hipparchus
580 818 744 872 ignem,
780 817 1073 859 Anaximenes
1112 831 1229 869 aera,
1265 817 1370 859 Em-

22 876 220 932 pedocles
259 879 303 918 et
340 875 497 919 Critias
536 877 810 931 sanguinem,
850 876 1126 919 Parmenides
1166 891 1217 918 ex
1254 878 1370 919 terra

23 938 67 978 et
109 936 222 992 igne,
258 935 547 990 Xenophanes
586 949 636 978 ex
677 937 796 985 terra
835 938 878 977 et
916 950 1044 1002 aqua,
1088 935 1278 978 Boethos
1318 950 1370 977 ex

0 1007 120 1038 §aere
164 998 207 1037 et
243 995 362 1050 igne,
406 993 619 1048 Epicurus
663 994 850 1049 speciem
887 1009 937 1036 ex
973 995 1073 1050 igne
1112 997 1154 1036 et
1191 1008 1288 1037 aere
1326 997 1370 1036 et

20 1053 177 1108 spiritu
221 1053 413 1096 mixtam.
481 1053 668 1095 obtinuit
710 1056 856 1096 tamen
898 1068 984 1095 non
1029 1053 1171 1095 minus
1215 1053 1267 1096 de
1303 1053 1367 1095 in-

0 1112 325 1174 acorporalitate
375 1113 465 1154 eius
516 1126 644 1167 quam
696 1112 747 1154 de
790 1113 1102 1155 inmortalitate
1141 1112 1366 1155 sententia.

18 1185 133 1214 nunc
164 1171 404 1226 uideamus,
442 1185 550 1226 quae
582 1172 670 1213 sint
699 1171 804 1214 haec
836 1172 918 1214 duo
950 1171 1146 1226 nomina,
1183 1186 1364 1227 quorum
1379 1172 1434 1215 21

17 1230 182 1286 pariter
212 1230 428 1284 meminit,
466 1245 563 1273 cum
594 1230 696 1272 dicit
734 1245 860 1285 quae
899 1230 1069 1273 sidera
1101 1233 1151 1273 et
1182 1231 1365 1273 stellas

18 1289 234 1332 uocatis.
300 1303 437 1344 neque
481 1288 595 1331 enim
631 1289 703 1332 hic
740 1304 808 1332 res
844 1304 930 1331 una
967 1290 1141 1345 gemina
1179 1290 1367 1345 appella-

2 1347 137 1391 .tione
187 1349 455 1390 monstratur
498 1350 546 1390 ut
595 1348 734 1390 ensis
782 1350 831 1390 et
873 1348 1098 1404 gladius,
1147 1349 1222 1390 sed
1267 1352 1368 1391 sunt

3 1407 209 1450 stellae
255 1406 427 1462 quidem
467 1407 724 1462 singulares,
766 1409 814 1449 ut
852 1408 1059 1450 erraticae
1098 1407 1285 1463 quinque
1322 1410 1367 1450 et

6 1467 198 1520 ceterae,
222 1480 330 1521 quae
355 1480 442 1508 non
471 1465 687 1508 admixtae
712 1466 806 1508 aliis
828 1467 943 1508 solae
963 1467 1170 1520 feruntur,
1197 1466 1367 1509 sidera

6 1533 135 1580 uer0,
165 1538 274 1580 quae
306 1525 353 1566 in
386 1525 558 1580 aliquod
589 1525 762 1580 signum
794 1525 1020 1567 stellarum
1052 1525 1242 1581 plurium
1268 1539 1366 1568 con-

8 1578 11 1641 ]
50 1583 234 1626 ositione
284 1583 543 1639 formantur,
597 1587 647 1626 ut
695 1583 821 1626 Aries
871 1584 1038 1627 Taurus
1089 1583 1367 1627 Andromeda

10 1672 14 1701 :
56 1656 201 1684 erseus
242 1643 307 1684 uel
341 1641 528 1697 Corona,
566 1646 609 1684 et
639 1657 928 1698 quaecumque
960 1644 1174 1686 uariarum
1206 1657 1366 1699 genera

12 1714 253 1756 pormarum
289 1701 333 1743 in
372 1702 536 1745 caelum
572 1704 744 1757 recepta
782 1702 1022 1745 creduntur.
1085 1702 1145 1744 sic
1177 1705 1220 1744 et
1252 1703 1364 1757 apud

12 1759 16 1797 ‘i
58 1774 206 1803 raecos
237 1759 375 1817 ἀστήρ
407 1763 449 1802 et
480 1761 644 1814 ἄστρον
670 1761 839 1803 diuersa
864 1762 1127 1817 significant,
1158 1764 1202 1804 et
1227 1760 1363 1817 ἀστήρ

14 1819 143 1861 tella
180 1833 266 1862 una
303 1823 386 1874 est,
423 1820 588 1876 ἄστρον
626 1820 798 1876 signum
830 1821 968 1862 stellis
1002 1823 1214 1874 coactum,
1250 1820 1364 1876 quod

16 1886 97 1920 'wos
134 1877 251 1920 sidus
288 1893 504 1921 uocamus.
567 1893 664 1921 cum
699 1893 802 1921 uero
841 1879 988 1922 stellas
1031 1880 1275 1935 globosas
1314 1882 1363 1922 et
1377 1880 1433 1923 22

18 1937 265 1981 otundas
312 1937 445 1992 dicat,
486 1952 575 1980 non
618 1937 902 1994 singularium
946 1942 1118 1981 tantum
1159 1938 1363 1993 exprimit

18 1997 32 2058 ξ
53 1995 221 2050 eciem,
255 1996 328 2038 sed
360 1998 403 2038 et
434 2010 599 2048 earum,
630 2011 737 2052 quae
768 1997 814 2039 in
847 1997 973 2053 signa
1003 1997 1229 2040 formanda
1259 2012 1361 2040 con—

156 2111 289 2156 platon
314 2111 351 2146 P
457 2115 478 2147 3
505 2087 727 2149 endeh¹c¹1am
752 2113 790 2149 Ρ
893 2117 915 2148 4
939 2113 1139 2159 phylolaus
1157 2124 1364 2150 armoniam

24 2157 244 2203 3·ss‘1don1us
262 2158 300 2194 P
370 2162 390 2194 9
416 2158 580 2194 athomis
600 2159 638 2195 P
707 2163 750 2195 13
776 2160 1013 2206 parmenides
1020 2171 1044 2197 *
1072 2162 1109 2195 P
1182 2163 1229 2196 14
1251 2171 1364 2196 xeno-

159 2205 197 2240 P
268 2209 311 2241 16
336 2206 623 2252 mcorpoahtate
643 2204 691 2243 P'
761 2211 806 2244 20
831 2207 1008 2244 uocatis*
1028 2209 1119 2254 (uid.
1138 2208 1257 2251 fuisse
1275 2208 1309 2253 e)
1330 2208 1367 2243 P

26 2275 51 2308 '‘.
62 2252 292 2335 ¹332}pr
337 2252 595 2347 3128s1aguefag1
615 2253 804 2338 1³1..l'l·.ron3{³
879 2255 975 2291 alter
998 2255 1071 2338 P¹²
1095 2257 1156 2339 ἐς)
1182 2254 1306 2292 astron
1331 2255 1368 2290 P

436 2313 458 2336 n
821 2313 1054 2339 conueneran
