1526 2444
178 64 261 106 628
474 63 623 100 ΟΟΜΜ.
647 63 698 98 IN
725 64 865 101 SOMN.
891 64 1003 100 SCIP.
1028 65 1154 100 LIBRI
1172 65 1205 100 II

178 171 291 212 enim
336 170 431 212 ideo
469 172 534 211 est
569 170 790 211 inmortale
828 170 945 224 quid,
987 170 1084 224 quia
1119 184 1194 224 per
1231 184 1275 212 se
1310 184 1397 213 non
1434 172 1526 213 est÷

179 243 311 283 capax
342 228 512 281 mortis,
544 230 617 268 aut
648 228 745 281 quia
775 227 1072 282 procuratione
1104 228 1277 270 alterius
1310 242 1334 269 a
1363 230 1526 282 morte}

178 285 426 327 defenditur.
488 299 538 325 ex
567 284 634 326 his
665 285 781 338 prior
811 285 960 326 modus
991 285 1043 327 ad
1074 285 1260 338 animae,
1293 285 1526 339 secundusss

178 343 231 384 ad
267 342 412 383 mundi
449 341 802 384 inmortalitatem
837 342 1028 384 refertur.
1087 343 1162 384 illa
1198 343 1309 384 enim
1351 345 1498 398 suapte

179 402 333 441 natura
370 414 393 441 a
431 399 676 441 condicione
713 400 863 441 mortis
901 400 1037 441 aliena
1068 403 1148 454 est,
1185 400 1364 442 mundus
1395 414 1495 442 uero

181 457 346 498 animae
382 457 586 499 beneficio
623 457 667 498 in
704 457 807 556 hacu
820 458 933 523 uitae
970 433 1251 556 perpetuitate
1281 458 1499 500 retinetur.

180 572 334 614 dicitur
371 575 414 614 et
450 573 500 614 de
538 586 605 627 eo,
642 530 807 626 quodu
792 587 842 613 ex
879 587 960 626 quo
998 575 1063 614 est
1101 586 1265 627 semper
1295 575 1500 627 mouetur,

181 633 224 672 et
255 630 304 671 de
335 644 384 671 eo
417 630 527 684 quod
559 644 725 684 semper
756 632 799 671 et
829 632 894 672 est
924 633 966 672 et
989 632 1194 685 mouetur,
1225 632 1266 671 et
1292 630 1498 672 secundus
1524 632 1526 634 ’

140 688 331 730 emodus
362 690 438 742 est,
469 702 550 741 quo
582 687 766 729 animam
798 688 974 729 dicimus
1006 702 1170 741 semper
1196 688 1368 730 moueri.
1427 688 1526 730 hisi

181 746 427 799 praemissis
471 746 555 786 iam
598 745 751 799 quibus
795 745 1057 800 syllogismis
1101 745 1149 786 de
1190 744 1504 787 inmortalitate

181 804 348 844 animae
395 803 551 844 diuersi
600 806 830 844 sectatores
880 802 1071 844 Platonis
1117 803 1359 844 ratiocinati
1403 805 1502 844 sunt

182 863 352 915 oportet
389 860 556 914 aperiri.
618 862 717 901 sunt
748 861 876 914 enim,
908 861 980 914 qui
1009 874 1085 915 per
1115 860 1270 914 gradus
1303 860 1501 914 syllogis-

181 932 346 959 morum
384 918 436 958 ad
472 932 602 958 unum
639 918 767 959 finem
804 918 1069 972 probationis
1107 917 1307 972 euadunt,
1343 920 1500 958 certam

130 994 142 1007 x
183 975 267 1016 sibi
318 974 653 1029 propositionem
709 975 922 1028 sequentis
975 990 1024 1016 ex
1073 975 1358 1016 antecedentis
1407 989 1500 1016 con-

117 1034 171 1075 10
185 1032 372 1074 clusione
408 1032 620 1073 facientes.
689 1033 800 1086 apud
837 1046 943 1086 quos
979 1033 1048 1073 hic
1083 1032 1199 1086 prior
1235 1034 1299 1073 est
1337 1032 1503 1073 anima

186 1105 241 1131 ex
272 1105 321 1131 se
350 1092 596 1143 mouetur,
627 1090 864 1144 quicquid
895 1091 1058 1131 autem
1089 1104 1144 1130 ex
1175 1103 1225 1130 se
1256 1091 1526 1143 mouetur,

183 1162 378 1203 semper
402 1150 646 1200 mouetur,
671 1148 831 1201 igitur
857 1148 1023 1188 anima
1049 1161 1242 1202 semper
1263 1149 1503 1188 mouetur.

185 1205 391 1247 secundus
441 1205 521 1259 ita,
570 1205 640 1259 qui
683 1205 870 1246 nascitur
913 1219 963 1246 ex
1005 1204 1157 1260 prioris
1198 1205 1299 1258 fine,
1342 1204 1505 1246 anima

186 1277 382 1317 semper
412 1265 658 1317 mouetur,
690 1262 818 1316 quod
850 1265 1013 1303 autem
1039 1276 1235 1316 semper
1259 1264 1526 1316 mouetur‚¹

185 1321 455 1361 inmortale
487 1323 580 1372 est,
617 1320 776 1374 igitur
807 1321 970 1361 anima
1003 1319 1290 1361 inmortalis
1323 1323 1408 1361 est.
1463 1322 1505 1362 et

185 1379 247 1419 ita
278 1378 321 1419 in
353 1378 516 1419 duobus
547 1377 807 1432 syllogismis
839 1378 944 1419 duae
975 1391 1042 1419 res
1077 1377 1330 1431 probantur,
1366 1377 1410 1418 id
1441 1379 1505 1419 est

188 1438 230 1477 et
266 1449 431 1489 semper
466 1436 629 1477 moueri
665 1435 867 1490 animam,
903 1438 951 1476 ut
983 1435 1028 1476 in
1057 1435 1214 1489 priore,
1251 1436 1293 1476 et
1323 1449 1412 1476 esse
1442 1435 1505 1476 in·

121 1495 171 1535 11
187 1493 430 1547 mortalem,
467 1495 514 1534 ut
551 1493 766 1547 colligitur
801 1493 850 1534 de
882 1492 1074 1534 secundo.
1137 1493 1210 1534 alii
1241 1506 1341 1534 uero
1373 1506 1505 1546 usque

188 1551 240 1592 ad
265 1551 439 1592 tertium
458 1551 635 1605 gradum
655 1551 715 1592 ita
735 1550 1068 1603 argumentando
1086 1550 1321 1604 procedunt
1342 1550 1505 1591 anima
1522 1563 1526 1604 ς

188 1623 245 1650 ex
293 1623 342 1650 se
390 1611 636 1661 mouetur,
686 1609 813 1662 quod
865 1610 1030 1650 autem
1073 1622 1129 1649 ex
1171 1622 1220 1649 se
1262 1609 1526 1662 ιιιοιιθ13ιιι·,Ξ

187 1666 494 1720 principium
518 1668 680 1707 motus
707 1667 799 1720 est,
822 1666 982 1720 igitur
1007 1666 1168 1707 anima
1192 1665 1526 1719 principium?

187 1726 353 1766 motus
386 1726 473 1766 est.
533 1738 677 1764 rursus
709 1737 759 1764 ex
789 1723 868 1765 hac
899 1723 1165 1764 conclusione
1195 1722 1384 1764 nascitur
1412 1736 1526 1777 pro--

189 1781 345 1834 positio
372 1782 538 1823 anima
562 1781 871 1835 principium
893 1783 1056 1822 motus
1076 1782 1171 1835 est,
1195 1779 1320 1834 quod
1342 1782 1507 1822 autem

189 1839 494 1892 principium
537 1842 701 1880 motus
738 1841 831 1892 est,
872 1841 1043 1879 natum
1079 1852 1176 1879 non
1213 1841 1306 1888 est,
1347 1837 1526 1892 igitur1

191 1897 359 1937 anima
387 1900 507 1938 nata
537 1910 635 1937 non
666 1898 750 1937 est.
799 1896 926 1938 tertio
950 1896 1044 1937 loco
1076 1895 1241 1937 anima
1270 1897 1387 1936 nata
1409 1909 1507 1936 non

193 1955 291 2006 est,
327 1954 454 2007 quod
490 1956 662 1995 natum
691 1967 789 1995 non
820 1955 896 1995 est
925 1952 1192 1995 inmortale
1224 1954 1317 2007 est,
1347 1952 1506 2008 igitur

285 2069 303 2099 1
329 2066 535 2101 immortale
566 2067 602 2102 Β
722 2069 745 2100 4
774 2066 1050 2101 immortalitate
1078 2066 1149 2101 ΡΒ
1266 2066 1329 2101 sua
1353 2066 1438 2110 apte
1467 2068 1509 2101 ut

190 2113 266 2147 uid.
291 2112 342 2147 P‘
414 2116 455 2147 11
482 2112 732 2157 syllogisljimis
751 2113 794 2156 P,
819 2111 1011 2157 silogifmis
1029 2112 1065 2146 Β
1134 2111 1410 2147 immortalitate
1437 2111 1526 2146 PB·

193 2162 235 2193 13
262 2168 362 2204 apire
387 2160 423 2193 Β
529 2158 799 2203 rylogismorum
824 2159 860 2192 B
965 2162 1009 2193 21
1035 2158 1241 2193 immortale
1267 2158 1338 2193 ΡΒ
1440 2169 1526 2202 im-g

190 2204 360 2239 mortalis
379 2205 447 2239 ΡΒ
537 2209 580 2239 22
605 2204 805 2249 fylogismis
823 2205 860 2239 B
949 2205 1008 2251 die
1032 2202 1081 2239 P'
1163 2207 1206 2238 23
1231 2203 1448 2249 imlmortale
1471 2203 1526 2238 B·

192 2253 237 2285 25
260 2250 428 2299 cpcedunt
452 2263 516 2287 om.
545 2249 594 2285 P'
668 2254 712 2287 28
735 2250 947 2297 εξηροΓι13ιοιιῷ
972 2252 1009 2286 P
1077 2254 1121 2294 32
1146 2250 1352 2286 immortale
1377 2250 1447 2285 ΡΒ
1522 2259 1526 2298 3
