1526 2444
579 74 683 110 XVII
705 76 842 110 17-23
1326 70 1381 113 91

304 184 360 226 σύ
391 181 428 226 τ’
467 180 500 226 ὦ
531 184 610 226 τὸν
641 179 708 225 ἀεὶ
739 183 879 225 πόλον
911 179 1124 237 οὐράνιον

303 247 532 314 λαμπραῖς
553 237 692 284 ἀκτῖσ’
714 240 836 284 ’Ἁλιε
868 240 1047 296 βάλλων

302 301 478 358 πέμψον
510 299 724 356 ἑκαβόλον
734 300 935 375 ἐχθροῖς
965 298 1094 354 βέλος

303 367 382 412 σᾶς
414 360 498 404 ἀπὸ
531 361 693 417 νεύρας
724 356 757 402 ὦ
790 360 829 402 ἵε
851 359 1022 401 Παιάν.

0 444 210 493 seundem
250 444 375 487 deum
418 445 714 499 praestantem
753 442 998 485 salubribus
1037 440 1176 484 causis
1217 439 1383 482 Οὕλιον
1397 439 1452 480 21

31 504 265 560 appellant,
301 503 347 545 id
389 506 456 545 est
488 502 688 545 sanitatis
721 504 957 553 auctorem,
994 503 1043 543 ut
1075 500 1136 542 ait
1165 498 1383 542 Homerus

403 582 512 628 οὖλέ
539 601 584 627 τε
615 583 689 627 καὶ
720 584 836 640 μάλα
865 591 1002 640 χαῖρε.

27 668 340 712 MAEANDRIVS
374 667 524 711 scribit
549 666 784 710 Milesios
810 664 1055 708 Ἀπόλλωνι
1089 662 1262 707 Οὐλίω
1287 678 1383 719 pro

31 728 196 771 salute
228 743 317 770 sua
346 726 623 769 immolare.
683 725 990 768 PHEREOYDES
1022 724 1154 766 refert
1185 708 1383 765 Thesea

0 802 138 834 ocum
188 787 239 829 in
289 786 493 829 Cretam
549 785 607 827 ad
662 784 1037 827 Minotaurum
1092 783 1383 836 duceretur,

31 847 236 889 uouisse
274 860 362 900 pro
400 845 566 887 salute
605 846 757 899 atque
800 844 971 886 reditu
1015 857 1104 885 suo
1138 838 1383 884 Ἀπόλλωνι

32 903 178 947 Οὐλίω
216 903 288 947 καὶ
316 902 542 972 ’Ἀρτέμιδι
583 900 735 960 Οὐλίᾳ.
802 917 880 944 nec
922 902 1098 957 mirum,
1142 901 1179 944 si
1220 899 1383 957 gemini
1397 897 1455 940 22

28 948 203 1006 effeetus
236 963 367 1006 uariis
398 962 645 1005 nominibus
679 962 972 1017 celebrantur,
997 976 1103 1004 cum
1137 961 1244 1003 alios
1278 974 1382 1015 quo-

29 1037 111 1078 que
148 1023 249 1065 deos
285 1037 336 1065 ex
367 1022 581 1065 contrario
613 1022 657 1063 in
689 1021 839 1063 eadem
870 1036 916 1063 re
948 1020 1109 1077 duplici
1141 1020 1307 1062 censeri
1340 1021 1383 1061 et

0 1084 243 1155 spotestate
274 1082 536 1136 accipiamus
569 1082 613 1123 et
644 1081 834 1136 nomine,
872 1083 921 1122 ut
952 1079 1222 1135 Neptunum,
1254 1091 1382 1134 quem

31 1141 139 1183 alias
178 1138 509 1197 Ἐνοσίχθονα,
543 1139 587 1182 id
637 1143 704 1182 est
746 1142 907 1182 terram
952 1141 1221 1194 mouentem,
1271 1137 1381 1180 alias

26 1195 324 1255 Ἀσφαλίωνα,
360 1200 404 1241 id
442 1202 508 1242 est
544 1199 855 1250 stabilientem,
893 1201 1066 1241 uocant.
1126 1197 1230 1239 item
1268 1195 1381 1238 Mer-

30 1260 172 1301 curius
203 1259 427 1301 hominum
459 1260 624 1301 mentes
656 1259 726 1300 uel
753 1259 900 1300 oculos
927 1261 971 1301 et
997 1257 1158 1300 excitat
1183 1259 1226 1298 et
1253 1255 1381 1311 sopit,

30 1319 79 1359 ut
110 1318 172 1359 ait
201 1320 330 1373 poeta

0 1418 14 1445 o
150 1400 288 1442 εἵλετο
322 1397 370 1442 δὲ
402 1399 587 1456 ῥάβδον,
617 1397 709 1455 τῇτ’
745 1398 922 1454 ἀνδρῶν
954 1399 1125 1454 ὄμματα
1156 1396 1322 1452 θέλγει.

30 1481 142 1524 unde
185 1484 229 1524 et
267 1482 516 1537 Apollinem
561 1482 604 1524 id
649 1483 714 1524 est
751 1481 908 1535 solem,
950 1481 1079 1523 modo
1125 1481 1380 1536 sospitatem
1394 1477 1452 1519 23

32 1541 160 1583 modo
196 1544 362 1596 pestem
400 1541 743 1597 significantibus
776 1540 1103 1596 cognominibus
1137 1539 1380 1595 adoramus,

126 1671 143 1702 1
170 1667 294 1714 Bergk
318 1669 454 1713 poetae
473 1667 541 1713 lyr.
563 1669 618 1704 ed.
640 1672 665 1703 4
681 1680 717 1714 p.
738 1672 807 1704 624
858 1672 877 1704 7
899 1667 965 1703 Od.
987 1679 1017 1703 uu
1037 1671 1104 1703 402
1156 1671 1201 1702 20
1215 1667 1247 1702 Il
1262 1669 1291 1703 Ω
1307 1670 1381 1702 343

126 1790 144 1821 1
171 1788 206 1822 (Ι
233 1787 280 1828 Β,
305 1787 436 1822 deinde
460 1787 516 1823 ΤΕ
541 1787 622 1822 BP
692 1787 975 1822 ΓΟΝΕΙΠΟΔΟΝ
997 1785 1034 1820 Ρ
1101 1786 1234 1831 πόλον]
1255 1786 1323 1821 ΠΟ
1344 1785 1380 1820 Β

31 1837 115 1871 ante
133 1835 359 1870 ΟΥΡΑΝΙΟΝ
380 1835 496 1870 deleta
515 1836 542 1869 Α
561 1835 603 1870 in
622 1835 659 1869 Β
731 1838 752 1869 2
773 1833 1017 1880 ΛΔΜΠΡΔΗ(
1037 1834 1080 1877 Ρ,
1100 1833 1326 1868 ΛΑΜΤΡΛΙ(
1345 1832 1383 1867 Β

18 1881 156 1938 ‘cume
179 1881 229 1916 P:
256 1882 422 1917 ΔΚΤΙΕΙΝ
449 1882 486 1917 Β
559 1881 673 1928 Ἅλιε]
701 1882 836 1917 ΙΝΕΑΙΕ
865 1881 912 1926 P,
938 1882 1007 1917 ΗΛΙ
1033 1881 1070 1916 Β
1146 1881 1324 1916 ΒΑΛΛΟΝ
1346 1879 1383 1914 Β

31 1967 54 2000 3
80 1965 220 2000 ΒΕΔΟ(
245 1964 282 1999 Ρ
368 1967 391 1998 4
417 1965 563 2000 ΝΕΥΡΑ
588 1965 635 2008 Β,
661 1965 798 2000 deinde
823 1964 1031 1999 ωΕΠΔΙΑΝ
1058 1963 1094 1998 Β
1180 1966 1200 1998 5
1228 1939 1381 1999 &Klots

30 2012 152 2057 (prior
178 2011 203 2046 Ε
228 2012 270 2047 in
293 2022 380 2054 rae„
407 2012 414 2046 Ι
440 2012 607 2057 inducta)
627 2011 663 2046 Β
738 2016 756 2047 7
779 2012 827 2047 ΓΕ
845 2011 882 2046 Ρ
953 2014 974 2045 8
998 2010 1168 2046 meandri
1186 2010 1235 2054 B,
1254 2021 1384 2045 mean-

15 2057 134 2100 dnus
154 2059 196 2103 P,
228 2038 434 2094 Leandrius
459 2059 669 2103 Meursius,
697 2058 935 2094 Maeandrius
961 2059 1109 2094 Keilius
1133 2059 1238 2094 wind.
1265 2068 1382 2094 onom

23 2114 66 2152 p.
86 2109 110 2142 9
158 2105 321 2142 mehl'ios
335 2104 380 2140 P‘
441 2107 587 2142 ΟΥΛΙΟΙ
611 2107 617 2151 Ι
641 2107 678 2141 Ρ
730 2110 750 2141 9
772 2106 1044 2142 ΦΕΡΕΚΥΔΗΕ
1056 2105 1139 2140 ΒΡ
1184 2108 1226 2140 11
1241 2105 1383 2141 nouisse

22 2176 69 2213 -B
153 2181 196 2213 12
223 2177 411 2213 ΟΟΥΛΙΕΟΙ
438 2177 475 2212 Β
556 2178 965 2213 ΡΑΡΤΕΜΙΔΙΟΥΑΙΑΓ.
988 2177 994 2221 Ι
1016 2177 1053 2212 P
1124 2179 1168 2212 15
1194 2176 1225 2211 ὣ
1249 2177 1381 2221 neptu—

12 2233 120 2259 ·num
145 2225 183 2260 Β
255 2227 299 2260 16
324 2224 464 2259 terram
489 2245 533 2251 —
561 2229 603 2260 17
629 2225 670 2260 id
695 2224 750 2260 est
773 2236 840 2261 om.
866 2225 903 2259 B
978 2228 1021 2259 18
1046 2223 1109 2259 uel
1134 2234 1201 2259 om.
1227 2224 1264 2258 B
1338 2227 1383 2258 20

32 2271 158 2307 ΕΙΑΤΟ
195 2271 232 2306 Ρ
362 2272 475 2308 ΘΕΤ
494 2273 548 2317 Β,
592 2273 722 2308 deinde
758 2271 958 2320 ΑΝῙΔΡΟΝ
1003 2271 1057 2314 Β,
1110 2271 1300 2306 ΛΝΔΡΕΟΝ
1349 2270 1387 2304 Ρ

31 2311 204 2354 ΤΕΛΓΕῙ-
230 2319 276 2363 Ρ,
307 2319 427 2355 ΕΛΚΕΙ
453 2319 501 2366 (Κ
531 2321 574 2356 in
598 2320 689 2366 ras.)
712 2320 748 2354 Β
845 2323 889 2355 21
917 2318 947 2354 Sv
971 2298 1176 2364 apollinem
1200 2319 1310 2354 iterat
1333 2318 1371 2353 B
