1526 2444
135 75 221 117 446
631 75 731 127 sAT,
754 75 883 111 LIBRI
908 75 975 110 vn

71 181 124 223 13
138 182 352 223 eunuchus
383 182 600 236 loquatur,
637 181 721 223 nisi
751 181 909 234 uideas,
938 181 1157 236 ignores?'
1218 181 1259 223 id
1292 195 1455 236 quoque

135 239 272 281 facere
318 239 517 293 superflui
552 239 741 281 humoris
780 239 1083 281 abundantiam
1119 240 1191 281 ille
1228 239 1455 292 respondit.

135 296 249 351 ‘ipse
280 297 392 338 enim
424 296 654 352 ἀρτηρίαν,
685 311 760 351 per
791 311 918 351 quam
950 311 1076 338 sonus
1107 297 1226 339 uocis
1258 297 1455 351 ascendit,

137 354 323 396 efficiens
362 355 613 398 crassiorem
650 357 850 409 angustat
886 356 1001 396 uocis
1038 358 1242 408 meatum,
1283 356 1325 396 et
1360 354 1454 396 ideo

135 413 204 453 uel
241 412 409 454 feminis
446 413 515 454 uel
551 413 752 454 eunuchis
784 427 866 454 uox
898 415 1020 454 acuta
1051 416 1132 467 est,
1168 413 1271 453 uiris
1298 413 1454 466 grauis,

136 470 288 524 quibus
331 471 448 512 uocis
491 471 696 512 transitus
736 470 869 512 habet
906 470 1086 511 liberum
1124 473 1166 511 et
1202 485 1253 511 ex
1289 470 1454 523 integro

69 528 122 569 14
134 530 352 582 patentem
395 531 593 570 meatum.
662 528 780 569 nasci
823 530 964 569 autem
1007 528 1052 569 in
1095 528 1295 569 eunuchis
1333 530 1376 568 et
1411 527 1456 568 in

134 586 304 628 feminis
330 601 380 628 ex
405 586 499 640 pari
521 586 679 641 frigore
699 600 844 640 parem
863 599 997 640 paene
1016 585 1249 639 importuni
1268 585 1455 627 humoris

135 644 439 686 abundantiam
465 644 594 686 etiam
620 644 720 685 hinc
744 645 887 698 liquet,
921 643 1032 697 quod
1058 646 1279 697 utrumque
1304 657 1455 697 corpus

135 715 260 755 saepe
290 702 549 756 pinguescit,
586 705 699 743 certe
736 702 867 743 ubera
903 715 1034 755 prope
1065 701 1259 743 similiter
1289 701 1454 754 utrique

135 759 446 814 grandescunt?

64 839 125 882 XI
250 840 331 882 His
368 840 490 883 dictis
528 854 622 882 cum
659 840 712 882 ad
748 839 1096 894 interrogandum
1131 839 1232 881 ordo
1265 837 1457 880 Seruium

134 898 220 939 iam
263 901 452 953 uocaret,
492 899 678 940 naturali
720 912 890 952 pressus
928 897 999 938 ille
1036 897 1288 938 uerecundia
1324 910 1455 950 usque

94 956 187 998 2ad
236 956 519 1010 proditionem
575 956 729 998 coloris
774 955 950 996 erubuit.
1020 957 1062 996 et
1103 954 1298 996 Disarius
1342 953 1456 1008 ‘age,

135 1013 272 1068 Serui,
313 1028 400 1055 non
444 1014 582 1056 solum
620 1013 968 1066 adulescentium,
1018 1013 1091 1066 qui
1131 1013 1211 1053 tibi
1254 1012 1455 1066 aequaeui
1492 1027 1505 1043 =

134 1074 253 1126 sunt,
296 1073 368 1114 sed
412 1086 557 1113 senum
601 1085 765 1126 quoque
810 1071 998 1113 omnium
1042 1069 1303 1121 doctissime,
1347 1083 1456 1111 com-

133 1130 323 1171 mascula
352 1130 553 1184 frontem,
591 1132 634 1170 et
665 1130 926 1183 sequestrata.
956 1127 1224 1180 uerecundia,
1256 1141 1382 1181 quam
1413 1127 1457 1168 in

132 1190 174 1228 te
205 1187 333 1229 facies
365 1188 518 1229 rubore
543 1187 715 1240 indicat,
748 1186 891 1228 confer
922 1185 1144 1226 nobiscum
1170 1185 1312 1239 libere,
1344 1184 1455 1239 quod
1508 1191 1512 1194 ’

135 1246 373 1299 occurrerit,
402 1245 812 1299 interrogationibus
843 1244 928 1285 tuis
957 1258 1046 1285 non
1076 1243 1214 1284 minus
1240 1243 1454 1284 doctrinae

134 1303 387 1357 collaturus,
431 1318 556 1357 quam
602 1303 638 1344 si
679 1302 774 1344 aliis
813 1301 1126 1343 consulentibus
1162 1301 1253 1354 ipse
1288 1314 1456 1354 respon—

94 1360 259 1403 3deas.’
329 1375 506 1415 cumque
550 1360 708 1402 diutule
751 1362 960 1401 tacentem
1005 1359 1164 1400 crebris
1201 1358 1274 1399 ille
1311 1358 1457 1399 exhor-

134 1419 369 1460 tationibus
396 1419 610 1469 excitaret,
637 1417 759 1460 ‘hoc'
784 1417 924 1472 inquit
944 1415 1116 1458 Seruius
1137 1415 1209 1457 eex
1227 1418 1269 1457 te
1289 1429 1458 1470 quaero,

135 1477 246 1531 quod
290 1476 396 1517 mihi
433 1477 662 1531 contigisse
711 1475 872 1529 dixisti,
916 1489 1021 1529 quae
1057 1474 1187 1516 faciat
1223 1488 1367 1528 causa,
1409 1476 1457 1514 ut

91 1535 262 1576 4rub0r
304 1535 471 1589 corpori
515 1549 566 1576 ex
609 1534 739 1575 animi
782 1533 941 1588 pudore
983 1530 1232 1574 nascatur?'
1299 1533 1341 1572 et
1385 1531 1456 1572 ille

133 1591 328 1634 ‘natura’
366 1592 506 1646 inquit
542 1591 762 1646 ‘cumquid
797 1591 836 1631 ei
873 1590 1055 1632 occurrit
1085 1589 1264 1632 honesto
1295 1588 1453 1643 pudore

133 1650 320 1705 dignum,
350 1650 483 1691 imum
514 1650 695 1704 petendo
723 1651 919 1703 penetrat
944 1648 1204 1702 sanguinem,
1236 1661 1318 1702 quo
1343 1660 1454 1688 com-

130 1710 246 1750 moto
285 1710 411 1762 atque
448 1708 599 1750 diffuso
637 1707 746 1749 cutis
782 1706 1010 1761 tinguitur,
1055 1707 1097 1746 et
1133 1705 1232 1746 inde
1267 1705 1455 1746 nascitur

91 1766 272 1809 5rub0r.
345 1765 490 1807 dicunt
539 1766 669 1807 etiam
713 1764 898 1819 physici,
947 1763 1058 1818 quod
1100 1765 1255 1804 natura
1295 1762 1454 1817 pudore

131 1826 248 1865 tacta
289 1824 351 1864 ita
394 1824 646 1878 sanguinem
690 1825 788 1864 ante
825 1835 868 1863 se
906 1836 983 1875 pro
1020 1821 1260 1862 uelamento
1297 1820 1454 1873 tendat,

130 1883 178 1922 ut
213 1881 405 1922 uidemus
443 1895 649 1935 quemque
687 1881 1000 1922 erubescentem
1038 1893 1212 1920 manum
1244 1878 1325 1919 sibi
1357 1879 1453 1919 ante

130 1938 282 1980 faciem
331 1938 571 1992 frequenter
619 1951 842 1993 opponere.
920 1951 997 1978 nec
1047 1937 1238 1978 dubitare
1288 1936 1338 1976 de
1386 1935 1452 1976 his

130 1996 303 2050 poteriS,
329 2010 423 2037 cum
449 1997 558 2037 nihil
584 1997 695 2037 aliud
723 1996 777 2037 sit
801 1995 932 2036 rubor
955 1995 1038 2035 nisi
1065 1994 1181 2035 color
1207 1991 1451 2048 sanguinis?

224 2137 244 2167 2
276 2136 308 2168 ec
339 2136 359 2166 9
390 2132 642 2168 habundanna
673 2132 709 2167 P
824 2136 843 2166 3
869 2108 1077 2166 ΑΡΓΗΡΙΑ”Ν
1107 2129 1143 2163 Ρ
1261 2132 1303 2163 15
1329 2129 1451 2164 adole-

129 2179 246 2214 sentn'i
283 2190 372 2214 corr.
410 2180 451 2215 in
489 2178 734 2213 adolescentifi
771 2178 812 2212 in
842 2177 879 2211 P
1019 2181 1061 2212 16
1094 2186 1238 2220 quoque
1274 2187 1338 2211 om.
1372 2176 1409 2210 P

130 2225 345 2271 colmascula
372 2226 408 2260 P
524 2228 568 2260 26
593 2224 805 2268 sangumem
836 2235 901 2259 om.
936 2223 971 2257 P
1088 2223 1231 2257 comoto
1257 2222 1294 2257 P
1406 2224 1450 2257 28
1476 2222 1479 2223 ⁷

128 2272 259 2318 phisici
284 2272 319 2306 P
