1526 2444
127 56 212 98 136
635 55 732 92 SAT.
759 55 887 91 LIBRI
912 55 946 91 11

130 164 323 206 iacientis
368 163 420 204 ad
463 162 666 217 pudorem
710 177 758 204 ac
795 162 1046 205 modestiam
1088 177 1235 206 uersus
1277 164 1471 209 imitata.
1471 163 1495 207 ⁴.

63 222 118 263 10
131 223 236 264 haec
271 235 339 263 res
377 223 420 262 et
457 235 556 263 cura
593 223 635 262 et
671 221 811 263 studio
849 221 977 276 digna
1010 222 1225 263 ueteribus
1256 222 1351 264 uisa
1381 225 1499 267 est..

132 283 175 322 et
197 281 284 322 iam
307 279 492 333 primum
512 278 805 321 animaduerto
826 279 943 333 duos,
962 293 1067 333 quos
1087 280 1454 334 eloquentissimos
1493 327 1494 330 Ἴ

131 340 308 391 antiqua
344 339 459 378 aetas
497 337 614 387 tulit,
651 337 855 379 comicum
892 337 1127 379 Plautum
1170 340 1212 378 et
1248 340 1456 380 oratorem

133 395 373 449 Tullium,
409 409 480 436 eos
518 395 666 436 ambos
709 395 836 436 etiam
874 395 927 436 ad
964 395 1153 437 iocorum
1189 398 1455 438 uenustatem
1495 405 1499 412 ”

63 453 116 493 11
134 453 286 496 ceteris
316 453 595 507 praestitisse.
643 452 818 494 Plautus
845 452 1014 507 quidem
1040 467 1089 494 ea
1119 467 1164 494 16
1195 454 1332 495 clarus
1363 453 1455 506 fuit,
1509 488 1516 494 ..

132 515 180 554 1111
218 515 316 566 post
352 513 533 553 mortem
571 510 660 551 eius
699 510 956 565 comoediae,
994 525 1100 566 quae
1136 512 1322 552 incertae
1352 511 1458 553 fere-

132 571 300 623 bantur,
331 568 557 610 Plautinae
587 570 730 610 tamen
759 582 851 610 esse
877 568 927 609 de
952 569 1140 610 iocorum
1167 569 1288 624 copia
1312 583 1457 611 nosce-
1503 606 1506 608 .

64 626 117 666 12
131 631 288 670 rentur.
337 625 484 668 Cicero
512 629 653 668 autem
685 628 890 680 quantum
920 626 966 667 in
997 640 1047 667 ea
1077 641 1121 668 re
1152 627 1335 668 ualuerit
1365 626 1457 681 quis

132 688 321 741 ignorat,
358 685 429 738 qui
464 685 532 726 uel
568 684 712 726 liberti
750 685 838 726 eius
877 684 1011 726 libros
1043 699 1147 739 quos
1178 685 1215 726 is
1246 696 1308 726 DE
1338 696 1456 728 IOCIS
1505 728 1507 731 .

132 744 303 798 patroni
346 743 600 796 composuit,
643 756 747 796 quos
791 741 962 796 quidam
997 743 1130 795 ipsius
1166 744 1322 797 putant
1357 757 1460 796 esse,
1497 748 1522 787 ss:

133 804 274 857 legere
323 800 517 843 curauit?
590 800 684 855 quis
732 800 832 841 item
875 800 1013 842 nescit
1055 800 1320 842 consularem
1364 815 1459 842 eum
1495 814 1523 853 ᾗ

135 874 355 902 scurram
404 863 455 900 ab
503 858 687 899 inimicis
733 857 942 911 appellari
986 858 1189 899 solitum?
1263 858 1373 913 quod
1415 859 1461 900 111

66 915 120 955 13
136 918 327 960 oratione
371 917 499 958 etiam
543 930 618 957 sua
653 915 853 957 Vatinius
890 916 1043 969 posuit.
1110 917 1235 970 atque
1275 929 1373 971 ego,
1414 916 1460 958 ni
1496 928 1499 933 ’

136 977 314 1030 longum
347 977 475 1028 esset,
511 974 710 1015 referrem
740 974 785 1015 in
815 972 966 1027 quibus
997 974 1156 1026 causis,
1185 988 1279 1015 cum
1309 988 1460 1015 11οο611-
1510 974 1511 977 ’

135 1034 325 1075 tissimos
357 1046 452 1074 reos
483 1034 686 1086 tueretur,
716 1031 941 1073 uictoriam
972 1032 1074 1073 iocis
1106 1031 1283 1085 adeptus
1316 1032 1384 1086 sit,
1414 1034 1462 1074 ut

136 1106 230 1134 ecee
267 1105 344 1145 pro
377 1090 421 1132 L.
453 1089 651 1142 Flacco,
695 1103 818 1145 quem
861 1089 1189 1144 repetundarum
1226 1104 1344 1130 reum
1380 1090 1463 1132 ioci
1494 1084 1500 1091 ”

137 1149 424 1204 oportunitate
457 1148 506 1189 de
537 1147 896 1189 manifestissimis
928 1147 1178 1189 criminibus
1211 1148 1375 1189 exemit.
1424 1148 1461 1189 is
1488 1155 1494 1194 ξ

136 1209 254 1250 iocus
297 1207 342 1247 in
386 1206 576 1247 oratione
618 1220 705 1247 non
748 1207 887 1259 extat,
930 1204 1035 1246 mihi
1079 1219 1128 1246 ex
1169 1205 1280 1246 libro
1323 1205 1462 1247 Furii
1495 1239 1498 1242 .

138 1264 374 1307 Bibaculi
398 1265 523 1305 notus
550 1265 625 1318 est,
651 1265 694 1304 et
718 1263 829 1304 inter
855 1262 940 1304 alia
966 1262 1054 1304 eius
1081 1263 1193 1304 dicta
1217 1263 1461 1305 celebratur.
1494 1271 1501 1298 T

70 1323 125 1365 14
139 1323 212 1365 sed
242 1323 288 1364 in
317 1322 399 1363 hoc
424 1322 602 1363 uerbum
626 1335 714 1362 non
739 1335 839 1362 casu
863 1320 1003 1373 incidi,
1034 1321 1182 1362 uolens
1207 1320 1298 1362 feci.
1347 1321 1461 1363 iocos
1490 1330 1491 1334 ’

138 1382 252 1423 6111111
282 1380 364 1421 1100
395 1392 527 1434 genus
557 1381 722 1421 ueteres
752 1378 887 1420 nostri
918 1379 1054 1420 dicta
1085 1378 1292 1421 dicebant.
1338 1379 1461 1421 testis
1492 1405 1514 1427 :-

137 1439 249 1480 idem
270 1436 441 1479 CICERO
468 1437 540 1492 qui
563 1437 607 1478 in
632 1437 740 1478 libro
766 1447 1088 1478 EPISTVLARVM
1107 1447 1170 1477 AD
1190 1435 1464 1479 CORNELIVM
1497 1455 1501 1481 2

138 1496 367 1539 NEPOTEM
381 1506 589 1538 SECVNDO
606 1494 666 1536 sic
685 1494 746 1535 ait
763 1495 934 1549 itaque
958 1494 1124 1536 nostri
1149 1508 1256 1535 cum
1282 1495 1464 1548 omnia,
1496 1537 1498 1540 ,

139 1569 263 1610 quae
302 1553 623 1606 dixissemus,
660 1552 794 1594 dicta
831 1554 1016 1603 essent,
1053 1566 1178 1606 quae
1215 1552 1379 1594 facete
1416 1554 1499 1594 et

139 1612 367 1654 breuiter
403 1614 452 1652 et
494 1613 638 1653 acute
679 1610 839 1652 locuti
882 1624 1118 1660 essemus,
1161 1624 1217 1651 ea
1257 1611 1463 1664 proprio
1495 1663 1499 1665 Β

139 1671 340 1713 1101111116
379 1668 630 1724 appellari
661 1667 796 1709 dieta
829 1668 1110 1708 uoluerunt.
1171 1667 1275 1708 haec
1306 1667 1464 1710 Cicero.
1512 1674 1515 1676 ’

139 1729 333 1771 Nouius
375 1741 476 1768 uero
513 1725 907 1780 Pomponiusque
950 1725 1065 1767 iocos
1102 1739 1188 1768 nou
1224 1739 1320 1767 raro
1364 1725 1464 1767 dic·
1501 1726 1506 1735 ²

72 1786 127 1828 15
140 1786 270 1828 teria
299 1785 533 1826 nominant.
592 1783 787 1825 Marcus
820 1783 949 1824 etiam
981 1781 1102 1824 Cato
1134 1783 1205 1824 ille
1237 1781 1463 1825 Censorius

234 1915 279 1946 24
304 1910 434 1954 fragm.
461 1909 517 1944 ed.
545 1908 660 1944 Orelli
678 1920 712 1953 p.
740 1912 808 1944 968

235 2030 254 2060 2
281 2025 358 2060 msa
383 2025 435 2059 est
458 2025 578 2059 BmP:
603 2023 724 2069 D1gna
749 2024 801 2059 est
829 2024 864 2058 P
974 2028 994 2058 3
1020 2034 1138 2069 prlmo
1167 2023 1215 2057 P‘
1325 2023 1376 2058 du
1401 2023 1470 2058 hor
1500 2043 1503 2058 ,¹

143 2072 235 2116 quos
255 2074 293 2116 (“
317 2072 402 2107 add.
428 2072 462 2116 b)
487 2072 524 2106 B
649 2074 668 2104 7
696 2071 885 2106 00100θά16,
907 2072 912 2113 l
933 2070 978 2105 B'
1105 2080 1221 2115 aeque
1249 2073 1291 2104 ut
1314 2070 1391 2104 uid.
1416 2069 1463 2104 B'
1499 2102 1502 2104 ,

142 2123 164 2153 8
188 2119 370 2164 paulat1m
395 2128 437 2152 ae
462 2120 587 2152 tamen
610 2116 657 2151 B'
733 2121 776 2151 14
802 2127 867 2152 ora
891 2118 1002 2152 etlam
1030 2113 1078 2150 P'
1151 2116 1300 2150 uatmul'
1319 2116 1356 2150 Β
1421 2118 1464 2151 17

141 2165 240 2200 111010
266 2165 345 2200 BP
427 2167 469 2199 19
494 2164 577 2198 fufu
602 2164 649 2206 B,
674 2162 757 2198 fusn
784 2164 821 2198 P
907 2166 951 2198 20
976 2162 1138 2197 umacuh
1162 2162 1240 2196 BP
1325 2165 1370 2197 21
1389 2162 1467 2196 indi

142 2209 189 2246 P‘
263 2210 368 2246 Iocus
388 2211 424 2245 B
502 2214 544 2245 23
572 2209 805 2254 epistolarum
829 2209 910 2244 BP
977 2212 1022 2244 26
1047 2209 1190 2252 loquutl
1217 2209 1253 2242 P
1320 2218 1468 2253 propria
1494 2218 1501 2250 ζ,

141 2269 292 2293 nomma
317 2257 366 2292 P'
438 2260 482 2292 28
507 2255 647 2292 Nemus
667 2256 704 2291 B
1497 2254 1510 2265 '⁷
