1526 2444
633 92 667 126 11
691 96 804 128 5-11
1305 90 1392 134 365

47 201 235 244 Lucretii
265 201 327 243 sic
359 200 514 255 incipit

107 272 213 314 haec
243 271 356 314 ratio
389 271 605 327 quondam
637 271 886 314 morborum
918 273 961 312 et
992 270 1188 314 mortifer
1218 271 1363 313 aestus

109 330 267 372 finibus
299 331 344 372 in
377 329 580 386 Cecropis
612 330 805 372 funestos
838 329 1023 372 reddidit
1050 331 1178 385 agros

106 389 382 444 uastauitque
413 390 520 443 uias,
553 389 751 431 exhausit
782 389 947 431 ciuibus
979 389 1142 431 urbem.

12 489 30 516 ⁵
49 471 124 513 sed
143 473 353 526 quatenus
372 473 512 513 totum
531 472 672 513 locum
689 472 909 527 utriusque
922 485 1081 526 ponere
1096 470 1200 512 satis
1214 470 1393 527 longum
1408 472 1434 514 8

49 533 131 584 est,
175 544 398 584 excerpam
442 530 587 585 aliqua
630 544 680 572 ex
725 530 880 586 quibus
923 529 1159 572 similitudo
1198 531 1394 585 geminae

51 587 353 644 descriptionis
386 591 602 643 appareat.

47 669 268 726 Vergilius
301 671 362 713 ait

107 743 202 782 tum
233 754 335 783 uero
370 741 543 782 ardente
524 756 566 783 es
599 741 709 783 oculi
742 743 869 796 atque
902 740 1120 782 adtractus
1154 740 1208 782 ab
1240 740 1329 782 alto

0 816 36 860 μο
114 799 305 853 spiritus,
335 799 549 841 interdum
582 799 745 854 gemitu
778 799 935 854 grauis,
966 799 1137 853 imaque
1167 799 1299 855 longo

113 857 190 899 ilia
222 858 417 924 singultu
447 858 641 912 tendunt,
672 858 707 899 it
738 858 913 899 naribus
946 860 1041 899 ater

112 916 289 972 sanguis
322 919 365 958 et
396 931 626 971 oppressas
657 916 804 959 fauces
835 917 993 971 premit
1023 930 1177 971 aspera
1202 916 1366 972 lingua.

50 997 274 1040 Lucretius
306 998 369 1040 ait
1410 1000 1436 1042 9

110 1068 322 1124 principio
356 1071 484 1124 caput
515 1069 736 1111 incensum
766 1069 934 1111 feruore
966 1069 1186 1125 gerebant,

112 1130 156 1169 et
187 1127 377 1182 duplices
410 1128 556 1170 oculos
590 1128 751 1170 suffusa
780 1129 873 1171 luce
905 1129 1107 1170 rubentes

114 1185 328 1228 sudabant
360 1186 492 1229 etiam
523 1187 669 1229 fauces
701 1187 957 1230 intrinsecus
990 1189 1108 1229 artae

115 1245 324 1300 sanguine
357 1247 400 1286 et
431 1245 642 1287 ulceribus
674 1246 793 1288 uocis
827 1247 896 1288 uia
927 1248 1076 1301 saepta
1108 1246 1253 1288 coibat

114 1306 242 1359 atque
275 1303 409 1346 animi
440 1304 652 1359 interpres
685 1305 889 1347 manabat
919 1305 1069 1359 lingua
1100 1319 1262 1359 cruore,

115 1362 341 1404 debilitata
372 1363 510 1417 malis,
542 1366 663 1405 motu
695 1364 855 1419 grauis,
887 1378 1038 1418 aspera
1068 1366 1200 1406 tactu.

53 1443 270 1500 Vergilius
302 1444 364 1486 ait
1418 1448 1472 1490 10

32 1555 34 1558 ,
111 1515 219 1557 haec
251 1517 351 1557 ante
384 1515 561 1557 exitium
592 1515 744 1570 primis
777 1515 882 1557 dant
913 1515 1038 1571 signa
1069 1515 1229 1558 diebus.

56 1586 99 1627 et
131 1599 239 1640 quae
272 1585 423 1627 darent
455 1585 580 1641 signa
616 1600 746 1641 supra
776 1586 926 1628 retulit
956 1586 1069 1628 idem

339 1656 548 1698 demissae
580 1671 705 1698 aures
737 1656 924 1699 incertus
955 1656 1115 1698 ibidem

117 1713 246 1756 sudor
276 1717 319 1756 et
348 1715 421 1756 ille
453 1715 624 1769 quidem
655 1716 889 1758 moriturus
921 1715 1115 1771 frigidus,
1147 1717 1240 1758 aret

117 1773 242 1828 pellis
275 1776 318 1815 et
349 1773 525 1816 adtactu
557 1775 763 1817 tractanti
794 1774 900 1816 dura
930 1774 1106 1816 resistit.

55 1853 279 1898 Lucretius
311 1856 375 1898 ait
1419 1860 1470 1902 11

116 1926 338 1981 multaque
369 1929 593 1982 praeterea
623 1928 774 1969 mortis
805 1930 909 1969 tunc
941 1927 1066 1982 signa
1097 1927 1330 1970 dabantur:

117 1985 362 2039 perturbati
394 1985 536 2040 animi,
568 2000 687 2028 mens
719 1986 762 2028 in
794 2000 988 2028 maerore
1019 1989 1233 2042 metuque,

54 2097 56 2099 ι
118 2044 246 2085 triste
279 2044 566 2100 supercilium,
597 2044 784 2087 furiosus
815 2045 962 2087 uultus
996 2047 1038 2087 et
1070 2059 1178 2101 acer,

154 2169 174 2200 2
199 2164 251 2199 Vl
278 2168 366 2201 1138
445 2168 466 2199 9
493 2164 702 2211 Georg.111
727 2169 796 2202 505
877 2169 920 2201 14
945 2165 998 2201 VI
1025 2169 1115 2202 1145
1199 2170 1242 2203 21
1269 2166 1401 2214 Georg.

60 2210 114 2255 ΠΙ
138 2214 205 2247 503
279 2215 324 2247 23
349 2212 398 2248 ib.
425 2216 494 2248 500
566 2217 610 2248 27
637 2212 688 2248 VI
715 2217 805 2250 1182

158 2326 200 2358 17
224 2323 327 2369 repta
350 2325 387 2360 P
456 2328 500 2360 28
525 2336 667 2361 merore
693 2325 730 2360 P
