1526 2444
125 78 208 119 198
632 76 730 111 SAT.
750 76 878 111 LIBRI
901 74 953 109 III

117 183 361 226 Arruntia
381 183 612 237 uirgines
631 181 860 224 Vestales
882 185 930 224 et
954 182 1114 236 ipsius
1135 197 1259 224 uxor
1277 182 1443 225 Publi-

50 242 194 285 12cia
230 240 491 283 flaminica
529 242 577 281 et
610 239 904 294 Sempronia
941 254 1111 282 socrus
1151 241 1270 282 eius.
1325 255 1445 283 cena

117 300 238 342 haec
270 299 384 340 fuit:
428 300 545 339 ante
577 312 749 339 cenam
781 298 1005 353 echinos,
1037 301 1235 340 ostreas
1267 299 1444 340 crudas

119 359 360 412 quantum
400 356 611 410 uellent,
651 355 928 410 peloridas,
972 356 1299 411 sphondylos,
1341 359 1444 398 tur-

120 415 230 456 dum
257 427 537 468 asparagos
565 414 763 468 subtus,
795 413 1039 468 gallinam
1073 414 1287 468 altilem,
1318 415 1446 468 pati·
1481 434 1498 461 5

117 487 229 514 narn
285 474 568 514 ostrearum
621 471 920 525 peloridum,
982 471 1194 513 balanos
1254 471 1447 527 nigros,

118 531 331 572 balanos
385 530 543 571 albos:
595 530 777 570 iterum
833 529 1147 583 sphondylos
1196 531 1448 584 glycoma-

118 589 255 630 ridas
310 588 504 629 urticas
560 587 826 641 ficedulas,
890 587 1085 629 lumbos
1141 588 1447 641 capruginos

118 659 391 701 aprugnos,
424 645 595 687 altilia
627 659 683 686 ex
714 645 879 687 farina
910 645 1158 698 inuoluta,
1195 646 1447 687 ficedulas

119 705 332 746 murices
359 705 408 745 et
430 717 694 758 purpuras.
750 703 799 744 in
825 717 948 745 cena
977 702 1190 757 sumina,
1223 703 1448 758 sinciput
1466 723 1500 750 10

119 775 416 816 aprugnum,
446 761 672 815 patinam
697 761 934 815 piscium,
965 761 1190 815 patinam
1215 761 1447 816 suminis,

119 822 316 874 anates,
364 819 734 874 querquedulas
777 819 955 872 elixas,
1005 819 1223 873 lepores,
1276 819 1448 862 altilia

53 879 251 932 13assa,
289 878 524 931 amulum,
555 890 710 931 panes
741 875 990 918 Picentes.
1059 876 1133 917 ubi
1162 877 1246 917 iam
1279 877 1448 919 luxuria

117 938 219 977 tunc
263 937 550 989 accusaretur,
593 934 762 988 quando
805 936 870 976 tot
908 934 1034 975 rebus
1073 934 1185 975 farta
1224 934 1305 975 fuit
1345 949 1447 976 cena

118 992 397 1048 pontificum?
457 993 551 1046 ipsa
594 1006 695 1035 uero
738 991 922 1033 edulium
965 1005 1120 1046 genera
1162 1006 1288 1046 quam
1331 992 1445 1034 dictu
1466 1011 1498 1038 15

118 1051 288 1106 turpia?
364 1065 464 1092 nam
507 1050 662 1092 T1T1vs
712 1050 758 1091 in
800 1061 1020 1092 SVAsioiOE
1062 1060 1196 1091 LEGIS
1239 1049 1447 1092 FANMAE
1506 1059 1508 1062 ’

120 1110 253 1151 obicit
278 1109 444 1151 saeculo
471 1123 560 1162 suo,
586 1108 714 1163 quod
737 1122 940 1163 porcum
966 1107 1238 1149 Troianum
1262 1109 1446 1150 mensis

118 1167 361 1221 inferant,
405 1180 531 1220 quem
573 1166 637 1207 illi
682 1166 777 1208 ideo
822 1165 882 1208 sic
920 1165 1149 1219 uocabant,
1191 1165 1311 1219 quasi
1352 1166 1446 1207 aliis
1499 1171 1500 1174 ’

119 1225 292 1267 inclusis
326 1224 580 1266 animalibus
612 1224 852 1279 grauidum,
893 1225 941 1264 ut
969 1223 1042 1264 ille
1074 1223 1283 1264 Troianus
1315 1237 1446 1278 equus

56 1283 111 1325 14
123 1283 324 1338 grauidus
352 1282 527 1323 armatis
552 1282 646 1323 fuit.
701 1282 901 1337 exigebat
925 1281 1006 1323 hoc
1032 1294 1197 1336 quoque
1223 1281 1298 1322 illa
1323 1282 1447 1334 gulae
1466 1301 1482 1325 2

121 1340 469 1395 intemperantia,
508 1342 556 1381 ut
593 1342 635 1381 et
664 1340 829 1394 lepores
861 1339 1158 1394 saginarentur
1187 1341 1296 1380 teste
1327 1338 1447 1380 VAR—

121 1410 263 1453 RONE,
301 1399 372 1453 qui
408 1410 469 1439 DE
509 1409 620 1439 AGRI
652 1408 860 1440 CVLTVRA
891 1408 1026 1439 LIBRO
1060 1408 1226 1438 TERTIO
1265 1411 1360 1438 cum
1397 1397 1447 1438 de

121 1457 336 1512 leporibus
373 1457 617 1510 loqueretur
654 1455 714 1497 sic
752 1456 813 1497 ait
842 1455 934 1497 hoc
965 1469 1159 1510 quoque
1189 1469 1345 1509 nuper
1375 1454 1447 1495 in-

123 1514 379 1568 stitutum,
432 1516 487 1555 ut
541 1514 916 1569 saginarentur,
975 1527 1080 1554 cum
1135 1514 1371 1566 exceptos
1426 1527 1447 1554 e

219 1656 261 1687 16
281 1651 410 1697 fragm.
431 1662 480 1686 or.
499 1651 602 1686 Rom.
625 1649 669 1685 ed
689 1649 813 1694 Meyer
832 1648 1032 1694 (Duebner)
1051 1659 1086 1692 p.
1108 1651 1174 1684 158
1223 1653 1267 1683 23
1283 1649 1334 1683 ΙΙΙ
1350 1653 1403 1694 12,
1425 1652 1446 1684 5

217 1771 235 1801 1
262 1768 408 1801 aruntia.
431 1766 467 1800 Β
579 1770 600 1800 2
625 1764 916 1800 flammicassss*
941 1765 977 1799 P
1087 1775 1106 1798 c
1129 1775 1178 1799 na
1205 1764 1248 1808 P,
1274 1775 1387 1800 caena
1411 1766 1447 1800 Β

123 1817 144 1848 3
169 1816 347 1860 antecena
371 1812 452 1857 BP,
478 1812 682 1847 antecoena
705 1811 905 1847 Salmasius
928 1812 977 1846 ad
1000 1811 1065 1846 uit.
1127 1811 1445 1847 ordia12.iun.21

122 1864 145 1895 4
169 1860 208 1904 sp
210 1859 383 1895 hondilos
404 1859 441 1893 Ρ
511 1862 531 1893 5
556 1859 686 1903 patina
705 1869 749 1892 ex
768 1857 930 1892 ostreari'i
950 1857 1099 1892 BPem.
1119 1857 1230 1901 uuzqo
1302 1862 1322 1892 6
1346 1858 1447 1902 p-ala

121 1872 208 1941 nosp
203 1906 330 1951 nigros
348 1903 395 1940 B
469 1909 488 1940 ’1
514 1904 552 1949 sp
555 1903 725 1940 hondilos
738 1904 774 1938 P
842 1904 906 1948 gly
909 1903 1108 1939 comerides
1135 1904 1170 1938 I.
1193 1870 1388 1939 Gutherius
1406 1905 1449 1940 de

122 1954 202 1988 iure
221 1953 412 1997 pontificio
438 1952 467 1985 I
488 1955 540 1987 26
613 1955 633 1986 8
658 1950 828 1985 ficedilas
850 1948 897 1984 P¹
972 1961 1015 1985 ca
1016 1948 1212 1994 prugineos
1236 1951 1296 1985 uel
1320 1961 1448 1995 capru-

123 1999 228 2044 ginos
253 1999 361 2035 Salm.
386 2008 498 2034 exerc.
519 1998 620 2033 Ptin.
633 2008 672 2042 p
693 1999 767 2032 323
787 2009 820 2032 a.
844 1995 895 2031 G.-
921 1995 1136 2041 capragines
1155 1995 1234 2030 BP
1302 2000 1322 2031 9
1341 2007 1448 2041 apru-

123 2056 236 2090 gnum
255 2043 300 2080 B'
349 2044 470 2079 altiha
490 2043 519 2078 δε
538 2043 636 2090 falna
651 2043 819 2078 inuoluta
839 2046 844 2087 Ι
867 2041 1183 2088 cedulas·mur11&
1200 2042 1397 2087 purpuras
1413 2054 1426 2077 1
1442 2043 1446 2089 Ι
1496 2050 1497 2055 ’

124 2102 216 2127 cena
239 2091 381 2126 summa
401 2092 406 2135 Ι
428 2091 607 2135 sinciput
623 2089 804 2135 aprilnum
829 2090 911 2124 add.
937 2089 1016 2123 Bm·
1008 2116 1016 2124 .
1047 2089 1107 2124 sed
1136 2092 1264 2124 resecto
1289 2090 1450 2144 maryine

125 2139 263 2183 aliquot
281 2138 460 2173 litterulae
480 2138 668 2181 perierunt
758 2139 801 2171 10
826 2140 859 2172 et
884 2139 927 2170 14
953 2145 1043 2182 cena
1070 2135 1106 2168 P
1195 2138 1236 2169 12
1263 2135 1382 2170 an&es
1401 2133 1448 2170 B'

127 2194 325 2229 querque*
339 2183 446 2219 dulas
458 2184 495 2218 P
564 2186 607 2217 15
634 2181 747 2217 edulii
766 2183 786 2218 b
857 2192 993 2227 genera
1011 2192 1076 2216 om.
1095 2180 1145 2215 P'
1220 2185 1262 2216 16
1288 2181 1399 2216 citius
1415 2181 1452 2215 P

127 2234 168 2266 17
195 2230 349 2266 troianis
369 2231 406 2265 P
516 2234 557 2265 18
582 2229 641 2264 1111
662 2231 666 2273 Ι
689 2229 757 2263 deo
782 2230 818 2264 B
930 2231 972 2263 21
1005 2228 1047 2262 ut
1076 2238 1140 2262 om.
1167 2225 1214 2261 .Ρ’
1322 2230 1367 2262 23
1399 2227 1450 2262 sic
1482 2257 1488 2262 „

125 2279 178 2312 ait
201 2288 266 2313 om.
292 2275 337 2312 B'
