1526 2444
559 49 594 85 V
620 51 735 86 6—12
772 47 823 84 VI
851 50 869 82 1
1302 46 1387 89 177

101 161 144 202 et
176 159 326 202 ductus
358 172 490 202 cornu
522 157 657 201 stabit
690 171 810 200 sacer
839 156 984 199 hircus
1017 155 1071 199 ad
1104 170 1201 199 aras

41 244 84 284 et
115 241 220 284 alibi

100 326 144 366 et
174 326 364 367 statuam
396 326 496 366 ante
529 337 626 365 aras
659 325 811 365 aurata
841 322 984 379 fronte
1015 322 1255 365 iuuencum.

43 407 147 449 adeo
186 408 328 448 autem
366 420 536 449 omnem
574 406 782 462 pietatem
820 405 866 447 in
898 404 1138 459 sacrificiis,
1180 418 1288 460 quae
1321 404 1386 446 dis
1401 405 1428 446 9

7 485 24 511 5
44 465 286 508 exhibenda
318 467 429 520 sunt,
459 465 597 521 ponit,
629 468 677 507 ut
707 466 884 520 propter
916 463 1180 506 contrariam
1211 477 1387 506 causam

41 523 300 566 Mezentium
342 524 564 567 uocauerit
607 526 951 578 contemptorem
994 523 1182 566 deorum.
1249 537 1387 578 neque

42 583 172 638 enim,
215 586 264 625 ut
300 583 439 636 Aspro
483 583 670 638 uidetur,
713 582 808 625 ideo
850 584 1176 636 contemptor
1215 581 1385 624 diuum

43 642 182 684 dictus
227 645 310 697 est,
360 641 474 698 quod
516 642 606 684 sine
646 643 844 697 respectu
885 641 1062 683 deorum
1102 641 1146 682 in
1188 640 1387 683 homines

42 701 200 756 impius
238 701 387 757 fuerit,
425 701 617 757 alioquin
649 700 786 742 multo
819 700 960 755 magis
991 700 1074 742 hoc
1105 699 1156 741 de
1187 699 1387 741 Busiride

0 779 26 805 1ο
45 760 236 815 dixisset,
261 775 387 815 quem
406 761 535 816 longe
556 759 835 803 crudeliorem
858 758 1181 801 inlaudatum
1206 772 1387 801 uocasse

44 821 272 861 contentus
313 822 389 861 est.
451 819 524 860 sed
561 833 709 860 ueram
746 818 874 860 huius
913 817 1280 860 contumacissimi
1311 832 1385 861 no·
1404 818 1460 860 10

43 878 171 920 minis
198 892 371 920 causam
402 878 447 919 in
472 889 613 920 Pizmo
646 877 756 919 libro
783 876 1023 920 ORIGINVM
1050 875 1258 920 CAToms
1291 876 1388 919 dili-

43 950 148 992 gens
180 937 315 979 lector
345 937 545 979 inueniet.
609 936 670 978 ait
702 936 815 978 enim
840 935 1148 978 Mezentium
1175 936 1387 978 Rutulis

42 996 339 1050 imperasse,
365 999 419 1038 ut
445 995 545 1038 sibi
571 995 842 1051 offerrent,
874 1009 997 1050 quas
1024 995 1100 1037 dis
1125 995 1387 1049 primitias

0 1071 24 1103 15
43 1054 356 1110 offerebant,
396 1057 444 1097 et
480 1054 694 1097 Latinos
736 1068 909 1097 omnes
952 1054 1141 1096 similis
1182 1055 1387 1109 imperii

41 1116 176 1156 metu
202 1115 276 1156 ita
300 1114 508 1156 uouisse
536 1113 813 1169 ‘Iuppiter,
846 1113 888 1155 si
913 1113 1012 1156 tibi
1045 1113 1208 1169 magis
1242 1113 1387 1156 cordi

43 1175 139 1228 est,
182 1187 271 1215 nos
316 1187 372 1216 ea
410 1173 507 1215 tibi
549 1173 667 1215 dare
707 1173 882 1228 potius
925 1186 1072 1227 quam
1113 1172 1388 1228 Mezentio,

43 1231 118 1273 uti
142 1245 233 1274 nos
259 1231 486 1274 uictores
512 1231 711 1274 facias'.
752 1245 854 1288 ergo
874 1231 988 1287 quod
1008 1231 1176 1274 diuinos
1196 1232 1385 1275 honores
1404 1233 1459 1274 11

43 1290 126 1332 sibi
146 1293 357 1346 exegerat,
384 1291 538 1333 merito
559 1291 698 1333 dictus
719 1294 785 1333 est
804 1306 829 1333 a
846 1289 1041 1346 Vergilio
1069 1293 1389 1347 contemptor

0 1366 25 1395 ιο
43 1349 260 1392 deorum.
321 1350 422 1392 hinc
453 1350 525 1405 pia
556 1350 632 1391 illa
663 1350 889 1392 insultatio
923 1350 1156 1392 sacerdotis

253 1432 359 1475 haec
398 1433 498 1474 sunt
530 1431 668 1487 spolia
700 1434 744 1473 et
774 1432 824 1474 de
856 1445 957 1487 rege
990 1431 1173 1487 superbo

101 1491 335 1547 primitiae,

42 1574 91 1615 ut
126 1573 298 1615 nomine
338 1574 636 1616 contumaciae
668 1572 736 1616 cui
766 1587 929 1628 poenas
961 1573 1043 1615 luit
1073 1576 1223 1629 raptas
1255 1573 1305 1615 de
1338 1588 1388 1616 eo

42 1634 213 1675 notaret
243 1632 430 1674 exuuias.

0 1709 26 1750 με
159 1690 403 1734 Mirandum
448 1693 514 1733 est
556 1691 685 1733 huius
726 1693 880 1747 poetae
921 1694 965 1734 et
1006 1692 1118 1734 circa
1156 1694 1308 1734 nostra
1340 1694 1384 1733 et
1397 1691 1462 1734 VI

43 1750 157 1792 circa
182 1752 359 1793 externa
385 1765 508 1792 sacra
534 1750 787 1794 doctrinam.
847 1765 987 1806 neque
1020 1751 1134 1793 enim
1169 1751 1220 1792 de
1250 1751 1388 1793 nihilo

45 1811 111 1851 est
142 1809 267 1864 quod,
299 1823 395 1852 cum
420 1808 561 1852 Delon
584 1809 706 1852 uenit
730 1809 913 1865 Aeneas,
943 1810 1063 1853 nulla
1096 1810 1150 1852 ab
1183 1824 1232 1852 eo
1265 1824 1391 1853 caesa

43 1870 109 1910 est
140 1868 286 1911 hostia
316 1868 420 1924 nisi,
452 1883 547 1910 cum
579 1868 942 1924 proficisceretur,
973 1869 1167 1925 Apollini
1199 1870 1243 1911 et
1272 1869 1389 1924 Nep-

0 1956 5 2008 i
140 1995 157 2025 1
186 1990 318 2036 Georg.
345 1991 380 2025 11
399 1994 467 2026 395
541 1995 561 2026 3
582 1991 672 2027 Aen.
693 1990 798 2026 VIIII
817 1994 886 2026 624
960 1994 1002 2026 12
1024 1991 1156 2037 fragm.
1177 1991 1233 2027 ed.
1254 1990 1388 2028 Iordan

0 2057 1 2060 =
42 2049 78 2083 p.
106 2042 151 2073 64
175 2049 252 2082 sqq.
327 2041 372 2073 21
398 2040 488 2074 Aen.
515 2037 567 2073 XI
593 2041 636 2074 15
679 2070 682 2073 .

26 2169 30 2178 ι
138 2153 161 2184 4
187 2149 259 2184 dus
281 2150 317 2185 P
376 2153 397 2185 6
423 2150 711 2196 contemptorest
735 2148 782 2186 B'
846 2154 865 2186 ‘1
893 2151 989 2200 hafg)
1014 2149 1060 2186 B'
1131 2153 1137 2197 1
1159 2151 1340 2188 *mdetur
1358 2152 1395 2187 P

32 2199 67 2231 ‘⁵9
91 2196 204 2232 busm
232 2195 279 2232 B'
368 2201 411 2232 10
436 2197 549 2244 longo
575 2195 621 2233 B'
704 2201 748 2234 14
773 2197 847 2233 dns
866 2198 904 2233 P
983 2202 1025 2234 17
1052 2211 1070 2234 z
1096 2200 1138 2235 in
1163 2201 1346 2236 mezentio
1373 2212 1391 2232 z

37 2253 91 2326 182νὲ
110 2254 185 2326 ᾝῗι
208 2244 353 2328 ZiaPP'
395 2248 437 2280 19
463 2245 615 2291 uirgilio
641 2245 677 2280 B
761 2249 806 2281 23
832 2245 948 2294 penas
971 2246 1009 2281 P
1084 2251 1129 2283 27
1157 2247 1316 2292 delonge
1342 2247 1390 2283 B'

116 2356 303 2383 menomvs
1064 2356 1106 2387 12
