1526 2444
62 845 287 893 4uenta‚
331 846 379 884 ut
423 843 543 884 fieret
579 858 629 884 ex
666 844 906 886 conlatione
947 845 1154 887 discretio.
1221 849 1262 887 et
1299 849 1467 887 terrena
1522 855 1526 891 ξ

152 101 237 143 566
449 101 597 138 COMM.
622 102 674 137 IN
698 102 839 140 SOMN.
866 103 978 140 SCIP.
1003 105 1133 140 LIBRI
1157 106 1173 139 I

150 208 200 249 de
243 208 348 250 solis
392 208 683 262 magnitudine
725 211 990 265 mutuantur,
1032 214 1074 252 et
1114 212 1174 253 sic
1211 212 1369 265 euenit,
1414 216 1472 266 ut,

150 266 249 306 dum
286 268 514 319 utrumque
553 265 603 307 de
641 267 772 309 altero
805 268 1054 322 adstruitur,
1093 271 1290 310 neutrum
1321 270 1470 323 proba·

149 323 295 364 biliter
331 322 576 364 adstruatur
594 336 772 379 ‘semper
813 325 859 366 in
897 326 1033 368 medio
1072 327 1257 368 uicissim
1294 329 1471 368 nutante

148 383 295 422 mutuo
326 381 583 422 testimonio.
633 382 732 435 quid
765 383 876 424 enini
908 398 983 437 pei·
1012 398 1101 425 rem
1127 384 1263 426 adhuc
1289 385 1475 438 proban--

79 439 131 479 11
149 438 245 479 dam
289 439 520 492 probetur?
588 439 661 480 sed
699 440 902 494 Aegyptii
943 442 1051 482 nihil
1097 442 1148 483 ad
1185 442 1468 484 coniecturam
1501 457 1517 483 5

147 496 368 550 loquentes
419 499 683 550 sequestrato
734 512 782 539 ac
829 498 962 539 libero
1012 502 1264 553 argumento
1308 514 1384 541 nec
1426 501 1469 541 in

145 553 429 608 patrocinium
478 554 560 595 sibi
608 555 732 596 lunae
780 555 991 598 defectum
1038 559 1256 610 uocantes,
1311 560 1470 612 quanta

146 626 344 653 mensura
369 612 433 652 sol
458 614 572 653 terra
598 613 732 655 maior
758 613 814 654 sit
837 613 1017 678 probare
1045 615 1281 669 uoluerunt,
1306 618 1353 657 ut
1377 618 1468 656 tum

146 668 313 711 demum
348 684 424 723 per
456 670 791 724 magnitudinem
823 672 911 712 eius
943 672 1226 727 ostenderent,
1265 671 1338 714 cur
1367 673 1467 714 luna

79 728 131 769 12
146 727 325 768 deficiat.
372 727 453 768 hoc
478 731 618 769 autem
642 743 906 783 nequaquam
928 730 1213 784 dubitabatur,
1238 745 1326 772 non
1344 745 1467 784 posse
1489 744 1526 770 io*

145 785 269 826 aliter
307 785 561 839 deprehendi
599 786 682 827 nisi
718 801 917 828 mensura
953 790 996 828 et
1030 790 1167 829 terrae
1199 791 1241 829 et
1273 789 1372 829 solis
1403 789 1467 829 in—
1524 807 1526 828 ι

144 900 313 954 quidem
351 901 556 942 dimensio
589 901 719 943 oculis
751 902 959 944 rationein
989 903 1234 944 iuuantibus
1267 904 1317 945 de
1347 904 1467 945 facili

144 958 384 1012 constabat,
423 959 523 1000 solis
560 973 661 1001 uero
699 974 939 1001 mensuram
983 961 1104 1001 aliter
1135 961 1217 1002 nisi
1247 976 1322 1015 per
1353 976 1466 1003 men-

145 1030 285 1057 suram
323 1016 445 1070 caeli,
487 1030 563 1070 per
600 1017 710 1070 quod
748 1017 962 1072 discurrit,
998 1019 1181 1059 inueniri
1216 1033 1303 1060 non
1339 1033 1463 1072 posse
1484 1034 1498 1058 i

143 1073 357 1115 uiderunt:
395 1087 496 1128 ergo
533 1074 717 1128 primum
754 1076 1011 1117 metiendum
1046 1075 1128 1117 sibi
1159 1077 1322 1118 caelum
1351 1077 1465 1127 illud,

144 1131 186 1172 id
214 1134 278 1172 est
302 1132 384 1173 iter
410 1132 512 1173 solis
532 1133 855 1187 constituerunt,
880 1136 928 1175 ut
946 1147 1021 1199 per
1039 1133 1084 1175 id
1102 1137 1277 1187 possent
1296 1134 1465 1175 modum

75 1190 129 1231 13
145 1190 247 1231 solis
298 1202 540 1244 agnoscere.
618 1190 692 1232 sed
735 1205 910 1256 quaeso,
959 1192 1092 1257 siquis
1139 1206 1335 1246 umquam
1377 1197 1464 1233 tam

142 1248 304 1289 otiosus
340 1251 512 1313 tamque
551 1248 603 1289 ab
642 1249 757 1289 omni
794 1249 876 1290 erit
913 1250 1022 1291 serio
1055 1249 1248 1304 feriatus,
1285 1252 1333 1291 ut
1362 1249 1466 1291 haec

94 1303 99 1308 ’
143 1319 309 1359 quoque
340 1305 386 1346 in
417 1320 566 1346 manus
594 1308 745 1360 sumat,
774 1321 826 1347 ne
854 1307 986 1348 talem
1013 1309 1200 1348 ueterum
1225 1307 1464 1369 promissio-

141 1377 238 1404 nem
265 1363 387 1429 quasi
411 1362 602 1404 insaniae
628 1364 864 1417 proximam
891 1367 965 1406 aut
988 1365 1208 1406 horrescat
1227 1367 1300 1406 aut
1318 1358 1466 1407 rideat.

142 1423 185 1461 et
216 1421 329 1462 enim
361 1420 414 1461 ad
443 1435 544 1474 rem,
576 1435 682 1476 quae
712 1424 866 1463 natura
897 1422 1322 1477 inconprehensibilis
1354 1423 1466 1464 uide-

141 1479 283 1528 batur,
321 1479 436 1519 uiam
473 1479 555 1520 sibi
591 1480 692 1520 fecit
727 1480 963 1535 ingenium,
1001 1484 1043 1522 et
1080 1495 1153 1534 per
1183 1484 1356 1534 terram,
1393 1481 1464 1535 qui

141 1536 247 1577 caeli
289 1537 438 1577 modus
482 1537 554 1591 sit,
596 1538 791 1591 repperit.
861 1541 906 1579 ut
949 1540 1090 1580 autem
1133 1539 1293 1593 liquere
1329 1539 1466 1593 possit

139 1594 250 1636 ratio
283 1595 518 1648 commenti,
549 1595 665 1648 prius
696 1596 950 1650 regulariter
980 1610 1114 1650 pauca
1146 1596 1322 1638 dicenda
1353 1600 1463 1650 sunt,

73 1652 125 1693 14
142 1654 189 1693 ut
226 1652 282 1694 sit
318 1667 457 1693 rerum
490 1653 756 1707 sequentium
788 1654 925 1695 aditus
956 1654 1215 1696 instructior.
1275 1654 1320 1694 in
1350 1656 1464 1695 omni

141 1710 242 1751 orbe
279 1710 347 1751 uel
385 1710 565 1765 sphaera
602 1711 806 1752 medietas
839 1715 1014 1753 centron
1044 1713 1237 1764 uocatur,
1274 1711 1464 1766 nihilque

140 1767 251 1808 aliud
296 1769 362 1809 est
404 1770 580 1810 centron
621 1769 702 1810 nisi
745 1771 967 1823 punctum,
1017 1783 1098 1824 quo
1144 1770 1348 1823 sphaerae
1391 1772 1465 1811 aut

139 1826 256 1867 orbis
306 1825 489 1867 medium
543 1827 781 1868 certissima
830 1827 1127 1869 obseruatione
1176 1827 1464 1881 distinguitur.

231 1976 251 2007 2
278 1973 451 2008 astruitur
476 1971 524 2008 P'
596 1978 617 2009 3
643 1974 825 2009 astruatur
849 1975 885 2009 Β
956 1978 978 2009 4
1002 1975 1147 2010 adhunc
1171 1975 1222 2009 P'
1296 1979 1316 2010 ’1
1341 1977 1463 2020 pati-o-

137 2020 271 2053 timum
299 2016 347 2053 P'
432 2024 451 2054 9
477 2032 500 2065 p
527 2023 551 2055 -f
578 2032 616 2055 re
641 2021 894 2065 magnitudine
918 2021 964 2062 Ρ,
1044 2021 1123 2056 eius
1141 2031 1207 2056 om.
1233 2021 1270 2056 P
1360 2025 1400 2056 12
1427 2025 1464 2057 et

136 2065 242 2100 fieret
264 2064 310 2099 B'
394 2066 591 2101 collatione
617 2068 652 2101 Β
726 2071 769 2101 14
794 2067 974 2102 constabit
997 2067 1032 2101 Β
1104 2067 1272 2102 mensura
1297 2067 1411 2102 aliter·
1429 2067 1481 2102 Β·

139 2114 181 2145 16
207 2111 325 2158 celsi*
354 2112 388 2145 P
477 2116 517 2146 17
544 2114 796 2147 contituei·unt
821 2113 868 2147 P'
953 2113 992 2148 id
1017 2114 1059 2148 in
1082 2124 1155 2148 ras.
1180 2114 1222 2148 in
1245 2114 1299 2148 B.-
1325 2125 1407 2148 euin
1432 2114 1471 2149 P-

139 2161 182 2191 18
206 2157 299 2201 siqui
324 2158 394 2193 PB
494 2169 657 2203 unquam
682 2160 718 2194 B
814 2163 857 2194 19
882 2159 1034 2194 feriatos
1057 2160 1092 2193 P
1186 2162 1231 2194 24
1255 2161 1393 2204 reperit
1417 2160 1476 2204 Rs·

136 2205 375 2248 reppererunt
399 2205 436 2239 P
509 2206 688 2250 posterior
712 2216 731 2240 e
756 2206 797 2240 in
821 2206 963 2249 liquere
988 2207 1029 2241 in
1053 2216 1126 2242 ras.
1151 2206 1193 2240 in
1217 2206 1254 2239 P
1340 2208 1383 2240 25
1409 2218 1471 2242 ra-v

136 2253 236 2285 tione
261 2249 307 2284 B'
403 2252 562 2286 comenti
585 2251 622 2285 B
715 2255 759 2286 27
786 2255 818 2287 et
842 2255 886 2286 28
912 2254 1059 2287 centum
1083 2251 1131 2286 B'
1232 2255 1276 2286 28
1304 2251 1403 2296 spere
1428 2252 1465 2288 Β

137 2299 182 2332 29
208 2297 369 2332 mediani
393 2295 441 2332 P'
