1526 2444
614 62 684 99 1111
709 68 729 99 5
768 63 799 99 v
827 66 918 98 1—4
1353 60 1438 102 491

99 172 288 216 omnium
314 172 567 239 imaginum,
602 185 710 226 quae
741 171 850 213 falso
883 184 1076 226 quaeque
1106 183 1209 212 uero
1240 168 1442 211 uidentur

98 232 144 273 in
188 231 364 286 somnis,
407 231 607 286 ipsasque
651 230 927 272 distinximus
965 228 1128 284 species
1165 228 1442 280 somniorum,

100 290 153 333 ad
197 304 304 345 quas
348 289 543 332 Africani
589 289 803 331 somnium
847 290 1064 331 constaret
1105 286 1273 341 referri,
1318 289 1362 329 et
1407 286 1444 328 si

100 346 291 403 Scipioni
341 348 589 391 conuenerit
636 348 742 390 talia
793 348 1025 401 somniare,
1076 350 1119 389 et
1168 346 1218 388 de
1262 345 1443 402 geminis

66 422 83 448 ⁵
102 407 259 450 somnii
297 407 451 462 portis,
491 421 599 462 quae
635 407 766 448 fuerit
802 421 827 448 a
864 407 1078 448 ueteribus
1118 420 1320 460 expressa
1352 419 1444 447 sen-

99 466 249 520 tentia,
282 480 408 521 super
438 465 506 508 his
533 465 732 508 omnibus
757 465 894 520 ipsius
921 465 1089 519 somnii,
1122 464 1172 506 de
1197 479 1280 519 quo
1307 463 1446 518 loqui-

102 540 214 579 mur,
251 527 440 566 mentem
481 525 834 580 propositumque
876 524 1162 580 signauimus,
1200 526 1243 565 et
1278 526 1446 578 partem

102 584 210 626 caeli
254 583 472 626 euidenter
516 584 821 639 expressimus,
863 583 908 624 in
946 597 1031 637 qua
1068 582 1152 624 sibi
1191 581 1334 637 Scipio
1372 594 1446 635 per

103 643 290 697 quietem
327 641 432 684 haec
469 642 539 684 uel
571 641 732 684 uidisse
763 642 881 684 uisus
913 644 979 683 est
1010 642 1079 683 uel
1111 641 1300 696 audisse,
1338 654 1446 695 quae

50 714 84 740 10
103 701 270 743 retulit:
301 715 414 742 nunc
445 701 532 742 iam
558 701 824 743 discutienda
847 701 973 742 nobis
1001 707 1102 742 sunt
1125 700 1263 754 ipsius
1291 698 1447 741 somnii

104 760 253 813 uerba,
289 774 377 802 non
415 760 576 814 omnia,
614 759 687 800 sed
725 761 773 801 ut
804 772 995 813 quaeque
1026 758 1287 800 uidebuntur
1318 758 1448 812 digna

104 818 311 874 quaesitu.
370 832 419 860 ae
450 818 590 872 prima
620 817 747 860 nobis
778 817 1048 859 tractandam
1080 831 1124 859 se
1155 816 1315 873 ingerit
1344 815 1489 871 pars?

102 877 180 919 illa
210 876 262 918 de
291 877 494 931 numeris,
524 877 570 918 in
601 891 685 931 qua
716 876 777 918 sic
803 876 865 918 ait
894 890 1008 918 nam
1041 890 1152 918 cum
1185 879 1326 918 aetas
1358 877 1448 917 tua

107 937 350 990 septenos
377 935 539 977 octies
566 935 693 978 solis
721 935 985 977 anfractus
1010 934 1311 989 reditusque
1331 949 1447 977 con-

54 1007 88 1034 15
107 994 343 1046 uerterit,
386 994 585 1049 duoque
626 994 678 1035 hi
721 994 934 1048 numeri,
978 1008 1188 1049 quorum
1225 995 1448 1048 uterque

106 1053 307 1108 plenus,
340 1053 472 1094 alter
504 1053 670 1095 altera
696 1053 752 1095 de
778 1067 931 1094 causa
956 1053 1193 1107 habetur,
1226 1052 1449 1094 circuitu

106 1112 340 1154 naturali
371 1126 614 1154 summam
645 1112 742 1153 tibi
773 1111 987 1154 fatalem
1019 1111 1358 1162 confecerint,
1398 1110 1449 1152 in

106 1174 156 1212 te
198 1185 349 1212 unum
393 1173 544 1225 atque
587 1171 639 1211 in
681 1174 822 1212 tuum
864 1185 1050 1213 nomen
1094 1185 1144 1213 se
1181 1172 1296 1212 tota
1334 1183 1448 1212 con-

107 1231 279 1271 uertet
322 1228 529 1271 ciuitas:
574 1231 622 1271 te
655 1232 879 1283 senatus,
921 1232 970 1271 te
1008 1243 1182 1271 omnes
1219 1229 1358 1283 boni,
1401 1232 1451 1271 te

55 1300 92 1326 20
111 1288 258 1342 socii,
300 1290 348 1330 te
385 1287 557 1330 Latini
594 1288 949 1342 intuebuntur,
987 1291 1040 1330 tu
1078 1289 1180 1330 eris
1218 1302 1366 1342 unus,
1402 1287 1453 1328 in

110 1361 208 1402 quo
245 1346 446 1389 nitatur
483 1346 718 1389 ciuitatis
757 1347 915 1401 salus,
953 1361 1008 1388 ac
1044 1361 1103 1388 ne
1135 1347 1312 1400 multa,
1350 1346 1453 1388 dic-

110 1408 251 1448 tator
281 1420 383 1447 rem
415 1405 673 1460 publicam
705 1406 997 1448 constituas
1030 1408 1256 1460 oportet,
1289 1405 1332 1446 si
1361 1405 1451 1446 im-

109 1464 221 1520 pias
253 1463 658 1519 propinquorum
690 1479 866 1506 manus
898 1464 1164 1519 effugeris.
1225 1463 1449 1530 plenitudi-
1466 1462 1495 1504 3

109 1537 207 1565 nem
232 1523 304 1565 hic
331 1537 420 1565 non
445 1523 605 1565 frustra
629 1523 818 1565 numeris
844 1523 1057 1578 adsignat,
1086 1523 1310 1578 plenitudo
1337 1522 1454 1564 enim

59 1593 94 1621 25
112 1582 282 1637 proprie
318 1581 404 1623 nisi
442 1581 600 1624 diuinis
638 1582 765 1624 rebus
805 1582 1085 1637 supernisque
1122 1596 1211 1624 non
1242 1581 1454 1624 conuenit.

68 1682 70 1684 ,
111 1655 248 1696 neque
280 1640 392 1682 enim
424 1655 579 1695 corpus
610 1641 783 1696 proprie
814 1641 991 1696 plenum
1017 1641 1188 1696 dixeris,
1219 1640 1331 1696 quod
1358 1654 1454 1682 cum

90 1700 180 1741 xsui
217 1701 274 1742 sit
310 1699 525 1754 inpatiens
563 1699 792 1754 effluendo,
831 1700 974 1742 aliena
1011 1702 1077 1742 est
1113 1703 1318 1755 appetens
1350 1699 1454 1741 hau-

112 1758 272 1801 riendo.
322 1772 430 1813 quae
457 1758 493 1799 si
518 1758 747 1801 metallicis
773 1759 1022 1814 corporibus
1047 1773 1135 1801 non
1160 1773 1240 1800 usu
1265 1758 1456 1813 ueniunt,

112 1831 201 1860 non
236 1820 382 1859 tamen
418 1817 545 1871 plena
581 1818 659 1859 illa
696 1817 770 1859 sed
806 1817 944 1859 ναστά
975 1817 1154 1860 dicenda
1185 1819 1296 1859 sunt.
1350 1814 1498 1859 haec4

44 1888 96 1933 1³⁰
114 1877 180 1918 est
218 1876 352 1932 igitur
395 1876 633 1918 communis
675 1890 952 1918 numerorum
995 1876 1188 1919 omnium
1223 1875 1457 1932 plenitudo,

4 1902 41 1967 7
71 1954 74 1957 >
115 1934 228 1990 quod
266 1933 518 1990 cogitationi
548 1949 574 1976 a
603 1935 729 1977 nobis
767 1935 821 1977 ad
858 1949 1034 1990 superos
1072 1935 1234 1977 meanti
1270 1935 1458 1978 occurrit

114 1993 254 2048 prima
278 1992 483 2047 perfectio
509 1992 874 2049 incorporalitatis
900 1994 943 2035 111
969 1994 1171 2050 numeris,
1201 1994 1314 2036 inter
1338 1994 1457 2048 ipsos

209 2111 230 2143 2
255 2108 382 2154 ips1l'q3
408 2108 445 2143 Β
547 2113 568 2144 3
593 2108 623 2143 f1
647 2119 713 2144 om.
740 2109 778 2144 P
875 2113 898 2144 4
922 2109 1094 2146 ffim‘aret
1118 2110 1155 2145 B
1257 2121 1398 2156 gemini
1421 2110 1458 2144 B

117 2159 161 2191 14
187 2155 375 2191 οουιιθτΙιτ
401 2157 437 2201 (τ
463 2158 583 2202 erasa)
609 2157 646 2191 Β
760 2159 805 2191 21
833 2157 967 2192 ciuitas
988 2158 1025 2192 Β
1140 2161 1187 2193 24
1211 2157 1397 2203 affingnat
1422 2158 1459 2192 B

116 2207 161 2238 2⁷
180 2202 388 2248 impaciens
406 2203 449 2246 P,
470 2203 672 2248 impatiens
686 2204 723 2239 B
788 2207 833 2239 29
853 2206 967 2240 ναετά
986 2205 1177 2240 Bentleius
1197 2205 1315 2250 (Mus.
1341 2204 1458 2239 Rhen.

115 2253 213 2334 ἐξὲξ
215 2251 359 2332 ,B325):
383 2251 493 2286 uasta
513 2250 615 2295 (ΒΡ)
701 2253 746 2286 30
773 2250 826 2286 eft
850 2262 915 2287 om.
943 2249 987 2286 B‘
1091 2255 1135 2287 32
1161 2250 1459 2298 mcorrupoirah-
