1526 2444
164 75 251 117 464
670 77 770 114 SAT.
796 77 924 113 LIBRI
948 77 1014 112 VII

96 181 153 223 20
166 183 305 223 tactus
331 182 525 236 rigorem.
585 182 664 224 hac
690 186 882 224 cessante
914 183 1029 225 uisus
1054 182 1250 224 inefficax
1274 185 1339 223 est
1369 182 1486 237 adeo,

165 242 213 280 ut
238 239 348 293 quod
373 253 512 280 remus
538 239 583 281 in
609 254 718 294 aqua
741 240 900 283 fractus
925 241 1103 294 uidetur,
1125 241 1193 281 uel
1219 240 1332 294 quod
1355 240 1483 281 turris

166 297 328 337 eminus
359 297 470 352 uisa,
508 311 603 339 cum
640 299 696 339 sit
733 299 956 352 angulosa,
991 298 1172 340 rotunda
1209 298 1484 350 existimatur,

165 354 294 395 faciat
342 355 520 396 rationis
568 355 854 410 neglegentia,
902 369 1009 410 quae
1063 356 1099 397 si
1147 369 1190 396 se
1238 355 1482 404 intenderit,

96 412 150 452 21
166 412 361 465 agnoscit
384 413 428 453 in
457 414 572 454 turre
599 414 780 467 angulos
811 417 853 455 et
877 414 921 454 in
952 427 1068 454 remo
1092 413 1393 466 integritatem.
1442 417 1484 453 et

165 469 307 511 omnia
345 469 421 512 illa
457 470 676 524 discernit,
713 484 820 525 quae
856 471 1118 512 Academicis
1151 470 1482 512 damnandorum

166 540 363 568 sensuum
424 527 688 570 occasionem
744 528 964 570 dederunt:
1018 543 1112 570 cum
1172 542 1318 569 sensus
1375 528 1484 569 inter

165 585 421 626 certissimas
460 599 526 626 res
570 585 753 627 habendi
792 586 877 627 sint
919 586 1148 627 comitante
1195 586 1376 638 ratione,
1416 585 1483 627 cui

164 656 248 683 non
279 657 510 696 numquam
549 643 602 685 ad
632 643 949 686 discernendam
986 643 1167 697 speciem
1202 657 1289 685 non
1325 642 1482 684 sufficit

94 698 150 741 22
165 714 313 741 sensus
362 715 481 742 1111116.
546 715 645 742 116111
692 702 728 743 61
775 701 939 743 6111111116
987 701 1121 756 pomi,
1169 701 1280 754 quod
1322 701 1481 742 malum
1500 713 1526 740 11

164 757 330 811 dicitur,
361 758 498 812 figura
529 759 703 811 uisatur,
734 773 820 800 non
846 760 960 800 omni
991 759 1116 800 modo
1147 758 1190 799 id
1222 758 1381 799 malum
1407 761 1483 811 est,

162 815 304 869 potuit
334 816 445 856 enim
485 830 535 857 ex
567 816 708 870 aliqua
743 817 922 858 materia
958 817 1063 871 fingi
1098 816 1200 857 mali
1237 815 1480 857 similitudo.

164 872 432 914 aduocandus
473 876 538 915 est
572 874 702 928 igitur
739 888 886 915 66116116
922 874 1046 926 alter,
1087 877 1136 915 ut
1173 873 1276 915 odor
1314 873 1480 915 iudicet.

163 930 236 971 sed
265 931 405 984 potuit
434 931 546 972 inter
582 932 821 985 congeriem
867 932 1074 973 malorum
1109 932 1296 986 positum
1333 945 1480 972 auram

163 987 304 1029 odoris
334 988 468 1042 ipsius
500 989 754 1043 concepisse.
812 989 881 1031 1116
918 991 1058 1030 tactus
1090 988 1367 1030 consulendus
1405 992 1480 1041 est,
1500 1000 1526 1027 11

163 1046 233 1099 qui
274 1048 417 1099 potest
454 1046 504 1087 de
546 1046 729 1100 pondere
765 1047 961 1088 iudicare.
1029 1047 1101 1087 sed
1137 1049 1274 1087 metus
1312 1048 1392 1097 est,
1429 1060 1480 1087 ne

163 1108 205 1144 et
234 1103 325 1157 ipse
356 1103 540 1158 fallatur,
571 1105 607 1146 si
636 1105 768 1146 fallax
793 1104 933 1158 opifex
963 1104 1198 1156 materiam,
1228 1117 1334 1157 quae
1363 1105 1481 1157 pomi
1523 1101 1526 1130 ἶ

160 1161 327 1213 pondus
370 1162 627 1216 imitaretur,
669 1163 810 1217 elegit.
877 1161 1201 1216 confugiendum
1247 1164 1310 1202 est
1349 1161 1481 1215 igitur

161 1217 214 1259 ad
250 1233 462 1273 saporem,
500 1221 571 1274 qui
614 1220 650 1261 si
692 1219 854 1261 formae
898 1220 1150 1272 consentiat,
1188 1219 1347 1260 malum
1389 1231 1480 1260 esse

93 1275 148 1317 23
162 1276 283 1317 nulla
313 1276 522 1319 dubitatio
555 1280 629 1320 est.
690 1279 749 1319 sic
780 1277 995 1331 probatur,
1027 1277 1257 1319 efficaciam
1282 1290 1480 1317 sensuum
1503 1294 1514 1314 ·,

162 1333 212 1375 de
242 1334 405 1376 ratione
442 1336 633 1388 pendere.
699 1335 793 1376 ideo
834 1335 933 1376 deus
971 1335 1112 1389 opifex
1148 1348 1294 1376 omnes
1332 1348 1478 1375 sensus
1507 1333 1511 1335 ’

159 1391 204 1432 111
235 1393 383 1447 capite,
412 1392 456 1433 id
487 1396 552 1434 est
582 1393 692 1434 circa
723 1393 863 1435 sedem
892 1392 1083 1445 rationis,
1117 1391 1306 1434 locauit-⁹

89 1448 169 1489 XV
277 1449 356 1491 His
394 1449 518 1492 dictis
560 1451 683 1492 fauor
720 1451 772 1492 ab
811 1451 1005 1492 omnibus
1042 1452 1210 1492 exortus
1247 1451 1312 1490 est
1349 1448 1478 1490 admi·
1500 1482 1504 1493 2

160 1507 351 1549 rantibus
390 1508 599 1550 dictorum
638 1509 897 1550 soliditatem
929 1508 1051 1561 adeo,
1086 1511 1135 1549 ut
1171 1507 1375 1549 adtestari
1410 1507 1504 1556 uel,

157 1565 309 1640 ipsume
328 1565 593 1621 Euangelum
622 1581 709 1608 non
739 1567 916 1621 pigeret.
978 1565 1171 1607 Disarius
1203 1565 1350 1606 deinde
1381 1565 1477 1606 sub-

158 1622 258 1664 iecit
317 1624 390 1664 isti
421 1624 593 1678 plausus
633 1627 747 1677 sunt,
784 1625 855 1678 qui
890 1625 1125 1678 prouocant
1161 1622 1476 1677 philosophiam

159 1679 212 1721 ad
238 1681 510 1724 uindicandos
538 1682 620 1723 sibi
639 1683 688 1723 de
709 1682 848 1724 aliena
867 1683 957 1723 arte
975 1683 1195 1734 tractatus,
1219 1680 1327 1721 unde
1353 1693 1477 1733 saepe
1493 1680 1522 1733 :J

158 1739 407 1781 manifestos
443 1740 620 1781 incurrit
662 1754 833 1781 errores.
893 1742 940 1781 ut
977 1739 1135 1780 PLATO
1179 1740 1334 1791 uester,
1376 1737 1476 1779 dum

158 1809 234 1836 nec
265 1798 522 1853 anatomica‚
554 1811 667 1853 quae
698 1798 928 1840 medicinae
957 1796 1130 1851 propria
1161 1798 1240 1847 est,
1277 1795 1494 1848 abstinet,

118 1852 292 1894 211611111
330 1854 380 1895 de
421 1870 465 1896 se
507 1856 688 1910 posteris
724 1855 910 1897 tradidit.
982 1854 1087 1895 dixit
1129 1854 1240 1895 enim
1284 1853 1489 1894 diuisas·

160 1925 270 1952 esse
294 1913 405 1954 uias
435 1913 738 1955 deuorandis
763 1912 955 1954 cibatui
980 1914 1029 1953 et
1052 1911 1216 1967 potui,
1241 1913 1288 1952 et
1312 1911 1479 1952 cibum:
1506 1923 1507 1926 ’

158 1969 353 2021 quidem
383 1984 469 2023 per
500 1971 812 2013 stomachum
843 1970 999 2024 trahi,
1027 1972 1197 2023 potum
1233 1982 1352 2010 uero
1389 1975 1486 2022 per?

157 2025 387 2079 ἀρτηρίαν,
429 2042 553 2082 quae
588 2035 764 2084 τραχεῖα
795 2028 999 2081 dicitur,
1036 2027 1188 2068 fibris
1223 2024 1514 2080 pulmonis

251 2134 294 2164 28
319 2130 364 2165 cf.
391 2129 561 2165 Timaeus
586 2143 620 2175 p.
647 2134 690 2165 70
714 2130 747 2164 A

249 2227 271 2256 4
292 2222 549 2267 intellegentia
569 2222 605 2256 P
669 2226 689 2257 6
708 2221 847 2256 achade
865 2222 868 2267 Ι
885 2220 1013 2256 miacil'
1027 2219 1241 2265 dapnandoa.
1255 2219 1292 2254 P
1355 2222 1397 2254 11
1416 2217 1455 2253 111
1476 2204 1489 2242 s
1522 2208 1523 2221 ³

155 2268 233 2304 mss]
251 2275 307 2307 ÷-
350 2268 513 2313 Potultq.
534 2273 594 2303 6111
612 2268 648 2303 Ρ
703 2271 746 2302 31
766 2266 861 2303 uisas
877 2267 914 2302 P
968 2271 1012 2302 33
1031 2269 1191 2302 arteman
1204 2265 1241 2300 P
1282 2266 1425 2301 trachia
1457 2260 1481 2287 ἵ
