1526 2444
538 67 572 103 V
599 70 736 103 15—17
774 66 826 103 VI
853 71 944 103 1-7
1355 63 1412 109 23

66 176 258 219 Auienus
289 200 346 207 —
376 178 426 218 ut
456 176 495 218 ei
524 175 829 230 interpellandi
859 189 954 217 mos
987 176 1079 217 erat
1113 198 1162 204 —-
1199 173 1311 216 ‘cum
1345 190 1411 217 sa-

66 251 185 283 crum
215 233 338 278 mihi’
374 235 437 278 ait
474 234 538 277 ‘ac
575 235 638 276 rei
674 234 874 290 publicae
910 248 1088 288 nomen,
1124 231 1412 289 Praetextate,

65 298 187 337 tuum
217 294 330 336 inter
360 294 571 337 uocabula
601 293 760 335 diuersi
791 293 967 335 habitus
998 293 1145 349 refers,
1177 292 1412 336 admoneor

64 367 152 396 non
177 353 377 408 ludicrae,
408 355 456 395 ut
482 352 676 405 aestimo,
702 352 979 408 quaestionis.
1019 366 1118 395 cum
1143 351 1258 394 enim
1283 353 1410 394 uesti-

4 397 46 452 Βε
64 415 134 454 tus
164 414 292 468 togae
322 412 390 454 uel
428 412 603 454 trabeae
640 426 716 454 seu
747 411 1045 467 paludamenti
1080 411 1248 455 nullum
1280 410 1331 453 de
1364 426 1410 454 se

4 521 6 524 ,
62 472 228 526 proprii
257 470 444 513 nominis
476 485 601 513 usum
632 470 802 526 fecerit,
834 485 992 526 quaero
1026 470 1103 513 abs
1140 473 1183 512 te
1223 484 1297 513 cur
1326 470 1410 513 hoc

0 521 12 611 Β
62 530 115 572 de
153 530 246 573 solo
289 532 540 585 praetextae
576 530 729 572 habitu
772 529 1046 584 usurpauerit
1081 530 1298 585 uetustas,
1335 532 1410 572 aut

0 614 5 670 Β
61 588 161 631 huic
199 589 364 632 nomini
401 603 508 645 quae
547 588 669 643 origo
707 587 981 644 contigerit?
1019 588 1133 630 inter
1169 588 1275 631 haec
1307 577 1451 631 Ani-4

1 671 3 690 1
62 648 132 690 eni
151 647 265 690 dicta
284 647 516 691 Flauianus
536 651 580 690 et
596 647 868 702 Eustathius,
892 662 970 702 par
989 647 1160 702 insigne
1180 647 1410 703 amicitiae,

8 725 44 752 10
63 721 113 749 ac
148 707 328 750 minimo
365 709 466 762 post
501 706 726 750 Eusebius*
751 707 938 762 ingressi
976 706 1231 748 alacriorem
1268 706 1407 748 fecere

61 768 244 821 coetum,
275 769 532 821 acceptaque
563 780 612 808 ac
637 765 804 807 reddita
829 765 1093 808 salutatione
1120 764 1408 807 consederunt

0 829 2 860 l
59 828 364 879 percontantes
390 825 592 881 quidnam
611 824 875 867 offenderint
895 823 1276 867 sermocinationis.
1313 827 1407 867 tum

60 882 234 926 Vettius
295 883 600 939 ‘peroportune
655 882 872 926 adfuistis'
928 883 1070 939 inquit
1127 883 1448 927 ‘adsertorem5

60 943 293 997 quaerenti.
353 946 500 985 mouet
531 943 643 985 enim
674 943 783 985 mihi
814 943 1008 985 Auienus
1039 945 1188 985 noster
1217 943 1405 986 nominis

6 1019 42 1046 15
61 1001 356 1056 quaestionem
389 1004 433 1044 et
462 1003 524 1044 ita
556 1002 769 1058 originem
801 1002 892 1044 eius
926 1002 1152 1058 efflagitat,
1182 1004 1405 1058 tamquam

57 1059 163 1102 fides
201 1061 256 1103 ab
294 1075 345 1103 eo
383 1061 556 1115 generis
594 1061 803 1117 exigenda
842 1061 910 1104 sit.
982 1075 1084 1103 nam
1123 1075 1220 1103 cum
1256 1061 1404 1103 nullus

59 1118 118 1161 sit
147 1120 220 1175 qui
251 1121 492 1175 appelletur
524 1134 602 1163 suo
639 1121 814 1163 nomine
845 1120 915 1162 uel
946 1122 1123 1175 togatus
1155 1120 1226 1162 uel
1263 1120 1403 1162 trabe-

59 1179 157 1220 atus
189 1178 258 1220 uel
287 1179 536 1235 paludatus,
567 1193 642 1222 cur
672 1181 969 1234 praetextatus
1001 1193 1162 1223 nomen
1192 1179 1404 1221 habeatur

57 1237 252 1291 postulat
286 1238 331 1279 in
374 1238 562 1280 medium
599 1238 794 1294 proferri.
861 1239 935 1281 sed
973 1241 1018 1281 et
1054 1253 1151 1281 cum
1187 1237 1306 1294 posti
1342 1238 1443 1281 111-ss

5 1314 40 1340 80
60 1295 266 1351 scriptum
298 1297 355 1339 sit
384 1296 587 1353 Delphici
617 1298 782 1354 templi,
812 1300 857 1340 et
886 1298 1012 1340 um'us
1043 1312 1066 1340 e
1096 1312 1276 1340 numero
1309 1312 1402 1352 sep-

56 1356 146 1396 tem
166 1355 424 1410 sapientium
441 1357 589 1399 eadem
610 1357 668 1399 sit
685 1356 772 1399 ista
798 1358 1014 1399 sententia
1032 1357 1180 1411 γνῶθι
1200 1355 1402 1410 σεαυτόν,

59 1413 161 1468 quid
180 1414 226 1455 in
254 1429 321 1456 me
340 1415 504 1457 nescire
525 1415 818 1458 aestimandus
838 1430 946 1471 sum,
971 1416 1008 1458 si
1033 1429 1191 1458 nomen
1215 1416 1401 1471 ignoro?

56 1472 175 1514 cuius
206 1473 314 1515 mihi
343 1488 458 1516 nunc
490 1477 533 1517 et
563 1474 684 1530 origo
718 1477 760 1516 et
791 1489 921 1517 causa
952 1474 1131 1517 dicenda
1162 1477 1240 1518 est.

173 1531 323 1574 Tullus
373 1532 607 1585 Hostilius,
656 1548 730 1575 rex
773 1533 1067 1576 Romanorum
1109 1534 1284 1588 tertius,
1327 1533 1397 1575 de·
1417 1536 1440 1577 7

1 1589 228 1636 „bellatis
253 1590 451 1634 Etruscis
483 1593 635 1634 sellam
666 1593 860 1635 curulem
884 1593 1143 1648 lictoresque
1176 1594 1219 1634 et
1249 1594 1400 1648 togam

54 1648 215 1702 pictam
242 1652 370 1706 atque
395 1653 683 1705 praetextam,
716 1666 824 1706 quae
849 1651 1038 1707 insignia
1064 1653 1399 1707 magistratuum

53 1706 336 1751 Etruscorum
373 1712 515 1766 erant,
550 1710 714 1765 primus
752 1713 802 1753 ut
838 1710 1002 1753 Romae
1038 1710 1303 1753 haberentur
1338 1711 1402 1753 in-

55 1766 208 1811 stituit.
265 1768 338 1810 sed
363 1772 633 1823 praetextam
658 1770 736 1812 illo
763 1770 934 1812 saeculo
960 1769 1142 1825 puerilis
1167 1784 1253 1812 non
1278 1783 1399 1811 usur-

52 1826 187 1880 pabat
228 1828 364 1870 aetas:
405 1831 499 1870 erat
538 1828 654 1870 enim
697 1830 746 1871 ut
790 1831 947 1885 cetera,
988 1843 1096 1885 quae
1140 1829 1399 1884 enumeraui,

146 1983 167 2015 9
192 1979 425 2015 eusthathius
445 1979 482 2014 Β
563 1979 730 2026 msxgnae
755 1980 792 2015 B
867 1983 910 2016 13
937 1980 1088 2016 adfuisti
1122 1982 1244 2026 1nqu1t
1269 1982 1317 2026 B,
1342 1993 1397 2016 111-

51 2027 133 2070 quit
163 2026 318 2062 affuistis
345 2027 382 2062 P
477 2026 705 2063 adsortorem
735 2032 778 2064 ut
806 2028 886 2064 uid.
910 2026 957 2062 B'
1058 2030 1100 2063 15
1126 2030 1319 2073 tamquam
1353 2049 1397 2055 —

51 2077 95 2108 16
120 2085 208 2109 nam
232 2075 274 2110 in
297 2085 371 2110 ras.
397 2074 435 2110 P
520 2076 690 2120 exigatur
714 2075 751 2110 P
840 2078 883 2111 17
909 2075 1122 2121 appellatur
1147 2076 1185 2111 P
1279 2080 1322 2112 18
1349 2077 1399 2112 ad

50 2130 116 2155 cur
140 2121 225 2158 add.
250 2123 268 2156 1
292 2122 339 2157 οὐ
359 2122 379 2157 b
466 2125 510 2157 19
536 2123 574 2158 et
598 2133 664 2158 om.
690 2122 727 2158 B
808 2126 854 2158 20
879 2122 1003 2158 delfici
1026 2123 1108 2158 BP
1188 2123 1398 2169 sapientum

49 2167 87 2202 P
144 2171 188 2203 21
213 2171 320 2214 gnoti
338 2169 374 2204 se
397 2169 400 2215 Ι
423 2170 538 2205 auton
558 2170 604 2214 B,
632 2170 770 2215 gnothe
790 2170 904 2205 auton
923 2170 961 2205 P
1017 2174 1063 2205 22
1083 2169 1221 2206 nescire
1246 2171 1395 2216 scripsi:

50 2213 140 2250 scire
160 2216 234 2262 Bp,
258 2227 324 2252 om.
345 2216 383 2252 P
451 2216 529 2251 sum
555 2217 592 2252 b:
619 2217 686 2252 flm
705 2218 749 2262 P,
774 2217 820 2252 sit
839 2218 876 2253 Β
948 2221 995 2253 24
1014 2221 1100 2263 post
1122 2217 1295 2253 hofmhus
1310 2218 1395 2253 add.

48 2261 146 2297 hosta
162 2261 267 2298 fihus
281 2264 318 2299 P
385 2267 432 2299 24
451 2263 615 2299 curulem
633 2264 678 2309 P,
698 2264 876 2300 curialem
894 2265 942 2310 B,
962 2267 979 2299 1
998 2265 1125 2301 curule
1145 2266 1165 2301 b
1232 2264 1397 2308 htoresq.

49 2306 96 2342 13¹
169 2312 214 2344 29
240 2311 363 2347 cetera
388 2322 482 2356 quae
507 2322 573 2348 om.
598 2312 635 2347 P
