1526 2444
147 77 232 119 448
639 77 740 113 SAT.
765 77 893 112 LIBRI
917 78 984 112 VII

149 184 279 226 lubile
310 185 353 224 et
383 183 615 224 marcidum
648 185 730 237 est,
760 186 812 238 et,
842 184 926 226 nisi
957 183 1138 238 quodam
1170 184 1340 226 uinculo
1372 198 1470 226 con-

149 243 353 294 tineatur,
388 241 514 282 facile
550 241 708 282 defluit.
770 241 1007 283 continetur
1045 244 1203 296 autem,
1242 256 1367 296 quam
1400 242 1471 283 diu

151 301 275 353 inest,
307 298 448 340 anima
478 298 808 353 reciprocatione
839 300 960 354 aeris,
991 313 1075 353 qua
1098 302 1350 354 uegetantur
1376 313 1470 342 con-

151 356 372 410 ceptacula
397 356 584 411 spiritus,
615 356 713 398 dum
742 371 906 411 semper
929 371 1042 398 nouo
1069 357 1257 411 spirandi
1281 357 1471 399 nutriun-

111 417 221 457 4tur
271 414 486 455 alimento.
557 414 638 456 hoc
681 420 873 456 cessante
917 429 990 468 per
1033 416 1197 456 animae
1241 415 1470 458 discessum
1506 430 1524 456 5

152 472 343 514 membra
373 474 650 526 marcescunt,
683 475 726 513 et
757 487 880 514 omne
910 472 1094 526 pondere
1125 487 1201 514 suo
1231 473 1472 515 conflictum

153 544 306 585 corpus
345 530 565 572 obteritur.
625 533 716 571 tum
754 530 926 584 sanguis
959 531 1103 584 etiam,
1141 530 1211 584 qui
1244 545 1371 585 quam
1402 531 1473 572 diu

152 588 233 630 fuit
270 602 441 641 compos
479 588 650 654 caloris,
690 588 818 630 dabat
853 588 1053 630 membris
1090 588 1299 643 uigorem,
1335 589 1472 630 calore
1524 630 1526 635 ,

154 645 393 688 discedente
429 659 578 688 uersus
615 646 657 687 in
697 647 857 688 saniem
893 660 981 688 non
1017 649 1159 687 manet
1188 646 1300 688 intra
1330 661 1473 700 uenas,

154 704 226 745 sed
268 704 383 746 foras
427 704 695 758 exprimitur,
738 707 864 758 atque
907 705 969 745 ita
1011 704 1165 746 laxatis
1203 704 1472 758 spiramentis
1492 717 1526 760 lq

116 762 293 804 5effluit
323 762 445 803 tabes
475 761 725 803 faeculenta.
785 762 827 802 id
858 762 949 803 fieri
980 762 1044 803 sal
1076 761 1284 803 admixtus
1310 762 1476 816 corpori
1519 773 1526 798 ι’

156 819 365 874 prohibet.
420 822 483 860 est
514 820 625 860 enim
655 822 808 860 natura
833 820 967 861 siccus
999 822 1040 860 et
1065 819 1224 861 calidus
1251 822 1293 861 et
1317 819 1474 861 fluxum
1516 846 1518 851 ›

157 878 326 932 quidem
359 877 549 931 corporis
580 877 720 919 calore
752 877 981 928 contrahit,
1017 877 1238 918 humorem
1269 891 1369 919 uero
1401 878 1477 919 sic·
1514 874 1516 879 ’

157 935 285 977 citate
321 935 390 976 uel
426 937 591 976 coercet
626 936 692 976 uel
730 935 935 977 exsorbet.
995 937 1106 976 certe
1136 934 1356 976 humorem
1387 936 1474 976 sale
1515 953 1519 982 ζ

158 992 316 1034 differri
348 993 435 1034 siue
467 993 657 1034 consumi
688 993 736 1034 fit
765 992 863 1034 hinc
893 993 1068 1047 cognitu
1096 992 1238 1047 facile,
1274 993 1403 1047 quod,
1440 993 1475 1034 si
1517 1003 1524 1046 J

157 1051 262 1092 duos
286 1065 419 1105 panes
444 1051 537 1104 pari
562 1050 852 1106 magnitudine
878 1050 1037 1103 feceris,
1067 1064 1198 1091 unum
1224 1051 1310 1092 sale
1335 1065 1474 1104 asper-

159 1124 264 1163 sum,
297 1109 385 1150 sine
414 1109 501 1150 sale
527 1109 720 1163 alterum,
750 1109 938 1150 inuenies
963 1108 1221 1164 indigentem
1251 1107 1350 1149 salis
1374 1122 1476 1162 pon-

156 1167 252 1208 dere
295 1166 631 1221 propensiorem,
674 1167 836 1208 scilieet
877 1167 1053 1208 humore
1095 1166 1140 1207 in
1176 1180 1225 1207 eo
1262 1180 1338 1219 per
1374 1166 1475 1207 salis

154 1225 372 1279 penuriam
402 1223 702 1279 permanente.2
1505 1226 1507 1231 '

115 1284 140 1325 6
273 1281 351 1324 ‘Et
373 1282 454 1323 hoc
480 1297 505 1323 a
524 1282 695 1324 Disario
722 1296 815 1323 meo
842 1282 1082 1336 quaesitum
1107 1282 1219 1335 uolo,
1244 1295 1316 1323 cur
1341 1281 1476 1323 defae-

154 1343 296 1382 catum
340 1340 489 1381 uinum
532 1340 714 1382 ualidius
759 1340 815 1381 sit
856 1340 1020 1381 uiribus
1064 1339 1137 1381 sed
1176 1339 1386 1380 infirmius
1423 1339 1501 1381 ad

155 1398 485 1452 permanendum
520 1400 562 1439 et
593 1400 680 1439 tam
712 1397 928 1439 bibentem
960 1398 1042 1439 cito
1074 1400 1309 1452 permonet,
1351 1411 1476 1451 quam

116 1459 137 1498 ’ἲ
157 1457 309 1510 ipsum,
342 1456 378 1498 si
407 1455 627 1510 manserit,
657 1456 782 1498 facile
812 1454 1052 1497 mutatur-‘22'
1114 1455 1245 1511 ‘quod
1276 1455 1383 1497 cito'
1413 1455 1476 1496 in-

156 1515 249 1569 quit
285 1513 480 1556 Disarius
519 1513 776 1568 ‘pern-muesz,
813 1514 918 1556 haee
954 1513 1063 1555 ratio
1102 1517 1182 1568 est,
1219 1513 1318 1568 quia
1354 1515 1476 1557 tanto

154 1572 459 1626 penetrabilius
503 1572 686 1614 efficitur
728 1571 773 1613 in
815 1586 946 1613 uenas
983 1571 1187 1626 bibentis,
1231 1573 1389 1626 quanto
1426 1570 1476 1614 fit

154 1629 358 1685 liquidius
394 1630 512 1673 faece
548 1632 744 1684 purgata.
803 1630 896 1671 ideo
936 1631 1078 1671 autem
1117 1628 1242 1671 facile
1278 1630 1491 1683 mutatur,

157 1688 267 1742 quod
300 1688 418 1729 nullo
450 1688 719 1730 firmamento
750 1687 895 1729 nixum
926 1687 1110 1742 undique
1143 1687 1207 1728 sui
1239 1686 1291 1728 ad
1321 1700 1515 1731 noxam„

155 1749 286 1799 patet.
346 1746 442 1789 faex
480 1746 591 1787 enim
628 1746 728 1787 uino
767 1745 1014 1787 sustinendo
1050 1747 1092 1786 et
1123 1745 1272 1786 alendo
1305 1746 1347 1786 et
1380 1744 1483 1787 uiri--

155 1804 232 1844 bus
266 1803 524 1846 sufficiendis
555 1804 675 1858 quasi
705 1803 826 1845 radix
858 1804 946 1845 eius
978 1801 1071 1844 est.'

116 1861 140 1902 8
273 1861 351 1902 eEt
393 1862 473 1903 hoc
517 1860 694 1928 quaero'
731 1860 921 1902 Auienus
960 1859 1062 1902 ait
1072 1875 1146 1902 cur
1181 1860 1275 1901 faex
1310 1860 1355 1902 in
1390 1859 1484 1903 imo

156 1918 339 1960 subsidit
370 1919 560 1961 omnium
591 1920 676 1961 nisi
706 1919 861 1974 mellis,
892 1919 976 1960 mel
1008 1919 1146 1960 solum
1177 1919 1261 1971 est,
1293 1917 1403 1973 quod
1458 1937 1485 1966 ι,

156 1991 367 2018 summum
410 1977 572 2018 faecem
615 1976 822 2031 expuatP'
886 1976 938 2018 ad
979 1976 1060 2018 hoc
1096 1975 1290 2018 Disarius
1328 1973 1478 2019 ‘faecis

156 2034 346 2087 materia,
377 2036 424 2075 ut
449 2035 588 2088 spissa
614 2037 740 2089 atque
766 2037 945 2088 terrena,
977 2034 1127 2076 ceteris
1153 2033 1349 2075 laticibus
1374 2046 1490 2087 pon:

249 2185 270 2217 8
297 2182 408 2226 εὸΡΟΓ
427 2183 463 2217 Ρ
538 2186 578 2217 11
605 2182 775 2218 f&ulenta
803 2182 839 2216 P
910 2185 954 2217 14
978 2183 1019 2217 in
1043 2181 1208 2217 exsorbet
1231 2182 1272 2218 in
1295 2191 1368 2217 ras.
1398 2206 1403 2212 -
1430 2197 1441 2205 ν
1512 2199 1517 2225 3

157 2228 236 2264 sorb
260 2229 302 2263 in
329 2228 365 2262 P
441 2233 483 2264 19
508 2234 662 2274 penur1a
685 2230 726 2264 in
750 2240 822 2264 ras.
848 2229 888 2264 in
912 2229 948 2263 P
1024 2232 1066 2263 21
1091 2229 1139 2263 fit
1163 2229 1199 2263 P
1273 2231 1316 2262 22
1341 2228 1380 2262 et
1401 2228 1441 2262 ta
1478 2263 1480 2266 ,
1508 2265 1513 2271 ,

157 2274 344 2310 bibentem
369 2286 433 2311 om.
459 2276 496 2310 P
