1526 2444
501 640 721 683 LIBER
765 639 1123 684 SECVNDVS

267 733 349 775 Hic
397 733 472 775 ubi
521 733 736 775 modestus
786 733 934 776 edendi
977 733 1125 776 modus
1169 747 1333 774 cessare
1381 733 1478 775 fecit

151 792 447 834 castimoniam
482 791 757 845 ferculorum,
794 794 837 833 et
875 792 1110 834 conuiualis
1146 791 1314 833 laetitia
1345 791 1479 832 minu-

152 850 280 892 sculis
305 850 468 904 poculis
496 850 722 903 oriebatur,
741 850 931 891 Auienus
959 850 1021 891 ait
1046 849 1167 891 ‘bene
1193 863 1243 890 ae
1267 849 1480 902 sapienter

152 908 274 950 Maro
310 910 458 949 noster
492 908 800 949 tumultuosum
838 911 883 950 et
917 908 1105 950 sobrium
1135 921 1218 948 uno
1250 907 1479 961 eodemque

116 977 132 1003 ⁵
153 980 280 1008 uersu
311 965 535 1020 descripsit
567 966 645 1006 sub
677 979 908 1019 paucorum
938 966 1166 1007 uerborum
1197 965 1480 1006 inmutatione

150 1024 406 1065 conuiuium.
471 1038 573 1064 nam
615 1023 688 1064 ubi
733 1023 810 1065 sub
849 1026 1059 1078 apparatu
1095 1023 1213 1078 regio
1254 1022 1479 1076 procedere

149 1082 259 1124 solet
287 1082 410 1123 luxus
442 1081 496 1123 ad
526 1081 753 1136 strepitum

341 1162 584 1217 ‘postquam
614 1161 767 1217 prima'
799 1162 940 1217 inquit
971 1161 1105 1217 ‘quies
1137 1159 1288 1216 epulis'

150 1247 195 1286 at
219 1259 313 1286 cum
338 1244 488 1286 heroes
515 1243 734 1297 castigatis
761 1243 941 1297 dapibus
968 1243 1180 1297 adsidam,
1204 1256 1290 1284 non
1314 1241 1480 1284 reducit

100 1314 134 1339 10
154 1303 350 1357 quietem,
382 1302 481 1356 quia
511 1315 588 1343 nec
618 1301 850 1355 praecessit
881 1301 1103 1354 tumultus,
1134 1300 1207 1342 sed

416 1384 645 1437 postquam
679 1384 875 1436 exempta
904 1382 1038 1423 fames
1071 1381 1218 1435 epulis.

149 1466 346 1507 nostrum
376 1464 458 1506 hoc
489 1464 744 1516 conuiuium,
775 1463 886 1518 quod
917 1465 960 1505 et
989 1461 1149 1504 heroici
1180 1461 1336 1504 saeculi
1360 1461 1500 1516 pudir

149 1523 295 1564 citiam
320 1525 363 1564 et
392 1522 531 1564 nostri
561 1521 763 1564 conduxit
792 1521 1059 1576 elegantiam,
1089 1520 1135 1561 in
1166 1534 1248 1574 quo
1280 1518 1478 1574 splendor

151 1581 317 1623 sobrius
361 1583 404 1622 et
446 1579 628 1635 diligens
672 1579 951 1633 parsimonia,
993 1578 1235 1633 Agathonis
1255 1598 1260 1602 ·
1278 1577 1476 1619 conuiuio

98 1651 132 1676 15
151 1639 217 1680 uel
265 1640 364 1692 post
411 1637 820 1693 magniloquentiam
864 1636 1057 1678 Platonis
1100 1650 1184 1678 non
1227 1649 1478 1689 componere

149 1699 319 1738 tantum
350 1696 423 1738 sed
452 1709 530 1737 nee
561 1695 772 1749 praeferre
804 1694 1099 1736 dubitauerim.
1150 1707 1251 1735 nam
1281 1693 1373 1747 ipse
1403 1707 1478 1734 rex

150 1768 322 1796 mensae
348 1768 426 1796 nec
450 1754 495 1794 in
519 1754 709 1795 moribus
736 1751 908 1794 Socrate
934 1753 1072 1794 minor
1098 1754 1140 1793 et
1163 1750 1210 1792 in
1233 1765 1278 1793 re
1303 1750 1476 1804 publiea
1496 1787 1498 1789 .

149 1812 407 1866 philosopho
441 1811 672 1864 efficacior,
702 1811 842 1865 ceteri,
874 1811 947 1864 qui
979 1810 1148 1864 adestis,
1180 1808 1480 1851 eminentiores

152 1870 254 1911 estis
293 1870 345 1911 ad
383 1869 523 1911 studia
558 1869 781 1921 uirtutum,
818 1883 946 1923 quam
981 1870 1029 1910 ut
1066 1868 1202 1922 poetis
1233 1866 1404 1909 comicis
1438 1868 1496 1922 et?

99 1940 134 1965 20
156 1927 386 1982 Alcibiadi,
421 1927 495 1982 qui
529 1929 697 1968 tantum
733 1926 816 1968 fuit
846 1926 969 1968 fortis
1000 1926 1053 1967 ad
1083 1925 1260 1967 erimina
1291 1924 1480 1978 aliisque,

244 2045 265 2076 8
290 2042 382 2076 Aen.
407 2041 423 2075 I
450 2044 516 2076 723
591 2043 631 2075 11
659 2040 749 2075 Aen.
780 2039 793 2075 I
819 2044 885 2075 216

243 2149 263 2180 2
289 2143 490 2180 mmlsculls
510 2144 671 2190 porouhr
691 2142 737 2179 B‘
841 2149 862 2179 3
888 2155 931 2180 ae
955 2148 988 2180 et
1011 2143 1049 2178 sa
1072 2143 1113 2178 in
1137 2143 1319 2186 saplenter
1342 2143 1384 2177 in
1407 2151 1480 2177 ras.

150 2193 191 2227 in
215 2192 251 2227 P
318 2196 341 2227 4
366 2202 440 2226 una
463 2188 509 2226 B'
583 2195 604 2226 5
623 2192 882 2226 1mmutat1one
901 2191 937 2226 P
1005 2195 1026 2225 9
1045 2188 1298 2235 heroesleseau
1315 2187 1485 2234 grat1sP

152 2238 317 2274 adfidum
342 2236 388 2274 B'
469 2242 511 2272 11
538 2240 684 2274 exemta
709 2235 755 2273 B'
834 2241 875 2272 19
902 2241 975 2281 qua
1000 2256 1044 2262 -
1068 2239 1112 2271 20
1138 2234 1314 2280 a101p1ad1
1339 2235 1405 2278 (ita
1429 2235 1479 2277 Β)

153 2297 216 2330 qm
245 2286 328 2320 tant
356 2286 486 2331 (cetera
515 2285 685 2321 uocabuli
710 2295 803 2330 pars
832 2287 961 2320 resecto
985 2283 1148 2328 marqine
1167 2282 1293 2327 periit)
1319 2282 1394 2317 add
1416 2281 1481 2316 Bm
