<?xml version="1.0" encoding="UTF-8"?>
<!DOCTYPE html PUBLIC "-//W3C//DTD XHTML 1.0 Transitional//EN"
    "http://www.w3.org/TR/xhtml1/DTD/xhtml1-transitional.dtd">
<html xmlns="http://www.w3.org/1999/xhtml" xml:lang="en" lang="en">
 <head>
  <title>
</title>
<meta http-equiv="Content-Type" content="text/html;charset=utf-8" />
  <meta name='ocr-system' content='tesseract 3.04.00' />
  <meta name='ocr-capabilities' content='ocr_page ocr_carea ocr_par ocr_line ocrx_word'/>
</head>
<body>
  <div class='ocr_page' id='page_1' title='image "./macrobiusfrancis00macruoft_0647.png"; bbox 0 0 1526 2444; ppageno 0'>
   <div class='ocr_carea' id='block_1_1' title="bbox 0 0 1414 259">
    <p class='ocr_par' dir='ltr' id='par_1_1' title="bbox 0 0 1414 259">
     <span class='ocr_line' id='line_1_1' title="bbox 0 0 1414 259; baseline 0.008 -167"><span class='ocrx_word' id='word_1_1' title='bbox 0 0 35 259; x_wconf 54' lang='grc' dir='ltr'>,ἰ</span> <span class='ocrx_word' id='word_1_2' title='bbox 595 61 698 97; x_wconf 80' lang='lat' dir='ltr'>xml</span> <span class='ocrx_word' id='word_1_3' title='bbox 723 64 862 98; x_wconf 77' lang='lat'>25-35</span> <span class='ocrx_word' id='word_1_4' title='bbox 1327 60 1414 104; x_wconf 85' lang='lat'>635</span> 
     </span>
    </p>
   </div>
   <div class='ocr_carea' id='block_1_2' title="bbox 0 169 1484 1991">
    <p class='ocr_par' dir='ltr' id='par_1_2' title="bbox 25 169 1484 460">
     <span class='ocr_line' id='line_1_2' title="bbox 61 169 1408 224; baseline -0.001 -13"><span class='ocrx_word' id='word_1_5' title='bbox 61 171 282 224; x_wconf 85' lang='lat' dir='ltr'>exercet,</span> <span class='ocrx_word' id='word_1_6' title='bbox 321 169 405 211; x_wconf 87' lang='lat' dir='ltr'>sed</span> <span class='ocrx_word' id='word_1_7' title='bbox 437 169 530 212; x_wconf 91' lang='lat' dir='ltr'>hoc</span> <span class='ocrx_word' id='word_1_8' title='bbox 561 170 792 212; x_wconf 85' lang='lat' dir='ltr'>uidemus</span> <span class='ocrx_word' id='word_1_9' title='bbox 824 169 944 212; x_wconf 86' lang='lat' dir='ltr'>fieri</span> <span class='ocrx_word' id='word_1_10' title='bbox 975 183 1074 212; x_wconf 88' lang='lat' dir='ltr'>non</span> <span class='ocrx_word' id='word_1_11' title='bbox 1105 182 1274 224; x_wconf 85' lang='lat' dir='ltr'>posse,</span> <span class='ocrx_word' id='word_1_12' title='bbox 1305 182 1408 211; x_wconf 93' lang='lat' dir='ltr'>non</span> 
     </span>
     <span class='ocr_line' id='line_1_3' title="bbox 59 227 1484 284; baseline 0 -14"><span class='ocrx_word' id='word_1_13' title='bbox 59 228 224 284; x_wconf 86' lang='lat' dir='ltr'>igitur</span> <span class='ocrx_word' id='word_1_14' title='bbox 266 230 510 271; x_wconf 88' lang='lat' dir='ltr'>mouetur.</span> <span class='ocrx_word' id='word_1_15' title='bbox 579 228 646 270; x_wconf 90' lang='lat' dir='ltr'>his</span> <span class='ocrx_word' id='word_1_16' title='bbox 691 243 862 284; x_wconf 88' lang='lat' dir='ltr'>quoque</span> <span class='ocrx_word' id='word_1_17' title='bbox 907 228 1025 271; x_wconf 88' lang='lat' dir='ltr'>addit</span> <span class='ocrx_word' id='word_1_18' title='bbox 1068 228 1111 271; x_wconf 85' lang='lat' dir='ltr'>si</span> <span class='ocrx_word' id='word_1_19' title='bbox 1151 227 1321 270; x_wconf 89' lang='lat' dir='ltr'>anima</span> <span class='ocrx_word' id='word_1_20' title='bbox 1360 228 1484 272; x_wconf 82' lang='lat' dir='ltr'>se30</span> 
     </span>
     <span class='ocr_line' id='line_1_4' title="bbox 60 288 1412 343; baseline 0 -15"><span class='ocrx_word' id='word_1_21' title='bbox 60 289 246 342; x_wconf 84' lang='lat' dir='ltr'>mouet,</span> <span class='ocrx_word' id='word_1_22' title='bbox 276 301 484 329; x_wconf 88' lang='lat' dir='ltr'>necesse</span> <span class='ocrx_word' id='word_1_23' title='bbox 516 291 616 342; x_wconf 87' lang='lat' dir='ltr'>est,</span> <span class='ocrx_word' id='word_1_24' title='bbox 646 291 701 330; x_wconf 91' lang='lat' dir='ltr'>ut</span> <span class='ocrx_word' id='word_1_25' title='bbox 732 288 911 343; x_wconf 91' lang='lat' dir='ltr'>aliquo</span> <span class='ocrx_word' id='word_1_26' title='bbox 942 289 1109 330; x_wconf 90' lang='lat' dir='ltr'>motus</span> <span class='ocrx_word' id='word_1_27' title='bbox 1141 300 1328 343; x_wconf 82' lang='lat' dir='ltr'>genere</span> <span class='ocrx_word' id='word_1_28' title='bbox 1361 301 1412 328; x_wconf 90' lang='lat' dir='ltr'>se</span> 
     </span>
     <span class='ocr_line' id='line_1_5' title="bbox 61 346 1413 401; baseline 0 -14"><span class='ocrx_word' id='word_1_29' title='bbox 61 348 281 400; x_wconf 88' lang='lat' dir='ltr'>moueat,</span> <span class='ocrx_word' id='word_1_30' title='bbox 312 360 433 401; x_wconf 83' lang='lat' dir='ltr'>ergo</span> <span class='ocrx_word' id='word_1_31' title='bbox 461 349 546 388; x_wconf 90' lang='lat' dir='ltr'>aut</span> <span class='ocrx_word' id='word_1_32' title='bbox 571 346 623 388; x_wconf 88' lang='lat' dir='ltr'>in</span> <span class='ocrx_word' id='word_1_33' title='bbox 647 347 758 389; x_wconf 89' lang='lat' dir='ltr'>loco</span> <span class='ocrx_word' id='word_1_34' title='bbox 786 361 835 388; x_wconf 89' lang='lat' dir='ltr'>se</span> <span class='ocrx_word' id='word_1_35' title='bbox 858 348 1033 389; x_wconf 88' lang='lat' dir='ltr'>mouet</span> <span class='ocrx_word' id='word_1_36' title='bbox 1058 348 1144 388; x_wconf 90' lang='lat' dir='ltr'>aut</span> <span class='ocrx_word' id='word_1_37' title='bbox 1171 359 1222 387; x_wconf 88' lang='lat' dir='ltr'>se</span> <span class='ocrx_word' id='word_1_38' title='bbox 1247 346 1413 400; x_wconf 88' lang='lat' dir='ltr'>ipsam</span> 
     </span>
     <span class='ocr_line' id='line_1_6' title="bbox 18 397 1411 460; baseline 0.001 -15.005"><span class='ocrx_word' id='word_1_39' title='bbox 18 397 307 460; x_wconf 64' lang='lat' dir='ltr'>bpariendo</span> <span class='ocrx_word' id='word_1_40' title='bbox 353 419 404 447; x_wconf 87' lang='lat' dir='ltr'>se</span> <span class='ocrx_word' id='word_1_41' title='bbox 442 408 613 447; x_wconf 90' lang='lat' dir='ltr'>mouet</span> <span class='ocrx_word' id='word_1_42' title='bbox 652 408 737 448; x_wconf 84' lang='lat' dir='ltr'>aut</span> <span class='ocrx_word' id='word_1_43' title='bbox 775 420 825 447; x_wconf 90' lang='lat' dir='ltr'>se</span> <span class='ocrx_word' id='word_1_44' title='bbox 862 405 1027 460; x_wconf 82' lang='lat' dir='ltr'><strong>ipsam</strong></span> <span class='ocrx_word' id='word_1_45' title='bbox 1065 403 1411 447; x_wconf 87' lang='lat' dir='ltr'>consumendo</span> 
     </span>
    </p>

    <p class='ocr_par' dir='ltr' id='par_1_3' title="bbox 0 463 1414 522">
     <span class='ocr_line' id='line_1_7' title="bbox 0 463 1414 522; baseline 0 -17"><span class='ocrx_word' id='word_1_46' title='bbox 0 498 14 522; x_wconf 49' lang='lat'><strong>5</strong></span> <span class='ocrx_word' id='word_1_47' title='bbox 60 465 146 505; x_wconf 84' lang='lat' dir='ltr'>aut</span> <span class='ocrx_word' id='word_1_48' title='bbox 189 477 239 505; x_wconf 90' lang='lat' dir='ltr'>se</span> <span class='ocrx_word' id='word_1_49' title='bbox 283 464 518 518; x_wconf 83' lang='lat' dir='ltr'>augendo</span> <span class='ocrx_word' id='word_1_50' title='bbox 563 467 651 507; x_wconf 90' lang='lat' dir='ltr'>aut</span> <span class='ocrx_word' id='word_1_51' title='bbox 694 479 744 507; x_wconf 89' lang='lat' dir='ltr'>se</span> <span class='ocrx_word' id='word_1_52' title='bbox 790 464 1085 518; x_wconf 88' lang='lat' dir='ltr'>minuendo,</span> <span class='ocrx_word' id='word_1_53' title='bbox 1127 463 1252 506; x_wconf 88' lang='lat' dir='ltr'>haec</span> <span class='ocrx_word' id='word_1_54' title='bbox 1292 465 1414 505; x_wconf 89' lang='lat' dir='ltr'>sunt</span> 
     </span>
    </p>

    <p class='ocr_par' dir='ltr' id='par_1_4' title="bbox 0 518 1483 580">
     <span class='ocr_line' id='line_1_8' title="bbox 0 518 1483 580; baseline -0.001 -16"><span class='ocrx_word' id='word_1_55' title='bbox 0 518 14 572; x_wconf 70' lang='grc' dir='ltr'><em>ξ</em></span> <span class='ocrx_word' id='word_1_56' title='bbox 61 521 194 564; x_wconf 90' lang='lat' dir='ltr'>enim</span> <span class='ocrx_word' id='word_1_57' title='bbox 233 523 294 564; x_wconf 90' lang='lat' dir='ltr'>ait</span> <span class='ocrx_word' id='word_1_58' title='bbox 332 525 497 565; x_wconf 89' lang='lat' dir='ltr'>motus</span> <span class='ocrx_word' id='word_1_59' title='bbox 536 537 734 580; x_wconf 83' lang='lat' dir='ltr'>genera.</span> <span class='ocrx_word' id='word_1_60' title='bbox 794 523 978 566; x_wconf 89' lang='lat' dir='ltr'>horum</span> <span class='ocrx_word' id='word_1_61' title='bbox 1009 522 1151 578; x_wconf 87' lang='lat' dir='ltr'>inquit</span> <span class='ocrx_word' id='word_1_62' title='bbox 1182 521 1413 578; x_wconf 86' lang='lat' dir='ltr'>singula,</span> <span class='ocrx_word' id='word_1_63' title='bbox 1429 521 1483 563; x_wconf 87' lang='grc'>31</span> 
     </span>
    </p>

    <p class='ocr_par' dir='ltr' id='par_1_5' title="bbox 0 578 1416 638">
     <span class='ocr_line' id='line_1_9' title="bbox 60 580 1416 638; baseline 0 -16"><span class='ocrx_word' id='word_1_64' title='bbox 60 594 203 635; x_wconf 89' lang='lat' dir='ltr'>quem</span> <span class='ocrx_word' id='word_1_65' title='bbox 237 581 296 623; x_wconf 88' lang='lat' dir='ltr'>ad</span> <span class='ocrx_word' id='word_1_66' title='bbox 328 582 524 624; x_wconf 91' lang='lat' dir='ltr'>modum</span> <span class='ocrx_word' id='word_1_67' title='bbox 555 582 762 638; x_wconf 81' lang='lat' dir='ltr'>possint</span> <span class='ocrx_word' id='word_1_68' title='bbox 793 582 932 638; x_wconf 87' lang='lat' dir='ltr'>fieri,</span> <span class='ocrx_word' id='word_1_69' title='bbox 969 581 1305 637; x_wconf 83' lang='lat' dir='ltr'>requiramus.</span> <span class='ocrx_word' id='word_1_70' title='bbox 1367 580 1416 623; x_wconf 89' lang='lat' dir='ltr'>si</span> 
     </span>
    </p>

    <p class='ocr_par' dir='ltr' id='par_1_6' title="bbox 0 639 1413 694">
     <span class='ocr_line' id='line_1_10' title="bbox 0 639 1413 694; baseline -0.001 -11"><span class='ocrx_word' id='word_1_71' title='bbox 0 658 6 683; x_wconf 75' lang='grc' dir='ltr'><strong><em>ς</em></strong></span> <span class='ocrx_word' id='word_1_72' title='bbox 59 639 111 681; x_wconf 89' lang='lat' dir='ltr'>in</span> <span class='ocrx_word' id='word_1_73' title='bbox 159 640 270 682; x_wconf 93' lang='lat' dir='ltr'>loco</span> <span class='ocrx_word' id='word_1_74' title='bbox 323 655 373 682; x_wconf 86' lang='lat' dir='ltr'>se</span> <span class='ocrx_word' id='word_1_75' title='bbox 423 644 610 694; x_wconf 81' lang='lat' dir='ltr'>mouet,</span> <span class='ocrx_word' id='word_1_76' title='bbox 660 643 747 683; x_wconf 88' lang='lat' dir='ltr'>aut</span> <span class='ocrx_word' id='word_1_77' title='bbox 793 641 843 683; x_wconf 90' lang='lat' dir='ltr'>in</span> <span class='ocrx_word' id='word_1_78' title='bbox 892 643 1083 683; x_wconf 86' lang='lat' dir='ltr'>rectam</span> <span class='ocrx_word' id='word_1_79' title='bbox 1126 641 1318 682; x_wconf 87' lang='lat' dir='ltr'>lineam</span> <span class='ocrx_word' id='word_1_80' title='bbox 1363 653 1413 681; x_wconf 90' lang='lat' dir='ltr'>se</span> 
     </span>
    </p>

    <p class='ocr_par' dir='ltr' id='par_1_7' title="bbox 0 675 1412 760">
     <span class='ocr_line' id='line_1_11' title="bbox 0 675 1412 760; baseline 0.001 -21"><span class='ocrx_word' id='word_1_81' title='bbox 0 690 231 760; x_wconf 51' lang='lat' dir='ltr'>{omouet</span> <span class='ocrx_word' id='word_1_82' title='bbox 274 702 361 741; x_wconf 86' lang='lat' dir='ltr'>aut</span> <span class='ocrx_word' id='word_1_83' title='bbox 405 675 676 754; x_wconf 80' lang='lat' dir='ltr'>sphaerico</span> <span class='ocrx_word' id='word_1_84' title='bbox 720 702 858 742; x_wconf 92' lang='lat' dir='ltr'>motu</span> <span class='ocrx_word' id='word_1_85' title='bbox 898 700 949 741; x_wconf 94' lang='lat' dir='ltr'>in</span> <span class='ocrx_word' id='word_1_86' title='bbox 988 699 1159 741; x_wconf 91' lang='lat' dir='ltr'>orbem</span> <span class='ocrx_word' id='word_1_87' title='bbox 1198 701 1412 741; x_wconf 86' lang='lat' dir='ltr'>rotatur.</span> 
     </span>
    </p>

    <p class='ocr_par' dir='ltr' id='par_1_8' title="bbox 0 749 1484 813">
     <span class='ocr_line' id='line_1_12' title="bbox 0 749 1484 813; baseline -0.001 -15"><span class='ocrx_word' id='word_1_88' title='bbox 0 749 38 812; x_wconf 64' lang='grc' dir='ltr'>ζ</span> <span class='ocrx_word' id='word_1_89' title='bbox 61 757 146 799; x_wconf 88' lang='lat' dir='ltr'>sed</span> <span class='ocrx_word' id='word_1_90' title='bbox 184 760 323 800; x_wconf 89' lang='lat' dir='ltr'>recta</span> <span class='ocrx_word' id='word_1_91' title='bbox 361 758 498 800; x_wconf 87' lang='lat' dir='ltr'>linea</span> <span class='ocrx_word' id='word_1_92' title='bbox 534 758 752 800; x_wconf 88' lang='lat' dir='ltr'>infinita</span> <span class='ocrx_word' id='word_1_93' title='bbox 787 758 931 800; x_wconf 89' lang='lat' dir='ltr'>nulla</span> <span class='ocrx_word' id='word_1_94' title='bbox 969 761 1066 813; x_wconf 85' lang='lat' dir='ltr'>est,</span> <span class='ocrx_word' id='word_1_95' title='bbox 1108 772 1222 799; x_wconf 88' lang='lat' dir='ltr'>nam</span> <span class='ocrx_word' id='word_1_96' title='bbox 1260 770 1413 813; x_wconf 89' lang='lat' dir='ltr'>quae·</span> <span class='ocrx_word' id='word_1_97' title='bbox 1428 754 1484 797; x_wconf 82' lang='grc'>32</span> 
     </span>
    </p>

    <p class='ocr_par' dir='ltr' id='par_1_9' title="bbox 0 816 1413 882">
     <span class='ocr_line' id='line_1_13' title="bbox 0 816 1413 882; baseline 0 -25"><span class='ocrx_word' id='word_1_98' title='bbox 0 823 13 864; x_wconf 67' lang='lat'>{2</span> <span class='ocrx_word' id='word_1_99' title='bbox 61 829 271 870; x_wconf 88' lang='lat' dir='ltr'>cumque</span> <span class='ocrx_word' id='word_1_100' title='bbox 326 817 377 857; x_wconf 91' lang='lat' dir='ltr'>in</span> <span class='ocrx_word' id='word_1_101' title='bbox 433 818 617 859; x_wconf 90' lang='lat' dir='ltr'>natura</span> <span class='ocrx_word' id='word_1_102' title='bbox 671 817 1015 873; x_wconf 71' lang='lat' dir='ltr'>intellegatur</span> <span class='ocrx_word' id='word_1_103' title='bbox 1070 816 1242 882; x_wconf 42' lang='lat' dir='ltr'>linea,·</span> <span class='ocrx_word' id='word_1_104' title='bbox 1289 829 1413 870; x_wconf 91' lang='lat' dir='ltr'>quo-</span> 
     </span>
    </p>

    <p class='ocr_par' dir='ltr' id='par_1_10' title="bbox 0 874 1412 932">
     <span class='ocr_line' id='line_1_14' title="bbox 0 874 1412 932; baseline 0 -17"><span class='ocrx_word' id='word_1_105' title='bbox 0 874 10 932; x_wconf 71' lang='grc' dir='ltr'>ξ</span> <span class='ocrx_word' id='word_1_106' title='bbox 61 888 270 929; x_wconf 89' lang='lat' dir='ltr'>cumque</span> <span class='ocrx_word' id='word_1_107' title='bbox 319 875 422 917; x_wconf 88' lang='lat' dir='ltr'>fine</span> <span class='ocrx_word' id='word_1_108' title='bbox 472 875 579 917; x_wconf 88' lang='lat' dir='ltr'>sine</span> <span class='ocrx_word' id='word_1_109' title='bbox 624 876 777 918; x_wconf 89' lang='lat' dir='ltr'>dubio</span> <span class='ocrx_word' id='word_1_110' title='bbox 821 875 1152 930; x_wconf 84' lang='lat' dir='ltr'>terminatur,</span> <span class='ocrx_word' id='word_1_111' title='bbox 1201 874 1244 916; x_wconf 92' lang='lat' dir='ltr'>si</span> <span class='ocrx_word' id='word_1_112' title='bbox 1289 887 1412 930; x_wconf 86' lang='lat' dir='ltr'>ergo</span> 
     </span>
    </p>

    <p class='ocr_par' dir='ltr' id='par_1_11' title="bbox 0 933 1414 996">
     <span class='ocr_line' id='line_1_15' title="bbox 0 933 1414 996; baseline 0 -22"><span class='ocrx_word' id='word_1_113' title='bbox 0 934 10 996; x_wconf 61' lang='grc' dir='ltr'>ξ’</span> <span class='ocrx_word' id='word_1_114' title='bbox 61 947 150 988; x_wconf 90' lang='lat' dir='ltr'>per</span> <span class='ocrx_word' id='word_1_115' title='bbox 193 933 380 976; x_wconf 86' lang='lat' dir='ltr'>lineam</span> <span class='ocrx_word' id='word_1_116' title='bbox 417 935 746 977; x_wconf 73' lang='lat' dir='ltr'>terminatam</span> <span class='ocrx_word' id='word_1_117' title='bbox 784 935 952 976; x_wconf 86' lang='lat' dir='ltr'>anima</span> <span class='ocrx_word' id='word_1_118' title='bbox 990 949 1041 976; x_wconf 88' lang='lat' dir='ltr'>se</span> <span class='ocrx_word' id='word_1_119' title='bbox 1080 935 1268 985; x_wconf 88' lang='lat' dir='ltr'>mouet,</span> <span class='ocrx_word' id='word_1_120' title='bbox 1312 947 1414 975; x_wconf 91' lang='lat' dir='ltr'>non</span> 
     </span>
    </p>

    <p class='ocr_par' dir='ltr' id='par_1_12' title="bbox 0 991 1413 1059">
     <span class='ocr_line' id='line_1_16' title="bbox 0 991 1413 1059; baseline -0.001 -25"><span class='ocrx_word' id='word_1_121' title='bbox 0 997 42 1059; x_wconf 58' lang='grc' dir='ltr'>ξιτ)</span> <span class='ocrx_word' id='word_1_122' title='bbox 62 1006 258 1047; x_wconf 86' lang='lat' dir='ltr'>semper</span> <span class='ocrx_word' id='word_1_123' title='bbox 297 995 546 1047; x_wconf 88' lang='lat' dir='ltr'>mouetur,</span> <span class='ocrx_word' id='word_1_124' title='bbox 589 1007 703 1035; x_wconf 89' lang='lat' dir='ltr'>nam</span> <span class='ocrx_word' id='word_1_125' title='bbox 747 1007 855 1035; x_wconf 90' lang='lat' dir='ltr'>cum</span> <span class='ocrx_word' id='word_1_126' title='bbox 894 993 952 1035; x_wconf 89' lang='lat' dir='ltr'>ad</span> <span class='ocrx_word' id='word_1_127' title='bbox 989 992 1146 1034; x_wconf 87' lang='lat' dir='ltr'>finem</span> <span class='ocrx_word' id='word_1_128' title='bbox 1183 991 1413 1046; x_wconf 88' lang='lat' dir='ltr'>uenitur‚</span> 
     </span>
    </p>

    <p class='ocr_par' dir='ltr' id='par_1_13' title="bbox 0 1051 1412 1106">
     <span class='ocr_line' id='line_1_17' title="bbox 0 1051 1412 1106; baseline 0 -14"><span class='ocrx_word' id='word_1_129' title='bbox 0 1061 9 1099; x_wconf 70' lang='grc' dir='ltr'><strong><em>ξ</em></strong></span> <span class='ocrx_word' id='word_1_130' title='bbox 62 1053 112 1093; x_wconf 87' lang='lat' dir='ltr'>et</span> <span class='ocrx_word' id='word_1_131' title='bbox 159 1051 274 1093; x_wconf 88' lang='lat' dir='ltr'>inde</span> <span class='ocrx_word' id='word_1_132' title='bbox 316 1066 493 1094; x_wconf 87' lang='lat' dir='ltr'>rursus</span> <span class='ocrx_word' id='word_1_133' title='bbox 537 1053 588 1094; x_wconf 91' lang='lat' dir='ltr'>in</span> <span class='ocrx_word' id='word_1_134' title='bbox 632 1052 889 1094; x_wconf 88' lang='lat' dir='ltr'>exordium</span> <span class='ocrx_word' id='word_1_135' title='bbox 932 1051 1151 1106; x_wconf 88' lang='lat' dir='ltr'>reditur,</span> <span class='ocrx_word' id='word_1_136' title='bbox 1201 1064 1412 1093; x_wconf 87' lang='lat' dir='ltr'>necesse</span> 
     </span>
    </p>

    <p class='ocr_par' dir='ltr' id='par_1_14' title="bbox 0 1108 1412 1166">
     <span class='ocr_line' id='line_1_18' title="bbox 62 1109 1412 1165; baseline 0 -14"><span class='ocrx_word' id='word_1_137' title='bbox 62 1111 141 1151; x_wconf 87' lang='lat' dir='ltr'>est</span> <span class='ocrx_word' id='word_1_138' title='bbox 177 1109 526 1152; x_wconf 86' lang='lat' dir='ltr'>interstitium</span> <span class='ocrx_word' id='word_1_139' title='bbox 562 1114 728 1153; x_wconf 90' lang='lat' dir='ltr'>motus</span> <span class='ocrx_word' id='word_1_140' title='bbox 766 1110 887 1153; x_wconf 90' lang='lat' dir='ltr'>fieri</span> <span class='ocrx_word' id='word_1_141' title='bbox 925 1111 976 1152; x_wconf 89' lang='lat' dir='ltr'>in</span> <span class='ocrx_word' id='word_1_142' title='bbox 1007 1110 1122 1165; x_wconf 86' lang='lat' dir='ltr'>ipsa</span> <span class='ocrx_word' id='word_1_143' title='bbox 1153 1111 1412 1164; x_wconf 89' lang='lat' dir='ltr'>permuta-</span> 
     </span>
    </p>

    <p class='ocr_par' dir='ltr' id='par_1_15' title="bbox 0 1166 1482 1283">
     <span class='ocr_line' id='line_1_19' title="bbox 0 1166 1482 1212; baseline -0.001 -2"><span class='ocrx_word' id='word_1_144' title='bbox 0 1173 2 1181; x_wconf 93' lang='lat'>&#39;</span> <span class='ocrx_word' id='word_1_145' title='bbox 61 1168 203 1211; x_wconf 88' lang='lat' dir='ltr'>tione</span> <span class='ocrx_word' id='word_1_146' title='bbox 264 1169 521 1211; x_wconf 87' lang='lat' dir='ltr'>redeundi.</span> <span class='ocrx_word' id='word_1_147' title='bbox 608 1170 692 1212; x_wconf 86' lang='lat' dir='ltr'>sed</span> <span class='ocrx_word' id='word_1_148' title='bbox 752 1184 842 1212; x_wconf 91' lang='lat' dir='ltr'>nec</span> <span class='ocrx_word' id='word_1_149' title='bbox 902 1169 954 1211; x_wconf 89' lang='lat' dir='ltr'>in</span> <span class='ocrx_word' id='word_1_150' title='bbox 1017 1169 1190 1211; x_wconf 89' lang='lat' dir='ltr'>orbem</span> <span class='ocrx_word' id='word_1_151' title='bbox 1246 1166 1482 1210; x_wconf 87' lang='lat' dir='ltr'>rotari33</span> 
     </span>
     <span class='ocr_line' id='line_1_20' title="bbox 60 1227 1411 1283; baseline -0.001 -14"><span class='ocrx_word' id='word_1_152' title='bbox 60 1229 252 1283; x_wconf 87' lang='lat' dir='ltr'>potest,</span> <span class='ocrx_word' id='word_1_153' title='bbox 295 1228 413 1283; x_wconf 85' lang='lat' dir='ltr'>quia</span> <span class='ocrx_word' id='word_1_154' title='bbox 457 1229 618 1271; x_wconf 90' lang='lat' dir='ltr'>omnis</span> <span class='ocrx_word' id='word_1_155' title='bbox 664 1228 883 1283; x_wconf 87' lang='lat' dir='ltr'>sphaera</span> <span class='ocrx_word' id='word_1_156' title='bbox 927 1228 1064 1271; x_wconf 89' lang='lat' dir='ltr'>circa</span> <span class='ocrx_word' id='word_1_157' title='bbox 1103 1227 1300 1282; x_wconf 88' lang='lat' dir='ltr'>aliquid</span> <span class='ocrx_word' id='word_1_158' title='bbox 1338 1227 1411 1269; x_wconf 86' lang='lat' dir='ltr'>in-</span> 
     </span>
    </p>

    <p class='ocr_par' dir='ltr' id='par_1_16' title="bbox 0 1285 1412 1577">
     <span class='ocr_line' id='line_1_21' title="bbox 0 1285 1412 1342; baseline 0.001 -16"><span class='ocrx_word' id='word_1_159' title='bbox 0 1286 271 1341; x_wconf 68' lang='lat' dir='ltr'>somobile,</span> <span class='ocrx_word' id='word_1_160' title='bbox 321 1287 451 1341; x_wconf 90' lang='lat' dir='ltr'>quod</span> <span class='ocrx_word' id='word_1_161' title='bbox 502 1290 716 1330; x_wconf 83' lang='lat' dir='ltr'>centron</span> <span class='ocrx_word' id='word_1_162' title='bbox 759 1302 1017 1342; x_wconf 86' lang='lat' dir='ltr'>uocamus,</span> <span class='ocrx_word' id='word_1_163' title='bbox 1067 1288 1319 1340; x_wconf 84' lang='lat' dir='ltr'>mouetur,</span> <span class='ocrx_word' id='word_1_164' title='bbox 1369 1285 1412 1328; x_wconf 89' lang='lat' dir='ltr'>si</span> 
     </span>
     <span class='ocr_line' id='line_1_22' title="bbox 63 1344 1412 1400; baseline -0.001 -14"><span class='ocrx_word' id='word_1_165' title='bbox 63 1358 185 1400; x_wconf 88' lang='lat' dir='ltr'>ergo</span> <span class='ocrx_word' id='word_1_166' title='bbox 219 1347 267 1386; x_wconf 92' lang='lat' dir='ltr'>et</span> <span class='ocrx_word' id='word_1_167' title='bbox 298 1346 466 1388; x_wconf 89' lang='lat' dir='ltr'>anima</span> <span class='ocrx_word' id='word_1_168' title='bbox 494 1347 566 1388; x_wconf 88' lang='lat' dir='ltr'>sic</span> <span class='ocrx_word' id='word_1_169' title='bbox 592 1348 842 1400; x_wconf 83' lang='lat' dir='ltr'>mouetur,</span> <span class='ocrx_word' id='word_1_170' title='bbox 874 1349 960 1388; x_wconf 87' lang='lat' dir='ltr'>aut</span> <span class='ocrx_word' id='word_1_171' title='bbox 991 1346 1132 1387; x_wconf 88' lang='lat' dir='ltr'>intra</span> <span class='ocrx_word' id='word_1_172' title='bbox 1158 1360 1207 1387; x_wconf 91' lang='lat' dir='ltr'>se</span> <span class='ocrx_word' id='word_1_173' title='bbox 1232 1344 1412 1399; x_wconf 85' lang='lat' dir='ltr'>habet,</span> 
     </span>
     <span class='ocr_line' id='line_1_23' title="bbox 62 1403 1411 1459; baseline 0 -14"><span class='ocrx_word' id='word_1_174' title='bbox 62 1403 194 1459; x_wconf 90' lang='lat' dir='ltr'>quod</span> <span class='ocrx_word' id='word_1_175' title='bbox 231 1404 482 1447; x_wconf 89' lang='lat' dir='ltr'>inmobile</span> <span class='ocrx_word' id='word_1_176' title='bbox 514 1408 609 1459; x_wconf 89' lang='lat' dir='ltr'>est,</span> <span class='ocrx_word' id='word_1_177' title='bbox 648 1408 697 1447; x_wconf 91' lang='lat' dir='ltr'>et</span> <span class='ocrx_word' id='word_1_178' title='bbox 726 1405 802 1447; x_wconf 91' lang='lat' dir='ltr'>ita</span> <span class='ocrx_word' id='word_1_179' title='bbox 832 1405 912 1459; x_wconf 88' lang='lat' dir='ltr'>fit,</span> <span class='ocrx_word' id='word_1_180' title='bbox 950 1407 1006 1447; x_wconf 89' lang='lat' dir='ltr'>ut</span> <span class='ocrx_word' id='word_1_181' title='bbox 1037 1418 1133 1446; x_wconf 89' lang='lat' dir='ltr'>non</span> <span class='ocrx_word' id='word_1_182' title='bbox 1165 1406 1278 1446; x_wconf 79' lang='lat' dir='ltr'>tota</span> <span class='ocrx_word' id='word_1_183' title='bbox 1309 1418 1411 1445; x_wconf 92' lang='lat' dir='ltr'>mo-</span> 
     </span>
     <span class='ocr_line' id='line_1_24' title="bbox 61 1461 1411 1519; baseline -0.001 -15"><span class='ocrx_word' id='word_1_184' title='bbox 61 1464 262 1518; x_wconf 89' lang='lat' dir='ltr'>ueatur,</span> <span class='ocrx_word' id='word_1_185' title='bbox 312 1466 398 1505; x_wconf 85' lang='lat' dir='ltr'>aut</span> <span class='ocrx_word' id='word_1_186' title='bbox 448 1463 490 1505; x_wconf 87' lang='lat' dir='ltr'>si</span> <span class='ocrx_word' id='word_1_187' title='bbox 533 1479 633 1506; x_wconf 91' lang='lat' dir='ltr'>non</span> <span class='ocrx_word' id='word_1_188' title='bbox 676 1465 815 1506; x_wconf 89' lang='lat' dir='ltr'>intra</span> <span class='ocrx_word' id='word_1_189' title='bbox 861 1478 929 1519; x_wconf 87' lang='lat' dir='ltr'>se,</span> <span class='ocrx_word' id='word_1_190' title='bbox 982 1465 1225 1518; x_wconf 87' lang='lat' dir='ltr'>sequetur</span> <span class='ocrx_word' id='word_1_191' title='bbox 1270 1461 1411 1504; x_wconf 89' lang='lat' dir='ltr'>aliud</span> 
     </span>
     <span class='ocr_line' id='line_1_25' title="bbox 62 1521 1412 1577; baseline -0.001 -14"><span class='ocrx_word' id='word_1_192' title='bbox 62 1535 163 1564; x_wconf 91' lang='lat' dir='ltr'>nou</span> <span class='ocrx_word' id='word_1_193' title='bbox 211 1522 376 1564; x_wconf 92' lang='lat' dir='ltr'>minus</span> <span class='ocrx_word' id='word_1_194' title='bbox 427 1522 720 1577; x_wconf 87' lang='lat' dir='ltr'>absurdum,</span> <span class='ocrx_word' id='word_1_195' title='bbox 775 1525 831 1564; x_wconf 90' lang='lat' dir='ltr'>ut</span> <span class='ocrx_word' id='word_1_196' title='bbox 880 1524 1095 1565; x_wconf 88' lang='lat' dir='ltr'>centron</span> <span class='ocrx_word' id='word_1_197' title='bbox 1143 1521 1272 1564; x_wconf 87' lang='lat' dir='ltr'>foris</span> <span class='ocrx_word' id='word_1_198' title='bbox 1323 1521 1412 1572; x_wconf 89' lang='lat' dir='ltr'>sit,</span> 
     </span>
    </p>

    <p class='ocr_par' dir='ltr' id='par_1_17' title="bbox 8 1579 1483 1873">
     <span class='ocr_line' id='line_1_26' title="bbox 8 1579 1412 1638; baseline 0.001 -19"><span class='ocrx_word' id='word_1_199' title='bbox 8 1591 44 1618; x_wconf 80' lang='lat'>85</span> <span class='ocrx_word' id='word_1_200' title='bbox 63 1579 196 1635; x_wconf 92' lang='lat' dir='ltr'>quod</span> <span class='ocrx_word' id='word_1_201' title='bbox 234 1594 344 1623; x_wconf 88' lang='lat' dir='ltr'>esse</span> <span class='ocrx_word' id='word_1_202' title='bbox 375 1595 475 1624; x_wconf 94' lang='lat' dir='ltr'>non</span> <span class='ocrx_word' id='word_1_203' title='bbox 505 1582 721 1638; x_wconf 83' lang='lat' dir='ltr'>poterit,</span> <span class='ocrx_word' id='word_1_204' title='bbox 757 1583 964 1624; x_wconf 85' lang='lat' dir='ltr'>constat</span> <span class='ocrx_word' id='word_1_205' title='bbox 995 1594 1116 1636; x_wconf 90' lang='lat' dir='ltr'>ergo</span> <span class='ocrx_word' id='word_1_206' title='bbox 1150 1595 1207 1622; x_wconf 86' lang='lat' dir='ltr'>ex</span> <span class='ocrx_word' id='word_1_207' title='bbox 1237 1579 1317 1622; x_wconf 86' lang='lat' dir='ltr'>his</span> <span class='ocrx_word' id='word_1_208' title='bbox 1350 1579 1412 1622; x_wconf 86' lang='lat' dir='ltr'>ait</span> 
     </span>
     <span class='ocr_line' id='line_1_27' title="bbox 63 1636 1483 1694; baseline -0.001 -14"><span class='ocrx_word' id='word_1_209' title='bbox 63 1639 195 1694; x_wconf 89' lang='lat' dir='ltr'>quod</span> <span class='ocrx_word' id='word_1_210' title='bbox 239 1639 291 1681; x_wconf 91' lang='lat' dir='ltr'>in</span> <span class='ocrx_word' id='word_1_211' title='bbox 333 1640 446 1683; x_wconf 92' lang='lat' dir='ltr'>loco</span> <span class='ocrx_word' id='word_1_212' title='bbox 491 1654 541 1682; x_wconf 87' lang='lat' dir='ltr'>se</span> <span class='ocrx_word' id='word_1_213' title='bbox 583 1655 683 1683; x_wconf 91' lang='lat' dir='ltr'>non</span> <span class='ocrx_word' id='word_1_214' title='bbox 724 1643 938 1683; x_wconf 85' lang='lat' dir='ltr'>moueat.</span> <span class='ocrx_word' id='word_1_215' title='bbox 1006 1639 1091 1682; x_wconf 88' lang='lat' dir='ltr'>sed</span> <span class='ocrx_word' id='word_1_216' title='bbox 1129 1639 1171 1682; x_wconf 87' lang='lat' dir='ltr'>si</span> <span class='ocrx_word' id='word_1_217' title='bbox 1207 1639 1320 1694; x_wconf 89' lang='lat' dir='ltr'>ipsa</span> <span class='ocrx_word' id='word_1_218' title='bbox 1358 1636 1483 1680; x_wconf 87' lang='lat' dir='ltr'>se34</span> 
     </span>
     <span class='ocr_line' id='line_1_28' title="bbox 62 1698 1412 1754; baseline -0.001 -14"><span class='ocrx_word' id='word_1_219' title='bbox 62 1698 220 1754; x_wconf 81' lang='lat' dir='ltr'>parit⁷</span> <span class='ocrx_word' id='word_1_220' title='bbox 259 1699 509 1754; x_wconf 83' lang='lat' dir='ltr'>sequitur,</span> <span class='ocrx_word' id='word_1_221' title='bbox 542 1702 596 1741; x_wconf 92' lang='lat' dir='ltr'>ut</span> <span class='ocrx_word' id='word_1_222' title='bbox 628 1699 835 1742; x_wconf 86' lang='lat' dir='ltr'>eandem</span> <span class='ocrx_word' id='word_1_223' title='bbox 868 1701 916 1741; x_wconf 89' lang='lat' dir='ltr'>et</span> <span class='ocrx_word' id='word_1_224' title='bbox 948 1713 1057 1741; x_wconf 89' lang='lat' dir='ltr'>esse</span> <span class='ocrx_word' id='word_1_225' title='bbox 1089 1700 1137 1740; x_wconf 89' lang='lat' dir='ltr'>et</span> <span class='ocrx_word' id='word_1_226' title='bbox 1167 1712 1266 1740; x_wconf 91' lang='lat' dir='ltr'>non</span> <span class='ocrx_word' id='word_1_227' title='bbox 1298 1711 1412 1739; x_wconf 90' lang='lat' dir='ltr'>esse</span> 
     </span>
     <span class='ocr_line' id='line_1_29' title="bbox 63 1755 1411 1814; baseline 0 -16"><span class='ocrx_word' id='word_1_228' title='bbox 63 1756 307 1812; x_wconf 84' lang='lat' dir='ltr'>dicamus,</span> <span class='ocrx_word' id='word_1_229' title='bbox 339 1758 382 1800; x_wconf 92' lang='lat' dir='ltr'>si</span> <span class='ocrx_word' id='word_1_230' title='bbox 413 1773 532 1801; x_wconf 87' lang='lat' dir='ltr'>uero</span> <span class='ocrx_word' id='word_1_231' title='bbox 565 1773 615 1800; x_wconf 91' lang='lat' dir='ltr'>se</span> <span class='ocrx_word' id='word_1_232' title='bbox 645 1759 756 1814; x_wconf 81' lang='lat' dir='ltr'>ipsa</span> <span class='ocrx_word' id='word_1_233' title='bbox 781 1758 1054 1813; x_wconf 83' lang='lat' dir='ltr'>consumit,</span> <span class='ocrx_word' id='word_1_234' title='bbox 1085 1771 1186 1799; x_wconf 90' lang='lat' dir='ltr'>non</span> <span class='ocrx_word' id='word_1_235' title='bbox 1212 1757 1311 1798; x_wconf 89' lang='lat' dir='ltr'>erit</span> <span class='ocrx_word' id='word_1_236' title='bbox 1335 1755 1411 1798; x_wconf 91' lang='lat' dir='ltr'>in·</span> 
     </span>
     <span class='ocr_line' id='line_1_30' title="bbox 62 1815 1411 1873; baseline -0.001 -16"><span class='ocrx_word' id='word_1_237' title='bbox 62 1816 318 1870; x_wconf 84' lang='lat' dir='ltr'>mortalis,</span> <span class='ocrx_word' id='word_1_238' title='bbox 370 1817 500 1872; x_wconf 87' lang='lat' dir='ltr'>quod</span> <span class='ocrx_word' id='word_1_239' title='bbox 551 1818 593 1859; x_wconf 88' lang='lat' dir='ltr'>si</span> <span class='ocrx_word' id='word_1_240' title='bbox 643 1831 694 1859; x_wconf 87' lang='lat' dir='ltr'>se</span> <span class='ocrx_word' id='word_1_241' title='bbox 745 1820 833 1859; x_wconf 90' lang='lat' dir='ltr'>aut</span> <span class='ocrx_word' id='word_1_242' title='bbox 882 1819 1036 1873; x_wconf 85' lang='lat' dir='ltr'>auget</span> <span class='ocrx_word' id='word_1_243' title='bbox 1080 1819 1166 1859; x_wconf 90' lang='lat' dir='ltr'>aut</span> <span class='ocrx_word' id='word_1_244' title='bbox 1209 1815 1411 1870; x_wconf 88' lang='lat' dir='ltr'>minuit,</span> 
     </span>
    </p>

    <p class='ocr_par' dir='ltr' id='par_1_18' title="bbox 9 1850 1483 1991">
     <span class='ocr_line' id='line_1_31' title="bbox 9 1850 1474 1929; baseline 0.001 -15"><span class='ocrx_word' id='word_1_245' title='bbox 9 1886 46 1913; x_wconf 74' lang='lat'>⁸0</span> <span class='ocrx_word' id='word_1_246' title='bbox 65 1874 234 1916; x_wconf 88' lang='lat' dir='ltr'>eadem</span> <span class='ocrx_word' id='word_1_247' title='bbox 272 1850 421 1917; x_wconf 68' lang='lat' dir='ltr'>si’mul</span> <span class='ocrx_word' id='word_1_248' title='bbox 458 1878 508 1918; x_wconf 91' lang='lat' dir='ltr'>et</span> <span class='ocrx_word' id='word_1_249' title='bbox 543 1876 707 1918; x_wconf 88' lang='lat' dir='ltr'>maior</span> <span class='ocrx_word' id='word_1_250' title='bbox 744 1890 795 1917; x_wconf 90' lang='lat' dir='ltr'>se</span> <span class='ocrx_word' id='word_1_251' title='bbox 836 1878 884 1918; x_wconf 85' lang='lat' dir='ltr'>et</span> <span class='ocrx_word' id='word_1_252' title='bbox 915 1876 1080 1918; x_wconf 87' lang='lat' dir='ltr'>minor</span> <span class='ocrx_word' id='word_1_253' title='bbox 1109 1874 1411 1929; x_wconf 89' lang='lat' dir='ltr'>reperietur.</span> <span class='ocrx_word' id='word_1_254' title='bbox 1467 1887 1474 1891; x_wconf 81' lang='lat'><em>·</em></span> 
     </span>
     <span class='ocr_line' id='line_1_32' title="bbox 65 1931 1483 1991; baseline -0.001 -16"><span class='ocrx_word' id='word_1_255' title='bbox 65 1939 108 1975; x_wconf 86' lang='lat' dir='ltr'>et</span> <span class='ocrx_word' id='word_1_256' title='bbox 143 1947 196 1975; x_wconf 85' lang='lat' dir='ltr'>ex</span> <span class='ocrx_word' id='word_1_257' title='bbox 231 1933 300 1975; x_wconf 87' lang='lat' dir='ltr'>his</span> <span class='ocrx_word' id='word_1_258' title='bbox 337 1933 471 1976; x_wconf 86' lang='lat' dir='ltr'>talem</span> <span class='ocrx_word' id='word_1_259' title='bbox 509 1934 677 1990; x_wconf 85' lang='lat' dir='ltr'>colligit</span> <span class='ocrx_word' id='word_1_260' title='bbox 714 1934 1031 1991; x_wconf 83' lang='lat' dir='ltr'>syllogismum:</span> <span class='ocrx_word' id='word_1_261' title='bbox 1075 1934 1119 1976; x_wconf 90' lang='lat' dir='ltr'>si</span> <span class='ocrx_word' id='word_1_262' title='bbox 1156 1933 1324 1976; x_wconf 82' lang='lat' dir='ltr'>anima</span> <span class='ocrx_word' id='word_1_263' title='bbox 1361 1947 1410 1976; x_wconf 90' lang='lat' dir='ltr'>se</span> <span class='ocrx_word' id='word_1_264' title='bbox 1425 1931 1483 1974; x_wconf 84' lang='lat'>35</span> 
     </span>
    </p>
   </div>
   <div class='ocr_carea' id='block_1_3' title="bbox 64 2107 1414 2344">
    <p class='ocr_par' dir='ltr' id='par_1_19' title="bbox 64 2107 1414 2344">
     <span class='ocr_line' id='line_1_33' title="bbox 162 2107 1414 2164; baseline 0 -21"><span class='ocrx_word' id='word_1_265' title='bbox 162 2111 181 2143; x_wconf 92' lang='lat'>1</span> <span class='ocrx_word' id='word_1_266' title='bbox 207 2111 240 2144; x_wconf 79' lang='lat' dir='ltr'>et</span> <span class='ocrx_word' id='word_1_267' title='bbox 266 2111 308 2143; x_wconf 89' lang='lat'>18</span> <span class='ocrx_word' id='word_1_268' title='bbox 334 2107 388 2143; x_wconf 86' lang='lat' dir='ltr'>set</span> <span class='ocrx_word' id='word_1_269' title='bbox 412 2108 449 2144; x_wconf 99' lang='grc' dir='ltr'><strong><em>Β</em></strong></span> <span class='ocrx_word' id='word_1_270' title='bbox 533 2111 554 2143; x_wconf 87' lang='lat'><strong>5</strong></span> <span class='ocrx_word' id='word_1_271' title='bbox 578 2109 756 2154; x_wconf 81' lang='lat' dir='ltr'>pariendo</span> <span class='ocrx_word' id='word_1_272' title='bbox 784 2109 859 2145; x_wconf 88' lang='lat' dir='ltr'>Pb·</span> <span class='ocrx_word' id='word_1_273' title='bbox 885 2108 1132 2144; x_wconf 84' lang='lat' dir='ltr'>consumendo</span> <span class='ocrx_word' id='word_1_274' title='bbox 1158 2109 1194 2144; x_wconf 91' lang='grc' dir='ltr'><strong><em>Β</em></strong></span> <span class='ocrx_word' id='word_1_275' title='bbox 1282 2113 1301 2145; x_wconf 82' lang='grc'><strong>7</strong></span> <span class='ocrx_word' id='word_1_276' title='bbox 1328 2113 1414 2164; x_wconf 61' lang='lat' dir='ltr'>ceni</span> 
     </span>
     <span class='ocr_line' id='line_1_34' title="bbox 66 2155 1412 2202; baseline 0.002 -13"><span class='ocrx_word' id='word_1_277' title='bbox 66 2155 102 2190; x_wconf 88' lang='lat' dir='ltr'><em>P</em></span> <span class='ocrx_word' id='word_1_278' title='bbox 196 2158 216 2190; x_wconf 82' lang='lat'>9</span> <span class='ocrx_word' id='word_1_279' title='bbox 242 2156 309 2190; x_wconf 80' lang='lat' dir='ltr'>aut</span> <span class='ocrx_word' id='word_1_280' title='bbox 339 2166 379 2189; x_wconf 88' lang='lat' dir='ltr'>m</span> <span class='ocrx_word' id='word_1_281' title='bbox 410 2157 513 2191; x_wconf 85' lang='lat' dir='ltr'>recta</span> <span class='ocrx_word' id='word_1_282' title='bbox 536 2155 637 2191; x_wconf 82' lang='lat' dir='ltr'>linea</span> <span class='ocrx_word' id='word_1_283' title='bbox 660 2155 696 2191; x_wconf 83' lang='lat' dir='ltr'>se</span> <span class='ocrx_word' id='word_1_284' title='bbox 721 2167 798 2192; x_wconf 82' lang='lat' dir='ltr'>moi</span> <span class='ocrx_word' id='word_1_285' title='bbox 823 2157 952 2201; x_wconf 82' lang='lat' dir='ltr'>(cetera</span> <span class='ocrx_word' id='word_1_286' title='bbox 975 2167 1089 2202; x_wconf 78' lang='lat' dir='ltr'>mary.</span> <span class='ocrx_word' id='word_1_287' title='bbox 1115 2156 1277 2193; x_wconf 73' lang='lat' dir='ltr'>abscissa</span> <span class='ocrx_word' id='word_1_288' title='bbox 1294 2157 1412 2202; x_wconf 75' lang='lat' dir='ltr'>perie-</span> 
     </span>
     <span class='ocr_line' id='line_1_35' title="bbox 64 2202 1412 2248; baseline 0 -10"><span class='ocrx_word' id='word_1_289' title='bbox 64 2203 166 2246; x_wconf 75' lang='lat' dir='ltr'>runt)</span> <span class='ocrx_word' id='word_1_290' title='bbox 192 2203 276 2238; x_wconf 83' lang='lat' dir='ltr'><strong><em>add.</em></strong></span> <span class='ocrx_word' id='word_1_291' title='bbox 303 2203 365 2237; x_wconf 70' lang='lat' dir='ltr'>Bm</span> <span class='ocrx_word' id='word_1_292' title='bbox 446 2206 490 2238; x_wconf 91' lang='grc'>10</span> <span class='ocrx_word' id='word_1_293' title='bbox 514 2202 654 2248; x_wconf 84' lang='lat' dir='ltr'>spenco</span> <span class='ocrx_word' id='word_1_294' title='bbox 679 2203 716 2238; x_wconf 94' lang='grc' dir='ltr'><strong><em>Β</em></strong></span> <span class='ocrx_word' id='word_1_295' title='bbox 791 2207 834 2239; x_wconf 84' lang='grc'>16</span> <span class='ocrx_word' id='word_1_296' title='bbox 859 2203 947 2239; x_wconf 84' lang='lat' dir='ltr'>inde</span> <span class='ocrx_word' id='word_1_297' title='bbox 973 2214 1040 2240; x_wconf 87' lang='lat' dir='ltr'>om.</span> <span class='ocrx_word' id='word_1_298' title='bbox 1065 2204 1102 2239; x_wconf 91' lang='grc' dir='ltr'><strong><em>Β</em></strong></span> <span class='ocrx_word' id='word_1_299' title='bbox 1178 2207 1220 2239; x_wconf 85' lang='grc'>19</span> <span class='ocrx_word' id='word_1_300' title='bbox 1246 2203 1351 2248; x_wconf 80' lang='lat' dir='ltr'>spera</span> <span class='ocrx_word' id='word_1_301' title='bbox 1375 2203 1412 2238; x_wconf 93' lang='grc' dir='ltr'><strong><em>Β</em></strong></span> 
     </span>
     <span class='ocr_line' id='line_1_36' title="bbox 68 2249 1411 2295; baseline 0.001 -11"><span class='ocrx_word' id='word_1_302' title='bbox 68 2253 111 2284; x_wconf 86' lang='grc'>19</span> <span class='ocrx_word' id='word_1_303' title='bbox 137 2253 171 2285; x_wconf 83' lang='lat' dir='ltr'>et</span> <span class='ocrx_word' id='word_1_304' title='bbox 194 2252 240 2285; x_wconf 81' lang='lat'>22</span> <span class='ocrx_word' id='word_1_305' title='bbox 266 2250 456 2286; x_wconf 84' lang='lat' dir='ltr'>1mmob11e</span> <span class='ocrx_word' id='word_1_306' title='bbox 483 2250 556 2285; x_wconf 90' lang='lat' dir='ltr'>PB</span> <span class='ocrx_word' id='word_1_307' title='bbox 628 2253 673 2285; x_wconf 81' lang='lat'>23</span> <span class='ocrx_word' id='word_1_308' title='bbox 698 2250 734 2286; x_wconf 82' lang='lat' dir='ltr'>fe</span> <span class='ocrx_word' id='word_1_309' title='bbox 736 2251 863 2295; x_wconf 79' lang='lat' dir='ltr'>quitur</span> <span class='ocrx_word' id='word_1_310' title='bbox 882 2251 918 2286; x_wconf 90' lang='grc' dir='ltr'><strong><em>Β</em></strong></span> <span class='ocrx_word' id='word_1_311' title='bbox 992 2254 1038 2287; x_wconf 80' lang='lat'>24</span> <span class='ocrx_word' id='word_1_312' title='bbox 1055 2250 1229 2288; x_wconf 83' lang='lat' dir='ltr'>nomlnus</span> <span class='ocrx_word' id='word_1_313' title='bbox 1242 2249 1291 2287; x_wconf 88' lang='lat' dir='ltr'>P&#39;</span> <span class='ocrx_word' id='word_1_314' title='bbox 1366 2254 1411 2286; x_wconf 78' lang='lat'>27</span> 
     </span>
     <span class='ocr_line' id='line_1_37' title="bbox 65 2296 774 2344; baseline 0.003 -13"><span class='ocrx_word' id='word_1_315' title='bbox 65 2296 289 2333; x_wconf 70' lang='lat' dir='ltr'>immortahr</span> <span class='ocrx_word' id='word_1_316' title='bbox 311 2297 384 2332; x_wconf 85' lang='lat' dir='ltr'>PB</span> <span class='ocrx_word' id='word_1_317' title='bbox 457 2299 500 2332; x_wconf 89' lang='lat'>31</span> <span class='ocrx_word' id='word_1_318' title='bbox 527 2296 713 2344; x_wconf 71' lang='lat' dir='ltr'>silogitmfi</span> <span class='ocrx_word' id='word_1_319' title='bbox 737 2299 774 2333; x_wconf 92' lang='grc' dir='ltr'><strong><em>Β</em></strong></span> 
     </span>
    </p>
   </div>
  </div>
 </body>
</html>
