1526 2444
130 71 216 119 11'8
651 69 751 104 SAT.
777 68 905 104 LIBRI
929 69 945 104 I

128 178 272 231 potest
302 175 459 230 colligi,
490 175 603 230 quod
633 175 719 217 ritu
750 189 895 217 eorum
920 174 1110 216 catabasi
1134 174 1256 216 finita
1281 173 1455 216 simula-

128 235 326 290 tioneque
357 235 497 275 luctus
528 234 702 286 peracta
733 234 970 275 celebratur
1009 232 1199 274 laetitiae
1238 232 1456 274 exordium
1495 230 1522 267 ''i'-

130 308 167 334 a.
193 293 229 333 d.
262 294 462 333 octauum
486 289 700 332 Kalendas
726 290 901 344 Aprilis
953 305 1078 345 quem
1110 290 1221 332 diem
1252 289 1455 331 Hilaria
1495 290 1511 343 ‘J

130 351 362 405 appellant,
399 363 481 403 quo
518 349 701 403 primum
739 351 929 403 tempore
967 349 1031 390 sol
1067 348 1178 390 diem
1218 347 1455 403 longiorem
1495 351 1499 358 ’

128 411 252 450 nocte
283 407 510 461 protendit.
1487 413 1506 455 ᾗ,

62 467 112 508 11
244 465 362 506 Idem
405 465 482 506 sub
525 464 702 505 diuersis
739 464 983 506 nominibus
1022 464 1239 518 religionis
1284 464 1455 506 effectus

131 526 198 566 est
234 523 346 578 apud
383 521 637 577 Aegyptios,
675 536 770 563 cum
806 521 888 563 Isis
927 521 1068 563 Osirin
1102 521 1233 576 luget.
1298 536 1375 563 nec
1411 522 1454 563 in
1501 527 1508 538 ⁵

131 582 295 624 occulto
322 583 387 622 est
411 594 547 634 neque
574 579 687 621 aliud
713 593 804 621 esse
830 579 1002 621 Osirin
1032 594 1161 633 quam
1193 579 1350 622 solem
1380 593 1458 621 nec
1500 578 1508 626 ᾗ

130 640 242 681 Isin
266 639 380 681 aliud
406 653 497 680 esse
523 652 649 692 quam
681 640 886 691 terram,
917 639 965 678 ut
990 637 1182 691 diximus,
1206 639 1456 679 naturamue

129 713 282 752 rerum,
314 696 543 750 eademque
574 696 698 748 ratio,
729 710 834 749 quae
865 696 977 737 circa
1002 694 1174 737 Adonin
1200 698 1242 737 et
1265 695 1455 737 Attinem
1496 703 1519 727 1⁵²

130 756 333 809 uertitur,
380 755 426 796 in
474 753 688 809 Aegyptia
738 767 903 808 quoque
951 753 1156 807 religione
1206 754 1368 795 luctum
1416 756 1458 795 et

130 814 338 856 laetitiam
392 811 558 854 uicibus
613 825 774 853 annuae
830 811 1208 853 administrationis
1261 811 1456 853 alternat.
1499 810 1518 842 s

63 872 116 913 12
130 872 243 913 hunc
269 871 409 913 Osirin
433 869 652 924 Aegyptii,
680 871 728 911 ut
754 869 886 911 solem
911 883 1003 910 esse
1028 868 1235 922 adserant,
1262 869 1456 923 quotiens

130 928 464 984 hieroglyphicis
489 927 645 969 litteris
672 927 757 969 suis
783 927 1016 982 exprimere
1035 927 1197 981 uolunt,
1216 927 1458 980 insculpunt

131 989 362 1041 sceptrum,
397 987 525 1040 inque
563 999 611 1027 eo
651 986 832 1040 speciem
866 985 977 1027 oculi
1008 985 1265 1039 exprimunt,
1302 987 1346 1027 et
1375 984 1458 1026 hoc
1496 979 1504 1019 Ῐ

132 1046 254 1100 signo
280 1044 424 1087 Osirin
448 1046 700 1098 monstrant,
732 1043 1017 1097 significantes
1041 1043 1152 1084 hunc
1178 1043 1301 1083 deum
1327 1043 1459 1084 solem
1496 1058 1510 1078 r

131 1118 239 1158 esse,
277 1102 494 1157 regalique
530 1103 743 1156 potestate
780 1101 1004 1142 sublimem
1041 1103 1193 1142 cuncta
1233 1100 1458 1155 despicere,

65 1162 117 1203 13
134 1162 232 1215 quia
264 1161 420 1202 solem
449 1159 588 1201 Iouis
621 1159 817 1201 oculum
843 1159 1031 1212 appellat
1055 1159 1294 1212 antiquitas.
1346 1157 1458 1213 apud
1490 1159 1498 1212 J

131 1220 301 1262 eosdem
333 1218 537 1272 Apollo,
570 1217 641 1271 qui
673 1219 739 1258 est
769 1217 845 1271 sol,
875 1215 1041 1258 Horus
1072 1219 1261 1270 uocatur,
1292 1230 1343 1257 ex
1374 1230 1456 1270 quo

132 1280 176 1319 et
210 1278 364 1318 horae
401 1275 556 1330 uiginti
595 1277 816 1328 quattuor,
854 1274 1006 1328 quibus
1044 1274 1132 1316 dies
1165 1288 1334 1328 noxque
1365 1288 1485 1316 con·

129 1336 283 1388 ficitur,
310 1347 466 1376 nomen
493 1335 755 1387 acceperunt,
781 1335 823 1373 et
847 1334 1049 1386 quattuor
1072 1333 1279 1386 tempora,
1306 1332 1458 1386 quibus
1491 1347 1501 1372 1

133 1407 296 1434 annuus
329 1391 444 1433 orbis
474 1390 688 1444 impletur,
717 1390 848 1432 horae
878 1392 1094 1432 uocantur.

67 1453 120 1493 14
248 1449 368 1492 Idem
387 1449 603 1503 Aegyptii,
622 1449 814 1490 uolentes
839 1448 972 1502 ipsius
999 1448 1100 1490 solis
1124 1448 1294 1489 nomine
1320 1447 1459 1489 dicare
1497 1471 1502 1494 3,

134 1509 422 1562 simulacrum,
458 1507 697 1562 figurauere
727 1520 824 1548 raso
857 1507 1013 1560 capite,
1051 1506 1124 1548 sed
1155 1506 1302 1547 dextra
1337 1507 1459 1559 parte
1496 1535 1502 1551 2

133 1567 246 1609 crine
276 1567 533 1608 remanente.
582 1566 773 1606 seruatus
804 1563 932 1606 crinis
965 1564 1087 1606 docet
1118 1564 1248 1605 solem
1279 1566 1459 1605 naturae
1481 1585 1494 1607 ·,

132 1639 273 1666 rerum
304 1637 536 1677 numquam
568 1636 658 1664 esse
688 1622 734 1663 in
764 1624 925 1676 operto,
957 1621 1116 1676 dempti
1147 1624 1288 1663 autem
1318 1621 1460 1676 capilli
1499 1640 1501 1642 ·

132 1683 340 1724 residente
375 1681 515 1722 radice
554 1682 796 1721 monstrant
830 1680 911 1721 hoc
950 1679 1064 1721 sidus
1096 1680 1225 1720 etiam
1257 1682 1460 1733 tempore,

135 1755 217 1794 quo
236 1754 321 1781 non
342 1738 499 1780 uisitur
519 1753 544 1779 a
561 1738 700 1788 nobis,
719 1752 886 1779 rursum
906 1737 1158 1792 emergendi,
1183 1737 1246 1778 uti
1272 1738 1459 1792 capillos,
1495 1733 1502 1779 ²]

68 1801 122 1844 15
135 1798 290 1839 habere
322 1796 618 1838 substantiam.
666 1795 811 1838 eodem
843 1798 1092 1850 argumento
1126 1795 1388 1850 significatur
1418 1797 1462 1837 et

230 1974 245 2004 1
276 1967 455 2003 catabafis
475 1968 511 2002 B
584 1972 604 2002 3
631 1978 662 2002 a.
683 1967 735 2014 d.]
761 1966 809 2001 ad
826 1967 906 2002 BP
977 1971 995 2002 7
1016 1967 1177 2014 egiptlos
1191 1967 1227 2001 B
1299 1970 1320 2001 8
1339 1967 1459 2001 oflrlm
1480 1966 1492 1994 ’ἶ

137 2015 218 2051 ΒΡ
276 2019 296 2049 9
322 2014 402 2049 1I'1m
428 2015 508 2049 BP
562 2015 822 2048 naturarumue
848 2014 884 2048 B
946 2017 989 2049 10
1014 2017 1145 2049 atunm
1163 2013 1199 2048 P
1257 2016 1299 2047 11
1320 2013 1462 2060 eg1pt1a
1483 2045 1492 2060 <

135 2062 171 2097 P
259 2065 302 2096 13
328 2061 450 2095 osmm
475 2061 510 2095 B
600 2059 735 2095 ostrina
759 2061 890 2107 egipti]
917 2060 954 2095 P
1044 2062 1087 2094 14
1110 2058 1396 2104 hleroclyphlcis
1413 2059 1459 2103 B,

135 2106 416 2152 hieroghphicis
436 2107 473 2142 P
560 2110 602 2141 15
629 2106 794 2152 sceptron
819 2107 855 2141 B
946 2110 988 2142 17
1013 2105 1189 2150 dLspmere
1214 2105 1250 2140 P
1336 2109 1377 2141 19
1403 2115 1461 2140 eo·
1484 2111 1497 2150 j

137 2177 220 2212 dem
250 2174 300 2211 P'
350 2180 394 2211 20
414 2176 444 2211 ὣ
464 2186 526 2212 ore
545 2173 591 2211 B'
641 2178 797 2220 quatuor
818 2176 854 2210 P
899 2179 943 2211 21
962 2178 1127 2220 tempore
1146 2172 1191 2209 B'
1243 2179 1286 2210 22
1306 2160 1412 2210 annis
1425 2174 1462 2210 B
1478 2165 1484 2171 ἱ

137 2227 182 2258 23
206 2223 246 2257 1d
271 2222 325 2257 est
348 2222 394 2257 B'
468 2226 597 2270 eg1pt1]
628 2224 721 2268 quod
746 2223 902 2267 amplius
925 2233 998 2257 non
1021 2221 1152 2257 ‘notabo
1180 2221 1216 2256 P
1285 2224 1330 2256 24
1355 2221 1482 2260 f1mu-;

136 2269 302 2305 lachrum
329 2269 365 2304 P
453 2269 552 2304 eraso
578 2269 614 2303 B
702 2273 747 2305 25
772 2270 984 2305 remanante
1011 2265 1059 2302 P'
1479 2266 1490 2301 1
