1526 2444
623 84 728 120 XXII
753 88 868 121 6—13
1330 85 1416 128 349

187 193 314 248 Apud
330 192 571 249 Vergilium
584 192 676 235 Pan
695 193 846 236 niueo
867 193 1015 236 lanae
1030 208 1233 237 munere
1246 194 1415 237 Lunam
1429 195 1455 237 9

71 251 281 294 ἰηΙθιιὶεειΞιθΔ
305 252 558 307 perhibetur
588 253 640 294 in
670 267 879 295 nemora
911 253 1019 295 alta
1049 267 1244 296 uocans

129 348 302 376 munere
341 335 401 377 sic
437 334 564 377 niueo
601 335 746 390 lanae,
785 335 838 386 si„
859 335 1028 378 credere
1063 335 1242 392 dignum
1274 338 1340 378 est

73 419 116 458 et
135 415 311 472 reliqua.
354 417 400 459 in
417 417 500 460 hoc
522 418 616 460 loco
635 416 875 460 VALERIVS
895 417 1093 473 PROBVS,
1112 419 1180 460 uir
1197 419 1416 473 perfectis-

36 494 52 520 5
73 476 219 531 simus,
238 478 363 518 notat
381 477 581 519 nescire
602 491 652 518 se
671 476 803 519 hanc
824 477 1099 519 historiam
1120 478 1210 520 siue
1223 477 1416 520 fabulam

72 548 168 589 quo
205 534 399 577 referat
436 539 655 578 auctore.
717 536 831 591 quod
867 538 1039 578 tantum
1078 536 1218 578 uirum
1250 536 1414 593 fugisse
1433 536 1486 578 10

70 593 217 636 miror.
283 608 383 635 nam
420 593 678 637 Nicander
720 595 848 636 huius
893 597 959 637 est
1002 597 1151 637 auctor
1193 595 1417 650 historiae,

71 654 199 706 poeta
236 666 379 707 quem
411 652 644 707 DIDYMVS,
682 653 1067 709 grammaticorum
1099 655 1291 696 omnium
1324 655 1415 710 qui-

72 724 153 765 que
190 711 279 753 sint
316 712 471 767 quique
509 712 669 754 fuerint
702 712 1081 767 instructissimus,
1118 712 1416 755 fabulosum

19 790 52 816 10
72 772 234 811 uocat.
260 770 373 826 quod
387 770 751 826 sciensVergilius
763 770 919 813 adiecit
933 771 975 813 si
989 770 1192 813 credere
1207 771 1416 827 dignum

71 830 167 883 est,
200 829 304 871 adeo
338 844 382 871 se
414 829 609 872 fabuloso
641 844 768 872 usum
797 830 959 872 fatetur
990 833 1176 872 auctore.

188 887 239 930 In
275 888 405 930 tertio
442 888 552 930 libro
585 889 743 931 cursim
774 888 934 944 legitur
963 903 1101 945 neque
1133 889 1244 931 unde
1275 891 1414 931 trans·
1433 892 1484 935 11

69 946 205 988 latum
237 947 294 988 sit
326 947 545 1002 quaeritur

129 1028 431 1130 quaedfflipebo
450 1033 574 1084 pater
593 1031 881 1086 omnipotenS‚
901 1030 1008 1072 mihi
1030 1029 1232 1073 Phoebus
1255 1030 1414 1086 Apollo

0 1101 50 1136 {1⁵
128 1101 228 1142 prae
260 1103 318 1129 ixi

0 1168 7 1174 ⁷
71 1172 115 1211 et
152 1171 304 1212 cetera.
365 1170 411 1212 in
441 1170 599 1213 talibus
631 1171 737 1214 locis
770 1171 1042 1228 grammatici
1073 1173 1323 1214 excusantes
1355 1171 1414 1213 in·
1432 1175 1486 1218 12

5 1252 7 1254 ·
70 1229 272 1283 peritiam
311 1244 432 1271 suam
469 1229 739 1272 inuentiones
777 1231 856 1272 has
894 1231 1069 1286 ingenio
1107 1230 1246 1286 magis
1286 1245 1416 1286 quam

73 1287 292 1329 doctrinae
320 1287 512 1331 Maronis
546 1289 788 1343 adsignant,
819 1304 899 1331 nec
925 1290 1083 1344 dicunt,
1115 1304 1212 1331 eum
1239 1290 1292 1332 ab
1320 1290 1416 1331 aliis

72 1349 333 1402 mutuatum,
369 1361 423 1389 ne
460 1348 682 1390 nominare
719 1351 929 1404 cogantur
967 1350 1174 1390 auctores.
1237 1348 1312 1390 sed
1344 1348 1416 1390 ad-

7 1426 54 1454 *20
71 1404 214 1459 firmo,
252 1405 548 1448 doctissimum
586 1409 731 1448 uatem
763 1408 894 1449 etiam
924 1407 970 1448 in
1001 1406 1083 1449 hoc
1114 1407 1417 1462 AEscHYLVM,

74 1465 459 1507 eminentissimum
481 1465 802 1521 tragoediarum
822 1465 1087 1520 scriptorem,
1113 1469 1318 1521 secutum,
1344 1466 1414 1520 qui
1434 1470 1486 1514 13

0 1558 14 1572 -.
73 1523 118 1564 in
143 1523 301 1575 fabula,
334 1538 443 1579 quae
469 1523 625 1567 Latina
650 1525 799 1580 lingua
825 1523 1129 1567 SAOERDOTES
1155 1525 1416 1580 inscribitur,

8 1599 14 1615 τ
73 1581 134 1624 sic
166 1582 227 1624 ait

12 1712 14 1714 ,
192 1663 388 1707 στέλλειν
420 1665 538 1716 ὅπως
568 1666 765 1721 τάχιστα·
796 1672 931 1708 ταῦτα
962 1666 1045 1722 γὰρ
1077 1666 1217 1721 πατὴρ

12 1745 56 1773 ³25
193 1726 306 1774 Ζεὺς
340 1723 538 1779 ἐγκαθίει
568 1724 708 1782 Λοξίᾳ
738 1727 1014 1780 θεσπίσματα

18 1815 19 1818 ’
73 1808 117 1848 et
148 1806 253 1848 alibi

12 1887 22 1894 ²
190 1891 353 1944 πατρὸς
382 1892 608 1946 προφήτης
639 1888 729 1932 ἐστὶ
761 1888 924 1941 Λοξίας
955 1891 1075 1940 Διός.

167 2003 187 2034 3
214 1998 348 2046 Georg.
374 1999 426 2035 III
451 2003 517 2036 391
601 2003 645 2035 14
668 2000 758 2036 Aen.
785 1999 837 2034 ΙΙΙ
862 2002 928 2035 251
1015 2002 1061 2034 24
1085 1999 1216 2046 fragm.
1243 1999 1299 2036 ed.
1325 2001 1417 2036 Her-

73 2056 194 2081 mann.
221 2051 265 2082 85
341 2051 386 2082 27
412 2047 565 2084 Eumen.
593 2051 636 2082 19

166 2151 186 2182 2
211 2146 370 2182 illuxisse
395 2147 432 2182 P
512 2150 533 2182 8
559 2147 722 2183 didimus
742 2147 779 2182 P
860 2151 905 2182 14
929 2146 1052 2194 phebo
1080 2147 1118 2182 P
1199 2151 1243 2183 16
1268 2158 1416 2193 imperi-

74 2193 163 2228 tiam
189 2194 227 2229 P
324 2198 369 2229 20
395 2194 507 2230 escili'i
535 2195 572 2230 P
671 2198 715 2229 21
741 2194 935 2240 sequutum
961 2195 998 2230 P
1088 2198 1132 2230 22
1159 2194 1361 2231 sacerdotis
1383 2196 1420 2230 P

74 2278 120 2310 24
145 2276 332 2312 (τεΜειΝ
360 2243 486 2314 οπῗῗε
513 2277 550 2312 Ρ
630 2278 776 2313 mxu-ep
804 2278 840 2312 P
922 2280 967 2313 25
993 2268 1136 2313 Ζεγῖε
1161 2278 1359 2314 emtione!
1386 2277 1423 2312 P

75 2325 118 2358 2⁷
143 2323 322 2360 mxcpoc
345 2325 598 2361 ΠΡΟΦΗΘΗ(
623 2323 661 2359 Ρ
728 2325 900 2361 ΜοΞιΑε
926 2324 963 2360 Ρ
