1526 2444
596 49 630 84 Π
655 53 700 85 24
736 48 788 85 111
815 52 906 85 1—s
1339 47 1428 90 593

10 166 27 181 ¹⁷
77 159 207 202 refert
249 158 347 201 dux
390 161 438 201 et
479 158 717 213 princeps
759 160 808 200 et
845 157 1140 201 moderator
1175 156 1424 199 luminum

76 218 408 273 reliquorum,
447 231 583 260 mens
616 217 789 260 mundi
815 220 864 259 et
893 216 1214 271 temperatio.
1276 215 1468 259 Musas4

77 291 171 319 esse
219 276 367 319 mundi
416 279 590 318 cantum
640 276 771 318 etiam
807 275 982 318 Etrusci
1031 276 1191 327 sciunt,
1233 275 1306 330 qui
1349 289 1422 317 eas

5 364 28 392 .;‚
77 335 320 379 Camenas
347 336 469 390 quasi
495 349 716 378 canenas
743 349 768 376 a
799 334 1024 377 canendo
1057 334 1275 376 dixeruntr
1327 333 1423 376 ideo

5 403 59 440 s
77 408 227 437 canere
283 395 446 436 caelum
497 394 630 436 etiam
682 393 877 450 theologi
927 393 1242 448 conprobantes
1293 407 1424 435 sonos

77 453 265 495 musicos
310 453 528 495 sacrificiis
574 452 879 507 adhibuerunt,
921 453 995 507 qui
1031 452 1144 507 apud
1182 451 1291 494 alios
1330 451 1426 518 lyra

5 515 16 544 ’ἰ
75 512 143 554 1101
185 511 369 568 cithara,
419 512 531 566 apud
574 526 663 554 non
705 511 847 554 nullos
886 511 1005 553 tibiis
1050 511 1204 553 aliisue
1248 510 1423 552 musicis

0 553 30 636 ,ζ
74 571 371 613 instrumentis
408 570 501 612 fieri
539 571 748 613 solebant.
815 571 860 612 in
898 570 1003 624 ipsis
1043 583 1212 625 quoque
1248 569 1466 624 hymnis5

0 618 29 684 ἐξ
80 629 255 671 deorum
293 644 370 685 per
402 629 627 684 stropham
660 631 703 672 et
734 629 1050 684 antistropham
1083 631 1222 670 metra
1254 628 1424 671 canoris

0 677 60 789 {o
77 688 275 731 uersibus
315 688 650 743 adhibebantur,
689 690 738 730 ut
766 702 844 743 per
876 687 1102 743 stropham
1133 690 1275 729 rectus
1308 687 1425 730 orbis

77 747 273 789 stelliferi
310 749 477 801 motus,
513 761 590 802 per
626 746 942 802 antistropham
983 746 1177 788 diuersus
1214 759 1424 801 uagatum

0 787 30 863 Ξ
75 819 294 861 regressus
338 806 674 861 praedicaretur,
724 819 775 847 ex
819 805 974 860 quibus
1018 804 1184 847 duobus
1234 804 1424 846 motibus

15 907 28 927 ⁶
73 865 236 919 primus
274 865 318 906 in
356 867 514 906 natura
549 865 738 919 hymnus
776 863 980 906 dicandus
1022 863 1102 906 deo
1135 863 1322 918 sumpsit
1354 877 1423 905 ex-

11 931 29 974 j
75 923 255 966 ordinm.
322 926 517 966 mortuos
569 937 738 979 quoque
800 923 853 965 ad
915 923 1181 979 sepulturam
1223 921 1466 977 prosequi6

14 983 16 986 ’
40 994 58 1022 11
75 984 272 1037 oportere
298 996 393 1025 cum
420 985 550 1025 cantu
576 982 860 1037 plurimarum
879 983 1073 1037 gentium
1099 982 1170 1024 uel
1195 982 1422 1037 regionum

0 1044 7 1093 ξ
73 1041 274 1084 instituta
303 1045 539 1083 sanxerunt
573 1042 851 1095 persuasione
882 1042 981 1096 hac,
1021 1055 1107 1096 qua
1137 1043 1237 1095 post
1267 1054 1422 1095 corpus

0 1107 33 1146 ζ»
74 1100 243 1142 animae
292 1101 344 1142 ad
377 1100 589 1156 originem
650 1099 883 1142 dulcedinis
927 1102 1134 1155 musicae,
1177 1099 1222 1141 id
1265 1101 1332 1141 est
1372 1099 1426 1141 ad

6 1163 31 1208 ’ξ
74 1159 239 1202 caelum
264 1159 401 1201 redire
431 1159 670 1202 credantur.
718 1173 820 1201 nam
850 1158 983 1201 ideo
971 1174 1016 1200 in
1047 1158 1129 1200 hac
1155 1159 1248 1200 uita
1282 1158 1422 1200 omnis
1439 1160 1462 1201 7

13 1209 34 1269 ξ
75 1218 220 1260 anima
259 1218 433 1260 musicis
472 1218 588 1260 sonis
627 1218 812 1274 capitur,
847 1220 897 1260 ut
932 1232 1022 1260 non
1059 1217 1162 1273 soli,
1205 1216 1279 1273 qui
1322 1220 1424 1260 sunt

13 1270 225 1335 {ohabitu
266 1276 487 1329 cultiores,
529 1291 679 1319 uerum
728 1277 955 1319 uniuersae
999 1291 1167 1332 quoque
1213 1276 1423 1318 barbarae

14 1330 36 1392 ξ
72 1336 274 1378 nationes
307 1338 480 1391 cantus,
518 1336 674 1391 quibus
715 1335 786 1378 uel
812 1335 864 1377 ad
897 1335 1093 1378 ardorem
1124 1336 1299 1378 uirtutis
1332 1335 1423 1377 ani·

74 1397 267 1450 mentur,
297 1395 366 1436 uel
398 1394 452 1436 ad
489 1394 716 1437 mollitiem
759 1394 996 1449 uoluptatis
1027 1394 1332 1462 resoluantur‚
1354 1407 1424 1435 ex-

15 1465 26 1504 }
74 1456 264 1505 erceant,
315 1454 416 1508 quia
458 1454 505 1495 in
550 1467 704 1508 corpus
749 1453 888 1496 defert
925 1454 1180 1495 memoriam
1222 1452 1424 1507 musicae,

12 1528 30 1566 ⁴5,
74 1512 193 1554 cuius
218 1513 264 1554 in
289 1512 407 1554 eaelo
431 1511 517 1554 fuit
547 1512 730 1566 conscia,
761 1514 804 1554 et
833 1512 896 1554 ita
922 1511 1218 1554 delenimentis
1244 1511 1422 1554 canticis

16 1570 56 1615 ’16
75 1573 325 1626 occupatur,
365 1574 413 1613 ut
455 1571 624 1613 nullum
668 1571 725 1613 sit
766 1573 857 1613 tam
895 1570 1047 1613 inmite
1090 1573 1181 1612 tam
1222 1585 1422 1625 asperum
1484 1575 1487 1578 ’

0 1647 34 1700 i3
72 1632 242 1686 pectus,
290 1629 404 1685 quod
446 1645 533 1673 non
576 1630 992 1672 oblectamentorum
1027 1629 1181 1672 talium
1224 1631 1423 1671 teneatur

75 1689 242 1731 affectu.
301 1689 402 1731 hinc
447 1689 628 1731 aestimo
674 1691 718 1731 et
755 1687 917 1743 Orphei
961 1689 1030 1731 uel
1066 1687 1326 1744 Amphionis
1363 1688 1424 1730 fa·
1437 1690 1463 1732 8

16 1746 240 1807 {bulam‚
272 1762 454 1803 quorum
492 1748 601 1790 alter
632 1747 836 1790 animalia
866 1747 1033 1790 ratione
1064 1747 1274 1802 carentia,
1313 1747 1422 1789 alter

75 1820 177 1849 saxa
200 1821 384 1874 quoque
421 1806 591 1849 trahere
635 1807 834 1849 cantibus
877 1806 1147 1861 ferebantur,
1188 1806 1421 1861 sumpsisse

0 1859 2 1875 '
33 1865 348 1920 principium,
385 1866 485 1920 quia
515 1865 643 1920 primi
680 1865 792 1908 forte
823 1867 972 1921 gentes
1010 1866 1079 1907 uel
1117 1865 1209 1907 sine
1239 1865 1421 1907 rationis

21 1977 34 1994 ς
29 1924 194 1966 'cultu
224 1924 432 1966 barbaras
463 1925 533 1967 uel
561 1924 653 1966 saxi
681 1923 822 1966 instar
851 1924 971 1967 nullo
1003 1924 1159 1967 affectu
1184 1924 1336 1966 molles
1368 1924 1422 1966 ad

169 2054 190 2086 3
210 2052 326 2086 etiam
345 2053 383 2087 et
400 2050 528 2087 rustici
546 2051 618 2087 PB
689 2055 711 2086 5
731 2051 1018 2098 comprobantes
1031 2051 1069 2087 P
1133 2055 1152 2087 ‘1
1173 2052 1329 2097 cythara
1348 2051 1421 2087 PB

0 2102 3 2113 ⁸
75 2101 97 2134 8
120 2098 243 2142 ymnis
257 2098 327 2134 PB
471 2102 493 2134 9
517 2102 551 2134 et
577 2102 619 2134 11
646 2098 927 2144 antystropham
950 2099 988 2134 Β
1126 2103 1170 2135 13
1195 2098 1330 2144 ymnus
1350 2099 1422 2134 PB

0 2149 4 2193 ’ς
38 2187 39 2190 ¹
76 2146 121 2180 16
146 2145 365 2181 sancxerunt
387 2145 424 2181 B
496 2145 579 2191 post
602 2156 667 2182 om.
694 2146 742 2182 Β’
816 2149 860 2181 19
886 2145 1004 2182 solum
1031 2147 1068 2181 P
1138 2150 1183 2182 21
1209 2147 1258 2182 ad
1283 2157 1350 2182 om.
1377 2145 1421 2180 P'

0 2196 4 2237 1
123 2193 298 2229 ardone
326 2193 362 2227 P
444 2195 488 2228 22
515 2192 735 2229 amollitiem
760 2191 807 2228 P'
897 2197 942 2228 23
968 2204 1056 2239 quia
1082 2204 1207 2229 amma
1231 2192 1366 2239 corpus
1384 2193 1421 2227 Β

1 2264 5 2283 3,
75 2241 121 2274 24
147 2239 401 2275 delimmentis
420 2240 458 2275 Β
531 2244 576 2276 25
607 2242 756 2277 inmitte
784 2238 848 2284 P'‚
879 2243 1024 2277 immite
1049 2241 1086 2276 B
1159 2244 1204 2276 27
1230 2240 1360 2276 fabula
1385 2240 1422 2275 Β

0 2285 5 2339 ξ
75 2289 121 2321 29
147 2297 294 2332 quoque
318 2287 404 2323 saxa
423 2288 460 2323 Β
527 2291 570 2323 31
590 2287 706 2325 instar
722 2292 867 2334 praeter
885 2301 924 2323 in
942 2289 984 2324 in
1002 2299 1074 2325 ras.
1095 2289 1138 2323 in
1157 2288 1193 2323 P
1250 2287 1370 2324 moles
1387 2287 1425 2322 P

145 2352 334 2379 MAcnonrvs
1092 2351 1112 2383 3
1117 2351 1137 2382 8
