1526 2444
179 79 266 120 562
478 78 624 115 COMM.
650 78 703 114 IN
729 78 869 114 SOMN.
897 79 1008 114 SCIP.
1034 78 1161 115 LIBRI
1185 80 1200 114 Ι

181 185 318 226 fecit.
366 199 451 226 non
477 184 589 225 enim
616 185 676 226 ait
699 184 784 237 illa,
810 199 914 238 quae
938 184 1134 226 Saturnia
1160 188 1235 238 est,
1260 186 1332 228 sed
1358 201 1498 240 quam

180 243 230 283 in
271 243 429 283 terris
469 241 759 283 Saturniam
802 243 1085 295 nominant,
1129 245 1170 284 et
1205 244 1295 285 ille
1332 244 1501 299 fulgor

181 300 262 353 qui
312 299 501 340 dicitur
542 299 703 353 Iouis,
752 302 801 340 et
843 315 986 354 quem
1029 301 1264 343 Martium
1309 302 1500 356 dicitis,

183 358 286 398 adeo
325 358 530 410 expressit
565 357 607 398 in
645 358 822 411 singulis
858 359 1031 399 nomina
1067 359 1170 400 haec
1201 374 1285 400 non
1318 374 1408 400 esse
1438 359 1498 401 in-

182 417 312 455 uenta
342 429 392 455 ex
419 417 572 456 natura
598 415 670 456 sed
694 414 913 456 hominum
939 420 1176 457 commenta
1201 417 1499 470 significationi

113 474 166 515 19
184 472 466 514 distinctionis
511 473 792 514 accommoda.
859 473 969 526 quod
1005 487 1105 514 uero
1142 474 1348 528 fulgorem
1384 474 1498 516 Iouis

180 531 394 571 humano
428 531 599 584 generi
628 544 921 584 prosperum
953 532 999 571 et
1025 532 1316 584 salutarem,
1353 535 1500 574 contra

179 588 329 629 Martis
360 588 578 628 rutilum
611 590 658 629 et
687 588 972 629 terribilem
998 589 1151 630 terris
1183 590 1364 643 uocauit,
1398 590 1498 631 alte-

178 660 273 686 rum
310 648 496 687 tractum
534 648 599 686 est
637 659 687 686 ex
725 645 943 687 stellarum
975 646 1114 687 colore
1145 670 1200 676 —
1231 662 1330 688 nam
1362 647 1498 702 fulget

177 704 311 756 Iouis,
353 703 502 744 rutilat
538 703 688 744 Martis
728 727 778 734 ——
819 704 999 744 alterum
1037 718 1086 744 ex
1121 707 1306 746 tractatu
1342 719 1526 759 eorum,1

178 762 250 815 qui
288 762 337 802 de
374 761 442 802 his
483 761 618 802 stellis
650 761 703 802 ad
733 761 952 802 hominum
985 761 1119 802 uitam
1150 777 1321 803 manare
1351 763 1499 804 uolunt

179 819 356 860 aduersa
387 819 455 860 uel
484 833 697 872 prospera,
728 833 826 859 nam
851 819 1096 872 plerumque
1123 819 1172 860 (16
1196 819 1347 861 Martis
1373 821 1497 861 stella

111 878 168 919 20
182 877 398 930 terribilia,
423 876 474 917 de
498 875 614 918 Iouis
641 877 846 918 salutaria
871 877 1037 917 euenire
1064 877 1277 918 definiunt.
1327 892 1497 919 causam

185 935 317 988 siquis
348 935 459 975 forte
491 934 620 975 altius
651 937 844 987 quaerat,
882 935 991 975 unde
1023 935 1177 976 diuinis
1208 935 1498 977 maliuolentia

177 995 224 1033 ut
261 992 387 1032 stella
424 992 616 1032 malefica
647 1005 738 1032 esse
769 991 934 1032 dicatur
967 1015 1017 1021 —
1052 993 1161 1033 sicut
1192 992 1241 1033 de
1271 993 1422 1034 Martis
1455 997 1526 1034 eti

178 1049 351 1091 Saturni
389 1049 524 1090 stellis
562 1049 828 1090 existimatur
868 1073 916 1078 —
957 1051 1031 1090 aut
1065 1064 1136 1090 cur
1167 1050 1396 1091 notabilior
1428 1051 1495 1091 be-

175 1108 365 1162 nignitas
395 1107 511 1148 Iouis
543 1109 586 1147 et
611 1106 789 1148 Veneris
819 1107 931 1148 inter
962 1107 1249 1161 genethliacos
1277 1108 1496 1163 habeatur,

177 1179 270 1206 cum
310 1166 367 1205 sit
405 1164 644 1206 diuinorum
674 1179 760 1206 una
790 1167 960 1218 natura,
994 1166 1039 1206 in
1069 1165 1255 1206 medium
1285 1165 1495 1219 proferam
1523 1217 1526 1219 Β

173 1223 383 1263 rationem
427 1222 538 1275 apud
580 1237 711 1264 unum
755 1223 942 1276 omnino,
984 1223 1095 1276 quod
1140 1223 1288 1276 sciam,
1330 1224 1494 1264 lectam.

175 1295 276 1321 nam
306 1280 580 1321 Ptolomaeus
619 1280 664 1321 in
699 1280 820 1321 libris
858 1280 1013 1333 tribus,
1051 1294 1154 1334 quos
1192 1280 1242 1321 de
1272 1281 1526 1330 harmoniai

176 1338 414 1391 conposuit,
443 1337 644 1391 patefecit
675 1352 860 1390 causam,
891 1352 1019 1391 quam
1048 1339 1233 1379 breuiter
1265 1339 1494 1392 explicabo.

105 1397 159 1438 21
176 1396 292 1450 certi,
321 1395 470 1449 inquit,
502 1399 600 1436 sunt
630 1395 807 1448 numeri,
837 1409 912 1450 per
940 1410 1044 1450 quos
1069 1397 1178 1437 inter
1202 1397 1355 1449 omnia,
1388 1411 1526 1451 (111116,-Ι

176 1454 259 1495 31101
290 1453 590 1495 conuenienter
619 1454 853 1507 iunguntur
884 1456 927 1494 et
957 1456 1175 1507 aptantur,
1215 1454 1263 1495 fit
1290 1454 1526 1511 iugabilis'
1515 1475 1526 1512 4

176 1511 461 1566 conpetentia,
498 1525 574 1552 nec
609 1511 837 1566 quidquam
870 1513 1012 1565 potest
1042 1512 1166 1553 alteri
1197 1512 1280 1563 nisi
1310 1526 1399 1566 per
1409 1510 1526 1553 lios¹

174 1583 369 1610 numeros
408 1570 640 1610 conuenire.
705 1572 803 1610 sunt
839 1571 980 1610 autem
1015 1569 1060 1610 hi
1097 1559 1294 1623 epitritus
1331 1558 1492 1611 heimo-

104 1629 160 1669 22
174 1627 256 1668 11113
288 1626 505 1680 epogdous
537 1626 723 1691 duplaris
748 1626 939 1680 triplaris
966 1625 1234 1680 quadruplus.
1282 1641 1388 1692 quae
1412 1627 1493 1669 1106

175 1685 267 1726 1060
303 1685 475 1725 interim
512 1684 635 1739 quasi
667 1685 842 1726 nomina
871 1699 1142 1726 numerorum
1173 1685 1352 1738 accipias
1382 1685 1511 1738 uolo,-

173 1743 215 1783 in
248 1743 522 1797 sequentibus
547 1757 660 1807 uero,
691 1756 786 1783 cum
810 1742 860 1783 de
885 1742 1106 1783 harmonia
1130 1743 1236 1784 caeli
1261 1743 1492 1809 loquemur,

175 1800 274 1854 quid
301 1801 386 1841 sint
404 1801 449 1841 hi
467 1799 633 1841 numeri
651 1800 802 1854 quidue
827 1800 1005 1854 possint,
1031 1800 1308 1854 opportunius
1334 1801 1491 1854 aperie-

174 1872 284 1898 mus:
321 1858 447 1899 modo
478 1857 558 1899 hoc
587 1872 713 1899 nosse
745 1857 928 1899 sufficiat
958 1858 1058 1911 quia
1089 1858 1180 1899 sine
1206 1858 1271 1899 his
1304 1858 1490 1900 numeris

107 1916 164 1958 23
178 1916 295 1956 nulla
332 1916 566 1970 colligatio,
603 1915 722 1956 nulla
757 1917 902 1970 potest
938 1929 1029 1956 esse
1066 1916 1300 1957 concordia.
1359 1916 1494 1957 uitam

175 1987 276 2014 uero
307 1975 497 2014 nostram
529 1973 753 2027 praecipue
784 1973 848 2014 sol
875 1975 918 2014 et
940 1973 1041 2013 luna
1065 1973 1348 2014 moderantur.
1395 1988 1495 2015 nam

176 2045 270 2072 cum
304 2031 389 2071 sint
420 2031 673 2072 caducorum
702 2045 924 2085 corporum
950 2030 1053 2072 haec
1079 2031 1160 2072 duo
1185 2030 1369 2085 propria,
1400 2045 1474 2073 sen

173 2089 254 2129 tire
291 2089 359 2129 uel
393 2102 578 2129 crescere
609 2089 882 2142 αἰσθητικόν,
917 2088 960 2129 1(1
993 2091 1057 2129 est
1087 2089 1297 2130 sentiendi
1327 2091 1480 2130 natura

175 2146 224 2186 de
263 2146 369 2198 sole,
407 2147 592 2199 φυτικόν
629 2149 787 2198 autem,
824 2146 867 2186 id
898 2147 963 2187 est
994 2146 1206 2187 crescendi
1236 2149 1406 2200 natura,
1442 2146 1466 2187 d

174 2203 315 2244 lunari
352 2203 404 2244 ad
441 2218 519 2245 nos
556 2204 815 2257 globositate
851 2205 1116 2257 perueniunt.
1177 2203 1235 2244 sic
1272 2204 1466 2258 utriusqu

175 2261 350 2302 luminis
375 2261 579 2303 beneficio
605 2261 709 2303 haec
733 2261 857 2302 nobis
884 2263 1053 2303 constat
1073 2261 1175 2315 uita,
1201 2275 1284 2315 qua
1302 2261 1481 2303 fruimur
