1526 2444
154 49 238 92 602
449 50 595 87 COMM.
621 50 672 84 IN
697 50 839 87 SOMN.
865 51 976 87 SCIP.
1002 51 1127 86 LIBRI
1146 51 1181 85 11

151 157 304 210 pruina
359 156 594 210 obriguisse
647 159 853 211 perpetua
900 181 957 187 —
1005 159 1070 198 est
1118 157 1231 198 enim
1280 158 1470 212 superior

153 213 509 268 septentrionaliS,
529 213 703 255 inferior
723 215 922 257 australis
948 215 1191 256 extremitas
1215 239 1263 245 —-
1287 216 1469 257 medium

150 285 252 313 uero
290 272 343 312 ab
385 270 425 312 N
464 285 593 324 usque
629 271 672 312 in
716 265 749 312 L‘
785 286 890 313 zona
927 273 982 313 sit
1017 273 1193 325 torrida3
1236 275 1385 327 restat,
1421 276 1470 315 ut

152 329 344 382 cingulus
377 328 429 370 ab
460 327 482 368 Ι
507 343 639 383 usque
666 329 717 370 ad
747 329 788 371 N
820 331 869 370 de
895 330 1082 371 subiecto
1109 330 1247 371 calore
1279 334 1321 371 et
1352 345 1470 385 supe-

150 387 259 427 riore
295 386 453 440 frigore
496 389 768 440 temperetur,
811 401 974 441 rursus,
1009 390 1058 428 ut
1093 401 1215 440 zona,
1261 402 1367 441 quae
1404 390 1469 430 est
1504 398 1522 426 ⁵

150 443 260 484 inter
290 443 324 484 L
351 446 393 485 et
424 443 469 494 F,
501 444 684 498 accipiat
721 444 770 485 de
802 444 1036 498 superiecto
1062 445 1199 486 calore
1225 447 1266 486 et
1297 446 1467 488 subdito

84 500 137 542 15
151 501 290 555 rigore
338 502 597 555 temperiem.
661 515 736 543 nec
786 502 1047 556 excogitatas
1097 517 1120 543 a
1160 503 1282 543 nobis
1326 503 1470 557 lineas,

150 573 251 612 quas
284 559 494 612 duximus,
526 560 787 614 aestimetur,
818 560 916 601 circi
947 562 1045 601 sunt
1075 559 1203 610 enim,
1235 560 1284 601 de
1317 561 1467 615 quibus

150 631 279 670 supra
303 617 557 670 rettulimus,
589 593 931 671 septentrionalis
958 620 1001 659 et
1032 618 1230 659 australis
1251 620 1292 658 et
1317 619 1468 672 tropici

149 674 247 728 duo,
295 689 395 716 nam
445 675 792 729 aequinoctialem
843 675 923 717 hoc
968 676 1078 728 loco,
1128 689 1209 729 quo
1258 675 1309 716 de
1356 678 1526 717 terram

149 732 377 786 loquimur,
413 747 496 773 non
535 735 703 786 oportet
732 733 932 784 adscribi,
970 734 1041 786 qui
1073 733 1345 786 oportuniore
1376 734 1468 775 loco

83 789 136 830 16
152 804 297 831 rursus
331 790 517 831 addetur.
578 791 676 831 licet
706 790 837 844 igitur
870 766 955 831 sirit
992 791 1071 831 hae
1104 790 1208 831 duae
1239 791 1468 832 mortali-

149 848 238 888 bus
270 847 437 902 aegris
469 862 669 889 munere
707 862 974 889 concessae
1012 848 1196 902 diuum,
1234 862 1336 902 quas
1368 848 1467 890 dixi-

149 919 242 946 mus
282 907 554 959 temperatas,
583 920 667 946 non
700 908 844 946 tamen
882 906 1030 946 ambae
1066 919 1196 947 zonae
1226 906 1466 948 hominibus

147 962 285 1004 nostri
317 963 481 1016 generis
511 963 697 1003 indultae
736 965 850 1016 sunt,
892 963 963 1004 sed
995 963 1085 1003 sola
1116 964 1322 1017 superior,
1360 978 1466 1017 quae
1487 974 1526 1002 1&

149 1022 214 1061 est
245 1021 298 1061 ab
330 1020 349 1061 Ι
388 1034 519 1074 usque
558 1020 609 1061 ad
640 1019 682 1061 N
714 1021 913 1062 incolitur
950 1020 1003 1061 ab
1036 1021 1170 1073 omni,
1207 1021 1329 1075 quale
1361 1021 1467 1063 scire

147 1092 385 1131 possumus,
416 1078 636 1119 hominum
661 1091 826 1132 genere,
855 1078 1038 1120 Romani
1064 1076 1265 1119 Graeciue
1291 1079 1376 1119 sint
1399 1080 1468 1120 uel

82 1136 132 1176 17
151 1136 320 1177 barbari
361 1136 559 1189 cuiusque
599 1136 800 1177 nationis.
860 1136 934 1177 illa
970 1149 1070 1176 uero
1103 1137 1156 1177 ab
1187 1135 1221 1176 L
1252 1150 1384 1190 usque
1415 1137 1468 1178 ad
1516 1184 1519 1189 ι

146 1193 180 1235 F
231 1194 321 1235 sola
369 1194 532 1235 ratione
581 1194 860 1248 intellegitur,
902 1193 1013 1247 quod
1060 1195 1235 1248 propter
1287 1194 1466 1236 similem
1520 1195 1526 1230 ῗ

146 1252 394 1304 temperiem
435 1251 628 1292 similiter
675 1252 901 1304 incolatur,
950 1250 1022 1292 sed
1065 1265 1090 1291 a
1131 1251 1283 1305 quibus
1332 1266 1466 1306 neque
1484 1251 1526 1293 20!

146 1309 266 1350 licuit
297 1322 498 1362 umquam
534 1309 659 1350 nobis
690 1323 766 1350 nec
798 1309 941 1350 licebit
972 1321 1216 1363 agnoscere,
1247 1309 1466 1351 interiecta
1523 1332 1526 1346 2

147 1367 258 1407 enim
288 1366 451 1408 torrida
476 1368 641 1421 utrique
672 1367 892 1408 hominum
925 1366 1068 1421 generi
1093 1367 1388 1408 commercium
1415 1367 1466 1408 ad
1524 1396 1526 1400 -

78 1423 131 1465 18
147 1438 191 1465 se
222 1424 404 1478 denegat
440 1424 712 1466 commeandi.
774 1424 951 1478 denique
987 1424 1037 1465 de
1069 1426 1269 1478 quattuor
1298 1424 1464 1466 habita·
1524 1474 1526 1478 Ι

146 1482 274 1524 tionis
312 1485 485 1523 nostrae
523 1483 761 1524 cardinibus
799 1482 966 1523 oriens
1011 1482 1243 1524 occidens
1281 1484 1322 1522 et
1359 1496 1465 1536 sep·
1523 1506 1526 1508 ·

145 1540 335 1581 tentrio
373 1541 461 1581 suis
504 1540 723 1582 uocabulis
758 1541 1074 1593 nuncupantur,
1126 1540 1224 1593 quia
1267 1540 1320 1581 ab
1358 1539 1526 1595 ipsiszfq'

75 1643 79 1646 ,
145 1597 327 1638 exordiis
372 1598 458 1638 suis
496 1598 687 1639 sciuntur
723 1613 748 1638 a
783 1597 926 1650 nobis,
962 1611 1061 1638 nam
1099 1597 1177 1638 etsi
1220 1597 1466 1651 septentrio-
1523 1637 1526 1642 ,

70 1662 74 1679 ¹
145 1655 256 1696 nalis
299 1655 541 1697 extremitas
579 1655 872 1696 inhabitabilis
911 1657 992 1708 est,
1028 1669 1113 1696 non
1151 1655 1284 1696 multo
1321 1657 1466 1696 tamen
1520 1668 1526 1706 g

19 1712 65 1753 *x
78 1712 130 1753 19
146 1715 211 1754 est
243 1728 267 1754 a
297 1713 420 1754 nobis
446 1715 620 1755 remota.
682 1716 832 1767 quarto
865 1726 964 1754 uero
990 1714 1160 1753 nostrae
1187 1712 1463 1754 habitationis
1518 1710 1526 1766 i]

145 1770 304 1812 cardini
329 1785 457 1812 causa
482 1771 586 1812 haec
611 1770 793 1812 alterum
817 1784 970 1811 nomen
997 1770 1121 1823 dedit,
1151 1772 1199 1811 ut
1224 1771 1462 1812 meridies
1519 1778 1526 1810 ἐ

142 1843 231 1870 non
270 1829 514 1870 australis
557 1830 790 1882 uocaretur,
832 1829 930 1882 quia
973 1830 1016 1868 et
1062 1828 1133 1868 ille
1188 1829 1252 1869 est
1293 1814 1526 1884 propriam}

145 1886 407 1937 australis,
445 1887 517 1940 qui
555 1887 604 1927 de
648 1887 781 1927 altera
824 1886 1089 1927 extremitate
1125 1885 1354 1939 procedens
1394 1886 1462 1927 ad·
1520 1903 1526 1911 ν·

236 2015 256 2046 3
282 2012 316 2046 N
340 2022 404 2047 om.
434 2009 484 2044 P'
557 2014 577 2044 5
601 2010 722 2045 rursus
730 2021 781 2046 **
806 2011 847 2045 ut
869 2010 903 2044 P
974 2014 995 2045 8
1015 2009 1173 2044 diximus
1186 2010 1221 2044 Β
1293 2012 1313 2043 9
1338 2010 1461 2045 retuh-
1517 2019 1521 2054 g

142 2057 224 2092 mus
244 2057 476 2102 reptetnomr
495 2057 530 2091 Β
674 2061 716 2091 10
742 2057 814 2092 duo
837 2057 971 2101 tropici
995 2056 1031 2091 Β
1173 2059 1214 2089 11
1240 2055 1402 2100 loquitur
1427 2057 1461 2090 Β

189 2103 318 2138 ascribi
343 2104 379 2138 B
492 2106 534 2137 13
560 2102 681 2150 egeris
705 2102 752 2136 P‘
860 2102 986 2136 diuum
1013 2102 1127 2149 ocesse
1151 2102 1187 2136 B
1294 2106 1335 2137 15
1362 2106 1394 2137 et
1417 2106 1462 2138 20
1522 2107 1523 2110 ’

143 2149 195 2185 set
219 2151 256 2185 B
341 2153 381 2184 15
407 2149 588 2194 superiore
615 2149 651 2183 P
730 2152 773 2184 18
799 2149 826 2184 L
853 2150 959 2184 iterat
983 2148 1027 2182 B'
1117 2153 1157 2183 19
1182 2149 1402 2193 intelligitur
1425 2149 1461 2183 B

141 2200 185 2230 21
212 2195 426 2241 cognoscere
451 2196 487 2230 P
617 2198 661 2230 25
687 2194 733 2229 ab
758 2194 806 2229 sis
826 2194 986 2230 exordiis
1005 2195 1041 2229 Β
1176 2199 1219 2229 26
1244 2194 1317 2229 suis
1335 2206 1400 2230 om.
1425 2195 1460 2229 B

142 2245 185 2277 27
210 2242 545 2278 inhabitabitabihs
563 2242 598 2277 B
