<?xml version="1.0" encoding="UTF-8"?>
<!DOCTYPE html PUBLIC "-//W3C//DTD XHTML 1.0 Transitional//EN"
    "http://www.w3.org/TR/xhtml1/DTD/xhtml1-transitional.dtd">
<html xmlns="http://www.w3.org/1999/xhtml" xml:lang="en" lang="en">
 <head>
  <title>
</title>
<meta http-equiv="Content-Type" content="text/html;charset=utf-8" />
  <meta name='ocr-system' content='tesseract 3.04.00' />
  <meta name='ocr-capabilities' content='ocr_page ocr_carea ocr_par ocr_line ocrx_word'/>
</head>
<body>
  <div class='ocr_page' id='page_1' title='image "./macrobiusfrancis00macruoft_0203.png"; bbox 0 0 1526 2444; ppageno 0'>
   <div class='ocr_carea' id='block_1_1' title="bbox 538 44 1388 87">
    <p class='ocr_par' dir='ltr' id='par_1_1' title="bbox 538 44 1388 87">
     <span class='ocr_line' id='line_1_1' title="bbox 538 44 1388 87; baseline 0.001 -3"><span class='ocrx_word' id='word_1_1' title='bbox 538 47 572 84; x_wconf 84' lang='lat' dir='ltr'><strong>x</strong></span> <span class='ocrx_word' id='word_1_2' title='bbox 597 51 688 84; x_wconf 83' lang='lat'><strong>5—7</strong></span> <span class='ocrx_word' id='word_1_3' title='bbox 721 46 771 83; x_wconf 76' lang='lat' dir='ltr'><strong>xl</strong></span> <span class='ocrx_word' id='word_1_4' title='bbox 798 50 888 83; x_wconf 87' lang='lat'><strong>1—6</strong></span> <span class='ocrx_word' id='word_1_5' title='bbox 1306 44 1388 87; x_wconf 88' lang='lat'><strong>191</strong></span> 
     </span>
    </p>
   </div>
   <div class='ocr_carea' id='block_1_2' title="bbox 40 152 1433 332">
    <p class='ocr_par' dir='ltr' id='par_1_2' title="bbox 40 152 1433 332">
     <span class='ocr_line' id='line_1_2' title="bbox 43 152 1433 214; baseline -0.006 -12"><span class='ocrx_word' id='word_1_6' title='bbox 43 162 89 202; x_wconf 85' lang='lat' dir='ltr'><strong>at</strong></span> <span class='ocrx_word' id='word_1_7' title='bbox 119 158 189 202; x_wconf 89' lang='lat' dir='ltr'><strong>hic</strong></span> <span class='ocrx_word' id='word_1_8' title='bbox 219 159 383 214; x_wconf 87' lang='lat' dir='ltr'><strong>uester,</strong></span> <span class='ocrx_word' id='word_1_9' title='bbox 413 156 572 200; x_wconf 86' lang='lat' dir='ltr'><strong>flamen</strong></span> <span class='ocrx_word' id='word_1_10' title='bbox 602 158 646 199; x_wconf 91' lang='lat' dir='ltr'><strong>et</strong></span> <span class='ocrx_word' id='word_1_11' title='bbox 676 154 873 211; x_wconf 74' lang='lat' dir='ltr'><strong>pontifex</strong></span> <span class='ocrx_word' id='word_1_12' title='bbox 904 157 948 197; x_wconf 89' lang='lat' dir='ltr'><strong>et</strong></span> <span class='ocrx_word' id='word_1_13' title='bbox 979 154 1136 209; x_wconf 88' lang='lat' dir='ltr'><strong>omnia,</strong></span> <span class='ocrx_word' id='word_1_14' title='bbox 1166 154 1256 195; x_wconf 79' lang='lat' dir='ltr'><strong>tam</strong></span> <span class='ocrx_word' id='word_1_15' title='bbox 1289 152 1433 208; x_wconf 84' lang='lat' dir='ltr'><strong>quid3</strong></span> 
     </span>
     <span class='ocr_line' id='line_1_3' title="bbox 41 211 1391 272; baseline -0.005 -12"><span class='ocrx_word' id='word_1_16' title='bbox 41 217 289 261; x_wconf 77' lang='lat' dir='ltr'><strong>immoletur</strong></span> <span class='ocrx_word' id='word_1_17' title='bbox 307 231 436 272; x_wconf 89' lang='lat' dir='ltr'><strong>quam</strong></span> <span class='ocrx_word' id='word_1_18' title='bbox 457 215 560 272; x_wconf 83' lang='lat' dir='ltr'><strong>quid</strong></span> <span class='ocrx_word' id='word_1_19' title='bbox 579 215 738 258; x_wconf 82' lang='lat' dir='ltr'><strong>libetur</strong></span> <span class='ocrx_word' id='word_1_20' title='bbox 762 214 948 270; x_wconf 75' lang='lat' dir='ltr'><strong>ignorat,</strong></span> <span class='ocrx_word' id='word_1_21' title='bbox 974 215 1017 256; x_wconf 90' lang='lat' dir='ltr'><strong>et</strong></span> <span class='ocrx_word' id='word_1_22' title='bbox 1042 227 1096 255; x_wconf 87' lang='lat' dir='ltr'><strong>ne</strong></span> <span class='ocrx_word' id='word_1_23' title='bbox 1120 227 1209 255; x_wconf 90' lang='lat' dir='ltr'><strong>non</strong></span> <span class='ocrx_word' id='word_1_24' title='bbox 1234 211 1391 268; x_wconf 89' lang='lat' dir='ltr'><strong>ubique</strong></span> 
     </span>
     <span class='ocr_line' id='line_1_4' title="bbox 40 271 1233 332; baseline -0.005 -12"><span class='ocrx_word' id='word_1_25' title='bbox 40 277 87 320; x_wconf 86' lang='lat' dir='ltr'><strong>in</strong></span> <span class='ocrx_word' id='word_1_26' title='bbox 118 276 294 320; x_wconf 87' lang='lat' dir='ltr'><strong>libando</strong></span> <span class='ocrx_word' id='word_1_27' title='bbox 326 276 420 332; x_wconf 88' lang='lat' dir='ltr'><strong>pari</strong></span> <span class='ocrx_word' id='word_1_28' title='bbox 452 289 595 317; x_wconf 90' lang='lat' dir='ltr'><strong>errore</strong></span> <span class='ocrx_word' id='word_1_29' title='bbox 628 275 685 316; x_wconf 91' lang='lat' dir='ltr'><strong>sit</strong></span> <span class='ocrx_word' id='word_1_30' title='bbox 715 274 877 325; x_wconf 82' lang='lat' dir='ltr'><strong>deuius,</strong></span> <span class='ocrx_word' id='word_1_31' title='bbox 908 273 953 315; x_wconf 89' lang='lat' dir='ltr'><strong>in</strong></span> <span class='ocrx_word' id='word_1_32' title='bbox 985 274 1138 315; x_wconf 86' lang='lat' dir='ltr'><strong>octauo</strong></span> <span class='ocrx_word' id='word_1_33' title='bbox 1171 271 1233 314; x_wconf 89' lang='lat' dir='ltr'><strong>ait</strong></span> 
     </span>
    </p>
   </div>
   <div class='ocr_carea' id='block_1_3' title="bbox 160 343 1255 399">
    <p class='ocr_par' dir='ltr' id='par_1_3' title="bbox 160 343 1255 399">
     <span class='ocr_line' id='line_1_5' title="bbox 160 343 1255 399; baseline -0.005 -9"><span class='ocrx_word' id='word_1_34' title='bbox 160 347 206 390; x_wconf 92' lang='lat' dir='ltr'><strong>in</strong></span> <span class='ocrx_word' id='word_1_35' title='bbox 236 361 431 389; x_wconf 87' lang='lat' dir='ltr'><strong>mensam</strong></span> <span class='ocrx_word' id='word_1_36' title='bbox 461 346 567 388; x_wconf 90' lang='lat' dir='ltr'><strong>laeti</strong></span> <span class='ocrx_word' id='word_1_37' title='bbox 596 345 737 387; x_wconf 90' lang='lat' dir='ltr'><strong>libant</strong></span> <span class='ocrx_word' id='word_1_38' title='bbox 768 343 974 399; x_wconf 90' lang='lat' dir='ltr'><strong>diuosque</strong></span> <span class='ocrx_word' id='word_1_39' title='bbox 1006 345 1255 398; x_wconf 72' lang='lat' dir='ltr'><strong>precantur,</strong></span> 
     </span>
    </p>
   </div>
   <div class='ocr_carea' id='block_1_4' title="bbox 0 413 1434 815">
    <p class='ocr_par' dir='ltr' id='par_1_4' title="bbox 0 413 1434 815">
     <span class='ocr_line' id='line_1_6' title="bbox 0 413 1391 462; baseline -0.004 -1"><span class='ocrx_word' id='word_1_40' title='bbox 0 423 22 462; x_wconf 73' lang='lat'><strong>‘5</strong></span> <span class='ocrx_word' id='word_1_41' title='bbox 43 433 140 461; x_wconf 90' lang='lat' dir='ltr'><strong>cum</strong></span> <span class='ocrx_word' id='word_1_42' title='bbox 164 432 251 461; x_wconf 93' lang='lat' dir='ltr'><strong>non</strong></span> <span class='ocrx_word' id='word_1_43' title='bbox 276 418 323 460; x_wconf 92' lang='lat' dir='ltr'><strong>in</strong></span> <span class='ocrx_word' id='word_1_44' title='bbox 354 431 575 459; x_wconf 90' lang='lat' dir='ltr'><strong>mensam</strong></span> <span class='ocrx_word' id='word_1_45' title='bbox 610 416 683 458; x_wconf 88' lang='lat' dir='ltr'><strong>sed</strong></span> <span class='ocrx_word' id='word_1_46' title='bbox 715 416 759 457; x_wconf 91' lang='lat' dir='ltr'><strong>in</strong></span> <span class='ocrx_word' id='word_1_47' title='bbox 791 429 928 457; x_wconf 88' lang='lat' dir='ltr'><strong>aram</strong></span> <span class='ocrx_word' id='word_1_48' title='bbox 961 413 1195 456; x_wconf 88' lang='lat' dir='ltr'><strong>secundum</strong></span> <span class='ocrx_word' id='word_1_49' title='bbox 1227 427 1391 455; x_wconf 89' lang='lat' dir='ltr'><strong>morem</strong></span> 
     </span>
     <span class='ocr_line' id='line_1_7' title="bbox 40 475 469 520; baseline -0.005 0"><span class='ocrx_word' id='word_1_50' title='bbox 40 478 178 520; x_wconf 88' lang='lat' dir='ltr'><strong>libare</strong></span> <span class='ocrx_word' id='word_1_51' title='bbox 211 475 469 520; x_wconf 87' lang='lat' dir='ltr'><strong>debuerint&#39;.</strong></span> 
     </span>
     <span class='ocr_line' id='line_1_8' title="bbox 161 531 1434 591; baseline -0.005 -12"><span class='ocrx_word' id='word_1_52' title='bbox 161 535 237 579; x_wconf 76' lang='lat' dir='ltr'><strong>eVt</strong></span> <span class='ocrx_word' id='word_1_53' title='bbox 261 536 379 591; x_wconf 89' lang='lat' dir='ltr'><strong>prius</strong></span> <span class='ocrx_word' id='word_1_54' title='bbox 405 534 507 577; x_wconf 91' lang='lat' dir='ltr'><strong>tibi&#39;</strong></span> <span class='ocrx_word' id='word_1_55' title='bbox 540 534 843 576; x_wconf 87' lang='lat' dir='ltr'><strong>Praetextatus</strong></span> <span class='ocrx_word' id='word_1_56' title='bbox 875 532 1018 588; x_wconf 91' lang='lat' dir='ltr'><strong>inquit</strong></span> <span class='ocrx_word' id='word_1_57' title='bbox 1049 532 1122 574; x_wconf 70' lang='lat' dir='ltr'><strong>‘de</strong></span> <span class='ocrx_word' id='word_1_58' title='bbox 1152 531 1434 587; x_wconf 86' lang='lat' dir='ltr'><strong>posteriore4</strong></span> 
     </span>
     <span class='ocr_line' id='line_1_9' title="bbox 42 590 1393 651; baseline -0.004 -13"><span class='ocrx_word' id='word_1_59' title='bbox 42 595 294 651; x_wconf 77' lang='lat' dir='ltr'><strong>quaestione</strong></span> <span class='ocrx_word' id='word_1_60' title='bbox 336 593 636 650; x_wconf 83' lang='lat' dir='ltr'><strong>respondeam,</strong></span> <span class='ocrx_word' id='word_1_61' title='bbox 679 592 818 635; x_wconf 88' lang='lat' dir='ltr'><strong>fateor</strong></span> <span class='ocrx_word' id='word_1_62' title='bbox 861 594 904 634; x_wconf 88' lang='lat' dir='ltr'><strong>te</strong></span> <span class='ocrx_word' id='word_1_63' title='bbox 948 605 1037 633; x_wconf 89' lang='lat' dir='ltr'><strong>non</strong></span> <span class='ocrx_word' id='word_1_64' title='bbox 1080 590 1297 633; x_wconf 90' lang='lat' dir='ltr'><strong>immerito</strong></span> <span class='ocrx_word' id='word_1_65' title='bbox 1343 590 1393 632; x_wconf 88' lang='lat' dir='ltr'><strong>de</strong></span> 
     </span>
     <span class='ocr_line' id='line_1_10' title="bbox 42 650 1394 710; baseline -0.005 -13"><span class='ocrx_word' id='word_1_66' title='bbox 42 656 250 710; x_wconf 87' lang='lat' dir='ltr'><strong>usurpata</strong></span> <span class='ocrx_word' id='word_1_67' title='bbox 286 654 331 696; x_wconf 91' lang='lat' dir='ltr'><strong>in</strong></span> <span class='ocrx_word' id='word_1_68' title='bbox 369 667 564 695; x_wconf 90' lang='lat' dir='ltr'><strong>mensam</strong></span> <span class='ocrx_word' id='word_1_69' title='bbox 600 651 810 694; x_wconf 86' lang='lat' dir='ltr'><strong>libatione</strong></span> <span class='ocrx_word' id='word_1_70' title='bbox 843 650 1080 706; x_wconf 85' lang='lat' dir='ltr'><strong>quaesisse,</strong></span> <span class='ocrx_word' id='word_1_71' title='bbox 1122 650 1394 705; x_wconf 85' lang='lat' dir='ltr'><strong>ampliusque</strong></span> 
     </span>
     <span class='ocr_line' id='line_1_11' title="bbox 0 707 1394 768; baseline -0.005 -12"><span class='ocrx_word' id='word_1_72' title='bbox 0 729 25 756; x_wconf 67' lang='grc' dir='ltr'><strong>’.ο</strong></span> <span class='ocrx_word' id='word_1_73' title='bbox 43 714 227 768; x_wconf 87' lang='lat' dir='ltr'><strong>speciem</strong></span> <span class='ocrx_word' id='word_1_74' title='bbox 272 711 542 755; x_wconf 83' lang='lat' dir='ltr'><strong>difficultatis</strong></span> <span class='ocrx_word' id='word_1_75' title='bbox 587 725 786 765; x_wconf 83' lang='lat' dir='ltr'><strong>auxeraS,</strong></span> <span class='ocrx_word' id='word_1_76' title='bbox 830 710 867 751; x_wconf 92' lang='lat' dir='ltr'><strong>si</strong></span> <span class='ocrx_word' id='word_1_77' title='bbox 909 709 1049 764; x_wconf 85' lang='lat' dir='ltr'><strong>magis</strong></span> <span class='ocrx_word' id='word_1_78' title='bbox 1092 707 1305 750; x_wconf 88' lang='lat' dir='ltr'><strong>Didonem</strong></span> <span class='ocrx_word' id='word_1_79' title='bbox 1347 709 1394 751; x_wconf 87' lang='lat' dir='ltr'><strong>in</strong></span> 
     </span>
     <span class='ocr_line' id='line_1_12' title="bbox 44 771 942 815; baseline -0.007 0"><span class='ocrx_word' id='word_1_80' title='bbox 44 787 237 815; x_wconf 89' lang='lat' dir='ltr'><strong>mensam</strong></span> <span class='ocrx_word' id='word_1_81' title='bbox 270 771 470 814; x_wconf 89' lang='lat' dir='ltr'><strong>similiter</strong></span> <span class='ocrx_word' id='word_1_82' title='bbox 499 771 710 812; x_wconf 84' lang='lat' dir='ltr'><strong>libantem</strong></span> <span class='ocrx_word' id='word_1_83' title='bbox 741 771 942 811; x_wconf 82' lang='lat' dir='ltr'><strong>notasses</strong></span> 
     </span>
    </p>
   </div>
   <div class='ocr_carea' id='block_1_5' title="bbox 155 838 1282 885">
    <p class='ocr_par' dir='ltr' id='par_1_5' title="bbox 155 838 1282 885">
     <span class='ocr_line' id='line_1_13' title="bbox 155 838 1282 885; baseline -0.004 0"><span class='ocrx_word' id='word_1_84' title='bbox 155 843 262 885; x_wconf 88' lang='lat' dir='ltr'><strong>dixit</strong></span> <span class='ocrx_word' id='word_1_85' title='bbox 293 845 336 884; x_wconf 89' lang='lat' dir='ltr'><strong>et</strong></span> <span class='ocrx_word' id='word_1_86' title='bbox 366 843 411 883; x_wconf 90' lang='lat' dir='ltr'><strong>in</strong></span> <span class='ocrx_word' id='word_1_87' title='bbox 443 855 636 883; x_wconf 88' lang='lat' dir='ltr'><strong>mensam</strong></span> <span class='ocrx_word' id='word_1_88' title='bbox 668 839 846 882; x_wconf 88' lang='lat' dir='ltr'><strong>laticum</strong></span> <span class='ocrx_word' id='word_1_89' title='bbox 878 838 1032 881; x_wconf 88' lang='lat' dir='ltr'><strong>libauit</strong></span> <span class='ocrx_word' id='word_1_90' title='bbox 1062 838 1282 881; x_wconf 87' lang='lat' dir='ltr'><strong>honorem.</strong></span> 
     </span>
    </p>
   </div>
   <div class='ocr_carea' id='block_1_6' title="bbox 0 909 1435 1912">
    <p class='ocr_par' dir='ltr' id='par_1_6' title="bbox 0 909 1435 1912">
     <span class='ocr_line' id='line_1_14' title="bbox 42 909 1434 958; baseline -0.004 -3"><span class='ocrx_word' id='word_1_91' title='bbox 42 928 144 956; x_wconf 90' lang='lat' dir='ltr'><strong>nam</strong></span> <span class='ocrx_word' id='word_1_92' title='bbox 183 916 226 955; x_wconf 91' lang='lat' dir='ltr'><strong>et</strong></span> <span class='ocrx_word' id='word_1_93' title='bbox 256 913 461 955; x_wconf 83' lang='lat' dir='ltr'>TERTIVS</span> <span class='ocrx_word' id='word_1_94' title='bbox 500 926 596 954; x_wconf 90' lang='lat' dir='ltr'><strong>cum</strong></span> <span class='ocrx_word' id='word_1_95' title='bbox 634 911 684 953; x_wconf 90' lang='lat' dir='ltr'><strong>de</strong></span> <span class='ocrx_word' id='word_1_96' title='bbox 715 911 803 952; x_wconf 88' lang='lat' dir='ltr'><strong>ritu</strong></span> <span class='ocrx_word' id='word_1_97' title='bbox 835 924 1057 952; x_wconf 88' lang='lat' dir='ltr'><strong>sacrorum</strong></span> <span class='ocrx_word' id='word_1_98' title='bbox 1089 910 1228 951; x_wconf 89' lang='lat' dir='ltr'><strong>multa</strong></span> <span class='ocrx_word' id='word_1_99' title='bbox 1260 909 1434 958; x_wconf 85' lang='lat' dir='ltr'><strong>disse-5</strong></span> 
     </span>
     <span class='ocr_line' id='line_1_15' title="bbox 43 968 1394 1027; baseline -0.004 -12"><span class='ocrx_word' id='word_1_100' title='bbox 43 975 169 1027; x_wconf 90' lang='lat' dir='ltr'><strong>reret,</strong></span> <span class='ocrx_word' id='word_1_101' title='bbox 195 972 257 1014; x_wconf 88' lang='lat' dir='ltr'><strong>ait</strong></span> <span class='ocrx_word' id='word_1_102' title='bbox 282 971 383 1014; x_wconf 89' lang='lat' dir='ltr'><strong>sibi</strong></span> <span class='ocrx_word' id='word_1_103' title='bbox 407 971 539 1013; x_wconf 90' lang='lat' dir='ltr'><strong>hunc</strong></span> <span class='ocrx_word' id='word_1_104' title='bbox 564 971 729 1013; x_wconf 89' lang='lat' dir='ltr'><strong>locum</strong></span> <span class='ocrx_word' id='word_1_105' title='bbox 755 969 807 1011; x_wconf 92' lang='lat' dir='ltr'><strong>in</strong></span> <span class='ocrx_word' id='word_1_106' title='bbox 833 969 1190 1024; x_wconf 84' lang='lat' dir='ltr'><strong>quaestionem</strong></span> <span class='ocrx_word' id='word_1_107' title='bbox 1216 968 1394 1010; x_wconf 89' lang='lat' dir='ltr'><strong>uenire</strong></span> 
     </span>
     <span class='ocr_line' id='line_1_16' title="bbox 0 1027 1395 1083; baseline -0.004 -9"><span class='ocrx_word' id='word_1_108' title='bbox 0 1046 26 1074; x_wconf 72' lang='lat'><strong>15</strong></span> <span class='ocrx_word' id='word_1_109' title='bbox 43 1045 121 1074; x_wconf 88' lang='lat' dir='ltr'><strong>nec</strong></span> <span class='ocrx_word' id='word_1_110' title='bbox 156 1034 304 1074; x_wconf 86' lang='lat' dir='ltr'><strong>tamen</strong></span> <span class='ocrx_word' id='word_1_111' title='bbox 340 1030 668 1072; x_wconf 86' lang='lat' dir='ltr'><strong>haesitationem</strong></span> <span class='ocrx_word' id='word_1_112' title='bbox 705 1043 828 1071; x_wconf 91' lang='lat' dir='ltr'><strong>suam</strong></span> <span class='ocrx_word' id='word_1_113' title='bbox 866 1028 1075 1083; x_wconf 84' lang='lat' dir='ltr'><strong>requisita</strong></span> <span class='ocrx_word' id='word_1_114' title='bbox 1105 1028 1275 1070; x_wconf 84' lang='lat' dir='ltr'><strong>ratione</strong></span> <span class='ocrx_word' id='word_1_115' title='bbox 1308 1027 1395 1069; x_wconf 87' lang='lat' dir='ltr'><strong>dis-</strong></span> 
     </span>
     <span class='ocr_line' id='line_1_17' title="bbox 43 1087 1394 1146; baseline -0.004 -13"><span class='ocrx_word' id='word_1_116' title='bbox 43 1090 187 1133; x_wconf 86' lang='lat' dir='ltr'><strong>soluit.</strong></span> <span class='ocrx_word' id='word_1_117' title='bbox 249 1103 329 1146; x_wconf 85' lang='lat' dir='ltr'><strong>ego</strong></span> <span class='ocrx_word' id='word_1_118' title='bbox 356 1091 512 1142; x_wconf 88' lang='lat' dir='ltr'><strong>autem,</strong></span> <span class='ocrx_word' id='word_1_119' title='bbox 545 1089 658 1144; x_wconf 91' lang='lat' dir='ltr'><strong>quod</strong></span> <span class='ocrx_word' id='word_1_120' title='bbox 683 1088 791 1130; x_wconf 88' lang='lat' dir='ltr'><strong>mihi</strong></span> <span class='ocrx_word' id='word_1_121' title='bbox 816 1088 1031 1142; x_wconf 88' lang='lat' dir='ltr'><strong>magistra</strong></span> <span class='ocrx_word' id='word_1_122' title='bbox 1061 1087 1248 1129; x_wconf 87' lang='lat' dir='ltr'><strong>lectione</strong></span> <span class='ocrx_word' id='word_1_123' title='bbox 1279 1101 1394 1129; x_wconf 92' lang='lat' dir='ltr'><strong>com-</strong></span> 
     </span>
     <span class='ocr_line' id='line_1_18' title="bbox 43 1146 1394 1204; baseline -0.003 -13"><span class='ocrx_word' id='word_1_124' title='bbox 43 1151 215 1204; x_wconf 89' lang='lat' dir='ltr'><strong>pertum</strong></span> <span class='ocrx_word' id='word_1_125' title='bbox 261 1151 344 1203; x_wconf 89' lang='lat' dir='ltr'><strong>est,</strong></span> <span class='ocrx_word' id='word_1_126' title='bbox 391 1148 634 1204; x_wconf 78' lang='lat' dir='ltr'><strong>publicabo.</strong></span> <span class='ocrx_word' id='word_1_127' title='bbox 710 1147 757 1189; x_wconf 91' lang='lat' dir='ltr'><strong>in</strong></span> <span class='ocrx_word' id='word_1_128' title='bbox 799 1146 1081 1202; x_wconf 88' lang='lat' dir='ltr'><strong>Papiriano</strong></span> <span class='ocrx_word' id='word_1_129' title='bbox 1126 1146 1240 1188; x_wconf 91' lang='lat' dir='ltr'><strong>enim</strong></span> <span class='ocrx_word' id='word_1_130' title='bbox 1284 1146 1394 1188; x_wconf 90' lang='lat' dir='ltr'><strong>iure</strong></span> 
     </span>
     <span class='ocr_line' id='line_1_19' title="bbox 46 1206 1395 1261; baseline -0.002 -11"><span class='ocrx_word' id='word_1_131' title='bbox 46 1208 269 1250; x_wconf 87' lang='lat' dir='ltr'><strong>euidenter</strong></span> <span class='ocrx_word' id='word_1_132' title='bbox 292 1208 479 1250; x_wconf 87' lang='lat' dir='ltr'><strong>relatum</strong></span> <span class='ocrx_word' id='word_1_133' title='bbox 504 1210 571 1250; x_wconf 89' lang='lat' dir='ltr'><strong>est</strong></span> <span class='ocrx_word' id='word_1_134' title='bbox 596 1221 713 1250; x_wconf 86' lang='lat' dir='ltr'><strong>arae</strong></span> <span class='ocrx_word' id='word_1_135' title='bbox 743 1206 907 1248; x_wconf 89' lang='lat' dir='ltr'><strong>uicem</strong></span> <span class='ocrx_word' id='word_1_136' title='bbox 939 1207 1207 1261; x_wconf 85' lang='lat' dir='ltr'><strong>praestare</strong></span> <span class='ocrx_word' id='word_1_137' title='bbox 1239 1219 1395 1261; x_wconf 87' lang='lat' dir='ltr'><strong>posse</strong></span> 
     </span>
     <span class='ocr_line' id='line_1_20' title="bbox 44 1264 1435 1321; baseline -0.003 -11"><span class='ocrx_word' id='word_1_138' title='bbox 44 1282 268 1310; x_wconf 87' lang='lat' dir='ltr'><strong>mensam</strong></span> <span class='ocrx_word' id='word_1_139' title='bbox 305 1267 538 1309; x_wconf 86' lang='lat' dir='ltr'><strong>dicatam.</strong></span> <span class='ocrx_word' id='word_1_140' title='bbox 597 1268 652 1308; x_wconf 92' lang='lat' dir='ltr'><strong>ut</strong></span> <span class='ocrx_word' id='word_1_141' title='bbox 687 1266 738 1307; x_wconf 92' lang='lat' dir='ltr'><strong>in</strong></span> <span class='ocrx_word' id='word_1_142' title='bbox 776 1265 970 1321; x_wconf 90' lang='lat' dir='ltr'><strong>templo</strong></span> <span class='ocrx_word' id='word_1_143' title='bbox 1008 1265 1150 1320; x_wconf 89' lang='lat' dir='ltr'><strong>inquit</strong></span> <span class='ocrx_word' id='word_1_144' title='bbox 1179 1264 1435 1313; x_wconf 77' lang='lat' dir='ltr'><strong>Iunonisss</strong></span> 
     </span>
     <span class='ocr_line' id='line_1_21' title="bbox 0 1324 1395 1382; baseline -0.004 -12"><span class='ocrx_word' id='word_1_145' title='bbox 0 1326 365 1382; x_wconf 67' lang='lat' dir='ltr'><strong>ioPopuloniae</strong></span> <span class='ocrx_word' id='word_1_146' title='bbox 421 1327 642 1382; x_wconf 87' lang='lat' dir='ltr'><strong>augusta</strong></span> <span class='ocrx_word' id='word_1_147' title='bbox 695 1338 870 1366; x_wconf 87' lang='lat' dir='ltr'><strong>mensa</strong></span> <span class='ocrx_word' id='word_1_148' title='bbox 919 1326 1004 1366; x_wconf 88' lang='lat' dir='ltr'><strong>est.</strong></span> <span class='ocrx_word' id='word_1_149' title='bbox 1079 1338 1295 1378; x_wconf 87' lang='lat' dir='ltr'><strong>namque</strong></span> <span class='ocrx_word' id='word_1_150' title='bbox 1344 1324 1395 1365; x_wconf 89' lang='lat' dir='ltr'><strong>in</strong></span> 
     </span>
     <span class='ocr_line' id='line_1_22' title="bbox 43 1382 1398 1438; baseline -0.003 -10"><span class='ocrx_word' id='word_1_151' title='bbox 43 1385 181 1428; x_wconf 85' lang='lat' dir='ltr'><strong>fanis</strong></span> <span class='ocrx_word' id='word_1_152' title='bbox 210 1385 313 1428; x_wconf 85' lang='lat' dir='ltr'><strong>alia</strong></span> <span class='ocrx_word' id='word_1_153' title='bbox 338 1399 576 1427; x_wconf 85' lang='lat' dir='ltr'><strong>uasorum</strong></span> <span class='ocrx_word' id='word_1_154' title='bbox 602 1386 720 1426; x_wconf 86' lang='lat' dir='ltr'><strong>sunt</strong></span> <span class='ocrx_word' id='word_1_155' title='bbox 745 1385 795 1425; x_wconf 89' lang='lat' dir='ltr'><strong>et</strong></span> <span class='ocrx_word' id='word_1_156' title='bbox 821 1396 996 1426; x_wconf 89' lang='lat' dir='ltr'><strong>sacrae</strong></span> <span class='ocrx_word' id='word_1_157' title='bbox 1022 1382 1398 1438; x_wconf 87' lang='lat' dir='ltr'><strong>supellectilis,</strong></span> 
     </span>
     <span class='ocr_line' id='line_1_23' title="bbox 0 1442 1395 1497; baseline -0.001 -12"><span class='ocrx_word' id='word_1_158' title='bbox 0 1481 1 1484; x_wconf 72' lang='grc'>,</span> <span class='ocrx_word' id='word_1_159' title='bbox 45 1444 150 1487; x_wconf 87' lang='lat' dir='ltr'><strong>alia</strong></span> <span class='ocrx_word' id='word_1_160' title='bbox 194 1446 626 1487; x_wconf 85' lang='lat' dir='ltr'><strong>ornamentorum.</strong></span> <span class='ocrx_word' id='word_1_161' title='bbox 705 1456 832 1497; x_wconf 89' lang='lat' dir='ltr'><strong>quae</strong></span> <span class='ocrx_word' id='word_1_162' title='bbox 875 1455 1114 1484; x_wconf 89' lang='lat' dir='ltr'><strong>uasorum</strong></span> <span class='ocrx_word' id='word_1_163' title='bbox 1158 1444 1278 1483; x_wconf 86' lang='lat' dir='ltr'><strong>sunt</strong></span> <span class='ocrx_word' id='word_1_164' title='bbox 1320 1442 1395 1483; x_wconf 91' lang='lat' dir='ltr'><strong>in-</strong></span> 
     </span>
     <span class='ocr_line' id='line_1_24' title="bbox 0 1500 1395 1557; baseline -0.003 -11"><span class='ocrx_word' id='word_1_165' title='bbox 0 1540 1 1545; x_wconf 70' lang='grc'>,</span> <span class='ocrx_word' id='word_1_166' title='bbox 46 1504 324 1546; x_wconf 89' lang='lat' dir='ltr'><strong>strumenti</strong></span> <span class='ocrx_word' id='word_1_167' title='bbox 354 1503 523 1545; x_wconf 90' lang='lat' dir='ltr'><strong>instar</strong></span> <span class='ocrx_word' id='word_1_168' title='bbox 546 1502 757 1557; x_wconf 86' lang='lat' dir='ltr'><strong>habent,</strong></span> <span class='ocrx_word' id='word_1_169' title='bbox 789 1501 975 1556; x_wconf 90' lang='lat' dir='ltr'><strong>quibus</strong></span> <span class='ocrx_word' id='word_1_170' title='bbox 1008 1514 1203 1556; x_wconf 88' lang='lat' dir='ltr'><strong>semper</strong></span> <span class='ocrx_word' id='word_1_171' title='bbox 1235 1500 1395 1543; x_wconf 89' lang='lat' dir='ltr'><strong>sacri-</strong></span> 
     </span>
     <span class='ocr_line' id='line_1_25' title="bbox 0 1559 1396 1616; baseline -0.003 -11"><span class='ocrx_word' id='word_1_172' title='bbox 0 1562 1 1606; x_wconf 70' lang='lat'>}</span> <span class='ocrx_word' id='word_1_173' title='bbox 45 1562 171 1605; x_wconf 87' lang='lat' dir='ltr'><strong>ficia</strong></span> <span class='ocrx_word' id='word_1_174' title='bbox 220 1562 592 1616; x_wconf 86' lang='lat' dir='ltr'><strong>conficiuntur,</strong></span> <span class='ocrx_word' id='word_1_175' title='bbox 642 1575 852 1616; x_wconf 90' lang='lat' dir='ltr'><strong>quarum</strong></span> <span class='ocrx_word' id='word_1_176' title='bbox 902 1574 1066 1602; x_wconf 90' lang='lat' dir='ltr'><strong>rerum</strong></span> <span class='ocrx_word' id='word_1_177' title='bbox 1110 1559 1396 1614; x_wconf 90' lang='lat' dir='ltr'><strong>principem</strong></span> 
     </span>
     <span class='ocr_line' id='line_1_26' title="bbox 0 1619 1396 1676; baseline -0.003 -12"><span class='ocrx_word' id='word_1_178' title='bbox 0 1621 212 1665; x_wconf 73' lang='grc'>1510611111</span> <span class='ocrx_word' id='word_1_179' title='bbox 268 1621 473 1676; x_wconf 88' lang='lat' dir='ltr'><strong>optinet</strong></span> <span class='ocrx_word' id='word_1_180' title='bbox 528 1634 718 1675; x_wconf 90' lang='lat' dir='ltr'><strong>mensa,</strong></span> <span class='ocrx_word' id='word_1_181' title='bbox 774 1619 824 1661; x_wconf 90' lang='lat' dir='ltr'><strong>in</strong></span> <span class='ocrx_word' id='word_1_182' title='bbox 879 1634 975 1674; x_wconf 90' lang='lat' dir='ltr'><strong>qua</strong></span> <span class='ocrx_word' id='word_1_183' title='bbox 1031 1619 1212 1673; x_wconf 86' lang='lat' dir='ltr'><strong>epulae</strong></span> <span class='ocrx_word' id='word_1_184' title='bbox 1268 1619 1396 1661; x_wconf 88' lang='lat' dir='ltr'><strong>liba-</strong></span> 
     </span>
     <span class='ocr_line' id='line_1_27' title="bbox 46 1680 1396 1736; baseline -0.003 -13"><span class='ocrx_word' id='word_1_185' title='bbox 46 1681 318 1736; x_wconf 86' lang='lat' dir='ltr'><strong>tionesque</strong></span> <span class='ocrx_word' id='word_1_186' title='bbox 368 1682 418 1722; x_wconf 93' lang='lat' dir='ltr'><strong>et</strong></span> <span class='ocrx_word' id='word_1_187' title='bbox 467 1680 631 1734; x_wconf 88' lang='lat' dir='ltr'><strong>stipes</strong></span> <span class='ocrx_word' id='word_1_188' title='bbox 680 1681 1012 1733; x_wconf 89' lang='lat' dir='ltr'><strong>reponuntur.</strong></span> <span class='ocrx_word' id='word_1_189' title='bbox 1093 1680 1396 1720; x_wconf 89' lang='lat' dir='ltr'><strong>ornamenta</strong></span> 
     </span>
     <span class='ocr_line' id='line_1_28' title="bbox 46 1736 1396 1794; baseline -0.003 -12"><span class='ocrx_word' id='word_1_190' title='bbox 46 1753 164 1782; x_wconf 87' lang='lat' dir='ltr'><strong>uero</strong></span> <span class='ocrx_word' id='word_1_191' title='bbox 203 1742 322 1782; x_wconf 89' lang='lat' dir='ltr'><strong>sunt</strong></span> <span class='ocrx_word' id='word_1_192' title='bbox 357 1739 512 1794; x_wconf 80' lang='lat' dir='ltr'><strong>clipei</strong></span> <span class='ocrx_word' id='word_1_193' title='bbox 551 1752 770 1781; x_wconf 89' lang='lat' dir='ltr'><strong>coronae</strong></span> <span class='ocrx_word' id='word_1_194' title='bbox 808 1739 858 1780; x_wconf 90' lang='lat' dir='ltr'><strong>et</strong></span> <span class='ocrx_word' id='word_1_195' title='bbox 894 1736 1107 1779; x_wconf 88' lang='lat' dir='ltr'><strong>huiusce</strong></span> <span class='ocrx_word' id='word_1_196' title='bbox 1145 1737 1281 1779; x_wconf 90' lang='lat' dir='ltr'><strong>modi</strong></span> <span class='ocrx_word' id='word_1_197' title='bbox 1312 1737 1396 1779; x_wconf 88' lang='lat' dir='ltr'><strong>do-</strong></span> 
     </span>
     <span class='ocr_line' id='line_1_29' title="bbox 44 1797 1393 1853; baseline -0.003 -12"><span class='ocrx_word' id='word_1_198' title='bbox 44 1799 200 1842; x_wconf 86' lang='lat' dir='ltr'><strong>naria.</strong></span> <span class='ocrx_word' id='word_1_199' title='bbox 261 1812 422 1853; x_wconf 91' lang='lat' dir='ltr'><strong>neque</strong></span> <span class='ocrx_word' id='word_1_200' title='bbox 450 1798 582 1840; x_wconf 90' lang='lat' dir='ltr'><strong>enim</strong></span> <span class='ocrx_word' id='word_1_201' title='bbox 608 1797 917 1840; x_wconf 87' lang='lat' dir='ltr'><strong>dedicantur</strong></span> <span class='ocrx_word' id='word_1_202' title='bbox 943 1810 998 1838; x_wconf 91' lang='lat' dir='ltr'><strong>eo</strong></span> <span class='ocrx_word' id='word_1_203' title='bbox 1025 1798 1272 1851; x_wconf 86' lang='lat' dir='ltr'><strong>tempore,</strong></span> <span class='ocrx_word' id='word_1_204' title='bbox 1298 1810 1393 1851; x_wconf 90' lang='lat' dir='ltr'><strong>quo</strong></span> 
     </span>
     <span class='ocr_line' id='line_1_30' title="bbox 46 1855 1394 1912; baseline -0.002 -12"><span class='ocrx_word' id='word_1_205' title='bbox 46 1857 259 1900; x_wconf 86' lang='lat' dir='ltr'><strong>delubra</strong></span> <span class='ocrx_word' id='word_1_206' title='bbox 302 1859 595 1912; x_wconf 80' lang='lat' dir='ltr'><strong>sacrantur,</strong></span> <span class='ocrx_word' id='word_1_207' title='bbox 644 1858 694 1898; x_wconf 91' lang='lat' dir='ltr'><strong>at</strong></span> <span class='ocrx_word' id='word_1_208' title='bbox 738 1870 857 1899; x_wconf 86' lang='lat' dir='ltr'><strong>uero</strong></span> <span class='ocrx_word' id='word_1_209' title='bbox 902 1869 1074 1898; x_wconf 90' lang='lat' dir='ltr'><strong>mensa</strong></span> <span class='ocrx_word' id='word_1_210' title='bbox 1118 1855 1394 1911; x_wconf 86' lang='lat' dir='ltr'><strong>arulaeque</strong></span> 
     </span>
    </p>
   </div>
   <div class='ocr_carea' id='block_1_7' title="bbox 45 1941 328 1946">
    <p class='ocr_par' dir='ltr' id='par_1_7' title="bbox 45 1941 328 1946">
     <span class='ocr_line' id='line_1_31' title="bbox 45 1941 328 1946; baseline 0 0"><span class='ocrx_word' id='word_1_211' title='bbox 45 1941 328 1946; x_wconf 95' lang='lat' dir='ltr'><strong> </strong></span> 
     </span>
    </p>
   </div>
   <div class='ocr_carea' id='block_1_8' title="bbox 139 1983 815 2022">
    <p class='ocr_par' dir='ltr' id='par_1_8' title="bbox 139 1983 815 2022">
     <span class='ocr_line' id='line_1_32' title="bbox 139 1983 815 2022; baseline -0.003 -1"><span class='ocrx_word' id='word_1_212' title='bbox 139 1989 162 2021; x_wconf 88' lang='grc'>4</span> <span class='ocrx_word' id='word_1_213' title='bbox 186 1987 279 2022; x_wconf 88' lang='lat' dir='ltr'><strong>Aen.</strong></span> <span class='ocrx_word' id='word_1_214' title='bbox 303 1985 390 2021; x_wconf 87' lang='lat' dir='ltr'>VIII</span> <span class='ocrx_word' id='word_1_215' title='bbox 416 1987 485 2021; x_wconf 80' lang='lat'><strong>279</strong></span> <span class='ocrx_word' id='word_1_216' title='bbox 561 1988 603 2019; x_wconf 85' lang='lat'><strong>12</strong></span> <span class='ocrx_word' id='word_1_217' title='bbox 629 1984 678 2020; x_wconf 91' lang='lat' dir='ltr'><strong>ib.</strong></span> <span class='ocrx_word' id='word_1_218' title='bbox 704 1983 721 2018; x_wconf 92' lang='lat' dir='ltr'>I</span> <span class='ocrx_word' id='word_1_219' title='bbox 747 1987 815 2020; x_wconf 80' lang='lat'><strong>736</strong></span> 
     </span>
    </p>
   </div>
   <div class='ocr_carea' id='block_1_9' title="bbox 44 2059 327 2064">
    <p class='ocr_par' dir='ltr' id='par_1_9' title="bbox 44 2059 327 2064">
     <span class='ocr_line' id='line_1_33' title="bbox 44 2059 327 2064; baseline 0 0"><span class='ocrx_word' id='word_1_220' title='bbox 44 2059 327 2064; x_wconf 95' lang='lat' dir='ltr'><strong> </strong></span> 
     </span>
    </p>
   </div>
   <div class='ocr_carea' id='block_1_10' title="bbox 141 2098 1392 2149">
    <p class='ocr_par' dir='ltr' id='par_1_10' title="bbox 141 2098 1392 2149">
     <span class='ocr_line' id='line_1_34' title="bbox 141 2098 1392 2149; baseline -0.001 -11"><span class='ocrx_word' id='word_1_221' title='bbox 141 2107 159 2138; x_wconf 94' lang='lat'><strong>1</strong></span> <span class='ocrx_word' id='word_1_222' title='bbox 187 2104 313 2140; x_wconf 86' lang='lat' dir='ltr'><strong>tamen</strong></span> <span class='ocrx_word' id='word_1_223' title='bbox 338 2103 428 2149; x_wconf 80' lang='lat' dir='ltr'><strong>quid.</strong></span> <span class='ocrx_word' id='word_1_224' title='bbox 452 2104 488 2138; x_wconf 99' lang='grc' dir='ltr'><strong><em>Β</em></strong></span> <span class='ocrx_word' id='word_1_225' title='bbox 609 2106 630 2137; x_wconf 83' lang='grc'>2</span> <span class='ocrx_word' id='word_1_226' title='bbox 656 2112 840 2147; x_wconf 86' lang='lat' dir='ltr'><strong>quamque</strong></span> <span class='ocrx_word' id='word_1_227' title='bbox 864 2101 994 2137; x_wconf 61' lang='lat' dir='ltr'><strong>hbkur</strong></span> <span class='ocrx_word' id='word_1_228' title='bbox 1021 2103 1058 2138; x_wconf 92' lang='lat' dir='ltr'><strong><em>B</em></strong></span> <span class='ocrx_word' id='word_1_229' title='bbox 1173 2104 1194 2136; x_wconf 82' lang='lat'>8</span> <span class='ocrx_word' id='word_1_230' title='bbox 1220 2101 1317 2138; x_wconf 84' lang='lat' dir='ltr'><strong>fater</strong></span> <span class='ocrx_word' id='word_1_231' title='bbox 1342 2098 1392 2137; x_wconf 83' lang='lat' dir='ltr'><strong>P&#39;</strong></span> 
     </span>
    </p>
   </div>
   <div class='ocr_carea' id='block_1_11' title="bbox 0 1612 4 2158">
    <p class='ocr_par' dir='ltr' id='par_1_11' title="bbox 0 1612 4 2158">
     <span class='ocr_line' id='line_1_35' title="bbox 0 1612 4 2158; baseline 0 0"><span class='ocrx_word' id='word_1_232' title='bbox 0 1612 4 2158; x_wconf 95' lang='lat' dir='ltr'><strong> </strong></span> 
     </span>
    </p>
   </div>
   <div class='ocr_carea' id='block_1_12' title="bbox 40 2148 1398 2281">
    <p class='ocr_par' dir='ltr' id='par_1_12' title="bbox 40 2148 1398 2281">
     <span class='ocr_line' id='line_1_36' title="bbox 43 2148 1394 2194; baseline -0.002 -8"><span class='ocrx_word' id='word_1_233' title='bbox 43 2151 218 2187; x_wconf 75' lang='lat' dir='ltr'><strong>inmerito</strong></span> <span class='ocrx_word' id='word_1_234' title='bbox 249 2151 287 2187; x_wconf 92' lang='lat' dir='ltr'><strong><em>B</em></strong></span> <span class='ocrx_word' id='word_1_235' title='bbox 432 2155 474 2186; x_wconf 85' lang='lat'><strong>13</strong></span> <span class='ocrx_word' id='word_1_236' title='bbox 506 2149 646 2186; x_wconf 72' lang='lat' dir='ltr'><strong>termus</strong></span> <span class='ocrx_word' id='word_1_237' title='bbox 672 2149 717 2194; x_wconf 87' lang='lat' dir='ltr'><strong>P,</strong></span> <span class='ocrx_word' id='word_1_238' title='bbox 750 2149 791 2184; x_wconf 90' lang='lat' dir='ltr'><strong>P.</strong></span> <span class='ocrx_word' id='word_1_239' title='bbox 824 2148 947 2184; x_wconf 85' lang='lat' dir='ltr'><strong>T1t1us</strong></span> <span class='ocrx_word' id='word_1_240' title='bbox 974 2149 1150 2186; x_wconf 74' lang='lat' dir='ltr'><strong>Hertzius</strong></span> <span class='ocrx_word' id='word_1_241' title='bbox 1174 2150 1217 2185; x_wconf 83' lang='lat' dir='ltr'><strong>de</strong></span> <span class='ocrx_word' id='word_1_242' title='bbox 1254 2148 1394 2185; x_wconf 69' lang='lat' dir='ltr'><strong>Circeiis</strong></span> 
     </span>
     <span class='ocr_line' id='line_1_37' title="bbox 40 2195 1398 2245; baseline -0.002 -12"><span class='ocrx_word' id='word_1_243' title='bbox 40 2207 80 2245; x_wconf 73' lang='lat' dir='ltr'><strong>p.</strong></span> <span class='ocrx_word' id='word_1_244' title='bbox 100 2201 150 2235; x_wconf 85' lang='lat'><strong>39</strong></span> <span class='ocrx_word' id='word_1_245' title='bbox 223 2201 267 2233; x_wconf 78' lang='lat'><strong>14</strong></span> <span class='ocrx_word' id='word_1_246' title='bbox 290 2197 431 2234; x_wconf 78' lang='lat' dir='ltr'><strong>uenisse</strong></span> <span class='ocrx_word' id='word_1_247' title='bbox 457 2198 494 2234; x_wconf 91' lang='lat' dir='ltr'><em>P</em></span> <span class='ocrx_word' id='word_1_248' title='bbox 563 2200 606 2232; x_wconf 86' lang='lat'><strong>21</strong></span> <span class='ocrx_word' id='word_1_249' title='bbox 634 2195 901 2242; x_wconf 82' lang='lat' dir='ltr'><strong>suppellectihs</strong></span> <span class='ocrx_word' id='word_1_250' title='bbox 920 2196 958 2232; x_wconf 92' lang='grc' dir='ltr'><strong><em>Β</em></strong></span> <span class='ocrx_word' id='word_1_251' title='bbox 1030 2200 1075 2233; x_wconf 83' lang='lat'><strong>23</strong></span> <span class='ocrx_word' id='word_1_252' title='bbox 1101 2196 1243 2242; x_wconf 86' lang='lat' dir='ltr'><strong>semper</strong></span> <span class='ocrx_word' id='word_1_253' title='bbox 1267 2207 1334 2231; x_wconf 86' lang='lat' dir='ltr'><strong>o-m.</strong></span> <span class='ocrx_word' id='word_1_254' title='bbox 1361 2196 1398 2230; x_wconf 91' lang='lat' dir='ltr'><em>P</em></span> 
     </span>
     <span class='ocr_line' id='line_1_38' title="bbox 44 2242 1392 2281; baseline -0.001 -2"><span class='ocrx_word' id='word_1_255' title='bbox 44 2247 92 2280; x_wconf 75' lang='lat'><strong>26</strong></span> <span class='ocrx_word' id='word_1_256' title='bbox 128 2246 344 2281; x_wconf 80' lang='lat' dir='ltr'><strong>ornamento</strong></span> <span class='ocrx_word' id='word_1_257' title='bbox 381 2246 418 2281; x_wconf 91' lang='lat' dir='ltr'><em>B</em></span> <span class='ocrx_word' id='word_1_258' title='bbox 531 2248 576 2280; x_wconf 81' lang='lat'><strong>27</strong></span> <span class='ocrx_word' id='word_1_259' title='bbox 614 2243 861 2280; x_wconf 82' lang='lat' dir='ltr'><strong>cmuseemodl</strong></span> <span class='ocrx_word' id='word_1_260' title='bbox 901 2245 938 2279; x_wconf 93' lang='lat' dir='ltr'><strong><em>P</em></strong></span> <span class='ocrx_word' id='word_1_261' title='bbox 1074 2247 1119 2280; x_wconf 80' lang='lat'><strong>29</strong></span> <span class='ocrx_word' id='word_1_262' title='bbox 1158 2243 1307 2280; x_wconf 79' lang='lat' dir='ltr'><strong>dilubra</strong></span> <span class='ocrx_word' id='word_1_263' title='bbox 1345 2242 1392 2278; x_wconf 92' lang='lat' dir='ltr'><strong>B&#39;</strong></span> 
     </span>
    </p>
   </div>
   <div class='ocr_carea' id='block_1_13' title="bbox 0 2291 353 2381">
    <p class='ocr_par' dir='ltr' id='par_1_13' title="bbox 0 2291 353 2381">
     <span class='ocr_line' id='line_1_39' title="bbox 0 2291 353 2360; baseline 0.006 -34"><span class='ocrx_word' id='word_1_264' title='bbox 0 2313 4 2360; x_wconf 41' lang='grc' dir='ltr'>ἔ</span> <span class='ocrx_word' id='word_1_265' title='bbox 46 2291 172 2328; x_wconf 77' lang='lat' dir='ltr'><strong>arulae</strong></span> <span class='ocrx_word' id='word_1_266' title='bbox 197 2303 292 2338; x_wconf 81' lang='lat' dir='ltr'><strong>quae</strong></span> <span class='ocrx_word' id='word_1_267' title='bbox 315 2292 353 2328; x_wconf 91' lang='lat' dir='ltr'><em>B</em></span> 
     </span>
     <span class='ocr_line' id='line_1_40' title="bbox 1 2361 5 2381; baseline 0 0"><span class='ocrx_word' id='word_1_268' title='bbox 1 2361 5 2381; x_wconf 65' lang='grc' dir='ltr'>ἰ</span> 
     </span>
    </p>
   </div>
   <div class='ocr_carea' id='block_1_14' title="bbox 1 2382 5 2442">
    <p class='ocr_par' dir='ltr' id='par_1_14' title="bbox 1 2382 5 2442">
     <span class='ocr_line' id='line_1_41' title="bbox 1 2382 5 2422; baseline 0 0"><span class='ocrx_word' id='word_1_269' title='bbox 1 2382 5 2422; x_wconf 56' lang='lat' dir='ltr'><strong>&#39;z</strong></span> 
     </span>
     <span class='ocr_line' id='line_1_42' title="bbox 2 2427 5 2442; baseline 0 0"><span class='ocrx_word' id='word_1_270' title='bbox 2 2427 5 2442; x_wconf 82' lang='grc'><strong>1</strong></span> 
     </span>
    </p>
   </div>
  </div>
 </body>
</html>
