1526 2444
149 80 236 122 554
446 80 595 117 COMM.
619 80 670 116 IN
696 81 840 117 SOMN.
866 82 977 118 SCIP.
1003 83 1128 118 LIBRI
1153 84 1170 118 I

59 206 63 213 =
106 181 108 185 ’
148 186 192 228 in
222 186 421 228 uniuersa
452 200 495 228 se
526 187 694 242 fundat,
732 202 897 242 semper
928 190 971 230 et
1002 202 1154 243 corpus
1186 204 1229 231 se
1259 190 1302 232 in
1333 191 1468 245 ipsam

150 247 193 286 et
217 259 292 298 per
316 245 452 299 ipsam
478 247 708 299 retorquet.
756 245 860 287 haec
893 247 943 288 de
969 247 1161 289 caelestis
1186 248 1468 291 uolubilitatis

150 316 304 343 arcano
356 316 492 356 pauca
535 301 588 344 de
620 303 776 345 ”multis
825 303 1028 346 Plotino
1083 307 1254 347 auctore
1301 309 1469 360 reperta

34 347 51 402 l
83 361 136 402 12
152 360 376 401 sufficiant.
414 360 525 414 quod
545 363 686 402 autem
705 361 818 402 hunc
836 362 965 403 istum
992 363 1225 404 extimum
1251 364 1470 419 globum,

149 418 220 470 qui
262 417 324 459 ita
366 418 571 473 uoluitur,
611 433 852 460 summum
889 420 1030 461 deum
1074 421 1254 476 uocauit,
1287 436 1374 464 non
1409 422 1470 464 ita
1505 432 1522 459 ὁ

149 475 438 529 accipiendum
482 478 564 531 est,
605 478 654 518 ut
694 477 784 530 ipse
827 477 964 531 prima
1007 492 1134 520 causa
1176 481 1218 520 et
1255 479 1355 521 deus
1397 480 1470 521 ille

149 533 591 587 omnipotentissimus
618 535 882 576 aestimetur:
931 549 1024 577 cum
1051 536 1203 591 globus
1228 537 1332 590 ipse,
1358 538 1469 592 quod

148 591 312 632 caelum
343 594 424 645 est,
457 592 621 633 animae
652 593 707 633 sit
737 592 916 647 fabrica,
954 594 1093 635 anima
1125 608 1175 635 ex
1205 597 1345 636 mente
1375 610 1469 650 pro-

148 649 333 702 cesserit,
363 663 480 690 mens
507 664 557 691 ex
582 650 672 704 deo,
704 651 774 704 qui
798 664 895 691 uere
921 665 1110 693 summus
1137 654 1218 707 est,
1247 655 1467 706 procreata

80 707 134 749 13
149 707 222 748 sit:
255 707 328 748 sed
353 721 592 749 summum
619 708 786 762 quidem
812 708 917 750 dixit
942 709 994 750 ad
1014 712 1245 751 ceterorum
1266 710 1468 765 ordinem,
1487 721 1526 747 10-

147 765 218 818 qui
251 765 429 806 subiecti
460 768 569 820 sunt,
600 766 709 806 unde
740 780 837 808 mox
869 766 1049 808 subiecit
1080 781 1254 809 arcens
1281 770 1330 810 et
1360 782 1467 810 con·
1524 798 1526 800 -

146 823 316 863 tinens
354 825 568 877 ceteros,
611 823 750 865 deum
794 838 912 878 uero,
956 824 1067 878 quod
1109 839 1194 866 non
1237 826 1362 867 modo
1403 826 1464 868 in·
1523 865 1526 871 .

147 881 328 921 mortale
364 881 521 922 animal
560 896 608 922 ac
645 881 836 922 diuinum
867 883 922 923 sit
953 885 994 923 et
1023 883 1195 937 plenum
1225 883 1385 935 inditae
1417 899 1467 926 ex
1522 882 1526 927 «J

146 937 221 978 illa
262 938 492 992 purissima
531 941 671 980 mente
711 940 906 990 rationis,
947 940 1018 981 sed
1062 941 1172 995 quod
1209 943 1251 982 et
1286 942 1465 983 uirtutes
1521 934 1526 958 ¹

147 1009 309 1049 omnes,
341 1011 447 1050 quae
477 996 596 1037 illam
633 997 795 1050 primae
826 998 1176 1052 omnipotentiam
1209 999 1465 1041 summitatis
1486 1010 1500 1035 1

78 1054 132 1095 14
146 1055 358 1107 secuntur,
395 1056 468 1095 aut
502 1053 594 1108 ipse
629 1054 760 1096 faciat
801 1057 876 1096 aut
911 1056 1003 1109 ipse
1041 1057 1267 1098 contineat.
1327 1057 1464 1110 ipsum

145 1111 323 1165 denique
354 1111 500 1153 Iouem
532 1115 695 1153 ueteres
727 1116 998 1165 uocauerunt,
1029 1116 1071 1155 et
1101 1114 1212 1167 apud
1241 1114 1464 1170 theologos

143 1169 334 1223 Iuppiter
365 1172 430 1211 est
459 1170 605 1211 mundi
637 1170 787 1212 anima.
846 1171 946 1212 hinc
976 1171 1080 1213 illud
1113 1174 1176 1213 est

202 1251 254 1292 ab
285 1249 387 1292 Ioue
419 1250 684 1306 principium,
714 1250 873 1306 Musae,
902 1250 1018 1294 Iouis
1051 1252 1191 1294 omnia
1221 1253 1360 1307 plena,

79 1327 83 1334 “
144 1330 255 1385 quod
286 1331 335 1372 de
363 1331 496 1373 Arato
527 1334 679 1386 poetae
711 1332 784 1374 alii
815 1333 996 1386 Qut-Uaffi
1030 1335 1138 1386 sunt,
1171 1333 1243 1387 qui
1273 1334 1323 1375 de
1355 1334 1462 1376 side-

143 1389 261 1430 ribus
287 1389 503 1431 locuturus
536 1404 560 1430 a
591 1391 721 1444 caelo,
751 1390 795 1431 in
827 1405 909 1445 quo
936 1392 1036 1432 sunt
1067 1391 1216 1445 sidera,
1247 1392 1463 1434 exordium

146 1447 397 1488 sumendum
434 1461 525 1488 esse
557 1448 799 1502 decernens,
837 1449 890 1490 ab
922 1448 1024 1490 Ioue
1060 1448 1340 1503 incipiendum
1372 1463 1462 1491 esse

79 1505 132 1546 15
147 1505 412 1547 memorauit.
471 1505 570 1547 hinc
608 1508 651 1547 et
680 1505 787 1547 Iuno
819 1520 938 1548 soror
975 1507 1063 1548 eius
1094 1509 1137 1548 et
1173 1507 1353 1549 coniunx
1389 1522 1464 1550 uo-

143 1565 274 1605 catur.
340 1566 406 1604 est
449 1567 590 1604 autem
632 1564 736 1605 Iuno
780 1578 868 1618 aer,
910 1566 951 1605 et
994 1564 1145 1606 dicitur
1187 1578 1322 1619 soror,
1365 1565 1464 1620 quia

143 1620 278 1662 isdem
310 1621 554 1675 seminibus,
584 1622 736 1676 quibus
763 1622 939 1676 caelum,
970 1622 1096 1664 etiam
1123 1636 1195 1663 aer
1216 1625 1461 1676 procreatus

77 1679 129 1720 16
145 1681 225 1733 est,
257 1679 455 1734 coniunx,
485 1680 585 1733 quia
621 1694 691 1721 aer
721 1679 936 1722 subiectus
973 1682 1038 1721 est
1069 1679 1198 1722 eaelo.
1256 1680 1324 1722 his
1354 1680 1460 1722 illud
1495 1706 1498 1708 v

142 1736 406 1778 adiciendum
444 1740 525 1791 est,
562 1738 671 1791 quod
702 1740 870 1791 praeter
913 1737 994 1780 duo
1031 1738 1192 1779 lumina
1235 1740 1276 1779 et
1312 1738 1460 1780 stellas

141 1795 335 1850 quinque,
366 1809 471 1849 quae
504 1796 771 1850 appellantur
802 1808 954 1849 uagae,
990 1796 1174 1850 reliquas
1212 1809 1356 1838 omnes
1388 1796 1461 1838 alii

139 1852 290 1894 infixas
322 1854 438 1894 caelo
463 1867 540 1895 nec
570 1853 654 1895 nisi
685 1867 779 1895 cum
811 1854 925 1895 caelo
957 1853 1136 1908 moueri,
1167 1853 1251 1908 alii,
1282 1867 1459 1908 quorum

141 1909 326 1951 adsertio
364 1925 464 1952 uero
501 1911 676 1964 propior
713 1914 795 1966 est,
832 1911 908 1952 has
946 1925 1109 1966 quoque
1147 1911 1342 1952 dixerunt
1381 1925 1456 1953 suo

139 1969 278 2021 motu,
313 1971 482 2021 praeter
518 1969 629 2023 quod
666 1983 761 2010 cum
798 1969 904 2010 caeli
943 1969 1219 2010 eonuersione
1257 1968 1458 2024 feruntur,

140 2025 334 2066 accedere
379 2026 450 2066 sed
487 2030 660 2080 propter
696 2027 1014 2068 inmensitatem
1051 2027 1199 2068 extimi
1238 2027 1354 2081 globi
1391 2026 1457 2068 exss

139 2082 330 2124 cedentia
349 2083 592 2124 credibilem
610 2098 834 2125 numerum
859 2085 1029 2126 saecula
1047 2084 1091 2126 in
1115 2099 1200 2126 una
1219 2098 1289 2126 eas
1314 2098 1459 2126 cursus
1477 2094 1480 2100 ’

139 2140 205 2181 sui
225 2141 456 2182 ambitione
483 2155 737 2196 consumere,
764 2145 806 2183 et
824 2141 917 2183 ideo
942 2142 1107 2184 nullum
1127 2156 1271 2184 earum
1296 2144 1459 2184 motum

233 2277 410 2323 19·Verg.
436 2277 550 2323 eclog.
576 2277 626 2312 ΙΠ
650 2281 694 2313 59
