<?xml version="1.0" encoding="UTF-8"?>
<!DOCTYPE html PUBLIC "-//W3C//DTD XHTML 1.0 Transitional//EN"
    "http://www.w3.org/TR/xhtml1/DTD/xhtml1-transitional.dtd">
<html xmlns="http://www.w3.org/1999/xhtml" xml:lang="en" lang="en">
 <head>
  <title>
</title>
<meta http-equiv="Content-Type" content="text/html;charset=utf-8" />
  <meta name='ocr-system' content='tesseract 3.04.00' />
  <meta name='ocr-capabilities' content='ocr_page ocr_carea ocr_par ocr_line ocrx_word'/>
</head>
<body>
  <div class='ocr_page' id='page_1' title='image "./macrobiusfrancis00macruoft_0044.png"; bbox 0 0 1526 2444; ppageno 0'>
   <div class='ocr_carea' id='block_1_1' title="bbox 155 82 968 124">
    <p class='ocr_par' dir='ltr' id='par_1_1' title="bbox 155 82 968 124">
     <span class='ocr_line' id='line_1_1' title="bbox 155 82 968 124; baseline 0.002 -8"><span class='ocrx_word' id='word_1_1' title='bbox 155 83 210 124; x_wconf 80' lang='lat'>32</span> <span class='ocrx_word' id='word_1_2' title='bbox 678 82 776 118; x_wconf 86' lang='lat' dir='ltr'>SAT.</span> <span class='ocrx_word' id='word_1_3' title='bbox 801 83 928 118; x_wconf 80' lang='lat' dir='ltr'><strong>LIBRI</strong></span> <span class='ocrx_word' id='word_1_4' title='bbox 951 84 968 118; x_wconf 93' lang='lat'>1</span> 
     </span>
    </p>
   </div>
   <div class='ocr_carea' id='block_1_2' title="bbox 88 189 1512 1804">
    <p class='ocr_par' dir='ltr' id='par_1_2' title="bbox 88 189 1512 1804">
     <span class='ocr_line' id='line_1_2' title="bbox 158 189 1479 244; baseline 0.002 -15"><span class='ocrx_word' id='word_1_5' title='bbox 158 189 337 232; x_wconf 81' lang='lat' dir='ltr'>iubetur.</span> <span class='ocrx_word' id='word_1_6' title='bbox 386 189 509 243; x_wconf 89' lang='lat' dir='ltr'>unde,</span> <span class='ocrx_word' id='word_1_7' title='bbox 540 203 646 243; x_wconf 90' lang='lat' dir='ltr'>quae</span> <span class='ocrx_word' id='word_1_8' title='bbox 677 190 776 231; x_wconf 88' lang='lat' dir='ltr'>sciri</span> <span class='ocrx_word' id='word_1_9' title='bbox 805 189 870 231; x_wconf 87' lang='lat' dir='ltr'>fas</span> <span class='ocrx_word' id='word_1_10' title='bbox 897 192 973 244; x_wconf 87' lang='lat' dir='ltr'>est,</span> <span class='ocrx_word' id='word_1_11' title='bbox 1002 189 1145 232; x_wconf 89' lang='lat' dir='ltr'>Horus</span> <span class='ocrx_word' id='word_1_12' title='bbox 1169 192 1314 232; x_wconf 88' lang='lat' dir='ltr'>noster</span> <span class='ocrx_word' id='word_1_13' title='bbox 1336 191 1479 233; x_wconf 90' lang='lat' dir='ltr'>licebit</span> 
     </span>
     <span class='ocr_line' id='line_1_3' title="bbox 91 247 1478 302; baseline 0.001 -14"><span class='ocrx_word' id='word_1_14' title='bbox 91 247 320 288; x_wconf 86' lang='lat' dir='ltr'>19mecum</span> <span class='ocrx_word' id='word_1_15' title='bbox 350 250 639 301; x_wconf 86' lang='lat' dir='ltr'>recognoscat.</span> <span class='ocrx_word' id='word_1_16' title='bbox 699 248 957 302; x_wconf 83' lang='lat' dir='ltr'>regionem</span> <span class='ocrx_word' id='word_1_17' title='bbox 993 248 1160 301; x_wconf 87' lang='lat' dir='ltr'>istam,</span> <span class='ocrx_word' id='word_1_18' title='bbox 1197 262 1321 302; x_wconf 90' lang='lat' dir='ltr'>quae</span> <span class='ocrx_word' id='word_1_19' title='bbox 1350 262 1478 291; x_wconf 86' lang='lat' dir='ltr'>nunc</span> 
     </span>
     <span class='ocr_line' id='line_1_4' title="bbox 156 304 1480 361; baseline 0.002 -16"><span class='ocrx_word' id='word_1_20' title='bbox 156 307 372 346; x_wconf 87' lang='lat' dir='ltr'>uocatur</span> <span class='ocrx_word' id='word_1_21' title='bbox 415 304 588 359; x_wconf 91' lang='lat' dir='ltr'>Italia,</span> <span class='ocrx_word' id='word_1_22' title='bbox 635 319 789 359; x_wconf 86' lang='lat' dir='ltr'>regno</span> <span class='ocrx_word' id='word_1_23' title='bbox 831 305 982 347; x_wconf 88' lang='lat' dir='ltr'>Ianus</span> <span class='ocrx_word' id='word_1_24' title='bbox 1027 306 1265 361; x_wconf 83' lang='lat' dir='ltr'>optinuit,</span> <span class='ocrx_word' id='word_1_25' title='bbox 1309 307 1391 360; x_wconf 91' lang='lat' dir='ltr'>qui</span> <span class='ocrx_word' id='word_1_26' title='bbox 1431 309 1480 348; x_wconf 88' lang='lat' dir='ltr'>ut</span> 
     </span>
     <span class='ocr_line' id='line_1_5' title="bbox 157 361 1480 406; baseline 0.002 -3"><span class='ocrx_word' id='word_1_27' title='bbox 157 361 366 403; x_wconf 69' lang='lat' dir='ltr'>Hrcmvs</span> <span class='ocrx_word' id='word_1_28' title='bbox 417 361 734 405; x_wconf 75' lang='lat' dir='ltr'>PRorARCva</span> <span class='ocrx_word' id='word_1_29' title='bbox 777 363 1084 406; x_wconf 80' lang='lat' dir='ltr'>TRALLIANVM</span> <span class='ocrx_word' id='word_1_30' title='bbox 1132 366 1300 406; x_wconf 85' lang='lat' dir='ltr'>secutus</span> <span class='ocrx_word' id='word_1_31' title='bbox 1347 364 1480 406; x_wconf 86' lang='lat' dir='ltr'>tradit</span> 
     </span>
     <span class='ocr_line' id='line_1_6' title="bbox 156 419 1478 476; baseline 0.004 -16"><span class='ocrx_word' id='word_1_32' title='bbox 156 434 263 460; x_wconf 89' lang='lat' dir='ltr'>cum</span> <span class='ocrx_word' id='word_1_33' title='bbox 301 419 506 461; x_wconf 82' lang='lat' dir='ltr'>Gamese</span> <span class='ocrx_word' id='word_1_34' title='bbox 550 434 703 474; x_wconf 88' lang='lat' dir='ltr'>aeque</span> <span class='ocrx_word' id='word_1_35' title='bbox 745 421 984 476; x_wconf 85' lang='lat' dir='ltr'>indigena</span> <span class='ocrx_word' id='word_1_36' title='bbox 1020 424 1207 464; x_wconf 88' lang='lat' dir='ltr'>terram</span> <span class='ocrx_word' id='word_1_37' title='bbox 1243 422 1370 464; x_wconf 84' lang='lat' dir='ltr'>hanc</span> <span class='ocrx_word' id='word_1_38' title='bbox 1405 422 1478 465; x_wconf 88' lang='lat' dir='ltr'>ita</span> 
     </span>
     <span class='ocr_line' id='line_1_7' title="bbox 156 477 1479 534; baseline 0.004 -17"><span class='ocrx_word' id='word_1_39' title='bbox 156 477 469 531; x_wconf 86' lang='lat' dir='ltr'>participata</span> <span class='ocrx_word' id='word_1_40' title='bbox 497 479 733 531; x_wconf 86' lang='lat' dir='ltr'>potentia</span> <span class='ocrx_word' id='word_1_41' title='bbox 761 479 1111 534; x_wconf 73' lang='lat' dir='ltr'>possidebant,</span> <span class='ocrx_word' id='word_1_42' title='bbox 1140 481 1194 520; x_wconf 89' lang='lat' dir='ltr'>ut</span> <span class='ocrx_word' id='word_1_43' title='bbox 1224 479 1364 534; x_wconf 88' lang='lat' dir='ltr'>regio</span> <span class='ocrx_word' id='word_1_44' title='bbox 1391 479 1479 523; x_wconf 85' lang='lat' dir='ltr'>Ga-</span> 
     </span>
     <span class='ocr_line' id='line_1_8' title="bbox 88 531 1508 604; baseline 0.006 -30"><span class='ocrx_word' id='word_1_45' title='bbox 88 531 372 589; x_wconf 79' lang='lat' dir='ltr'>20mesene,</span> <span class='ocrx_word' id='word_1_46' title='bbox 403 535 639 590; x_wconf 89' lang='lat' dir='ltr'>oppidum</span> <span class='ocrx_word' id='word_1_47' title='bbox 669 535 951 578; x_wconf 85' lang='lat' dir='ltr'>Ianiculum</span> <span class='ocrx_word' id='word_1_48' title='bbox 980 538 1304 580; x_wconf 84' lang='lat' dir='ltr'>uocitaretur.</span> <span class='ocrx_word' id='word_1_49' title='bbox 1363 541 1480 604; x_wconf 69' lang='lat' dir='ltr'>post</span> <span class='ocrx_word' id='word_1_50' title='bbox 1506 579 1508 582; x_wconf 78' lang='grc'>,</span> 
     </span>
     <span class='ocr_line' id='line_1_9' title="bbox 157 592 1480 650; baseline 0.003 -17"><span class='ocrx_word' id='word_1_51' title='bbox 157 592 215 634; x_wconf 89' lang='lat' dir='ltr'>ad</span> <span class='ocrx_word' id='word_1_52' title='bbox 257 592 430 634; x_wconf 90' lang='lat' dir='ltr'>Ianum</span> <span class='ocrx_word' id='word_1_53' title='bbox 481 594 641 634; x_wconf 91' lang='lat' dir='ltr'>solum</span> <span class='ocrx_word' id='word_1_54' title='bbox 689 607 896 648; x_wconf 90' lang='lat' dir='ltr'>regnum</span> <span class='ocrx_word' id='word_1_55' title='bbox 944 595 1200 637; x_wconf 84' lang='lat' dir='ltr'>redactum</span> <span class='ocrx_word' id='word_1_56' title='bbox 1250 597 1348 650; x_wconf 83' lang='lat' dir='ltr'>est,</span> <span class='ocrx_word' id='word_1_57' title='bbox 1396 597 1480 650; x_wconf 89' lang='lat' dir='ltr'>qui</span> 
     </span>
     <span class='ocr_line' id='line_1_10' title="bbox 156 650 1480 707; baseline 0.003 -16"><span class='ocrx_word' id='word_1_58' title='bbox 156 650 382 691; x_wconf 85' lang='lat' dir='ltr'>creditur</span> <span class='ocrx_word' id='word_1_59' title='bbox 412 652 662 704; x_wconf 86' lang='lat' dir='ltr'>geminam</span> <span class='ocrx_word' id='word_1_60' title='bbox 693 652 871 693; x_wconf 89' lang='lat' dir='ltr'>faciem</span> <span class='ocrx_word' id='word_1_61' title='bbox 900 653 1224 707; x_wconf 88' lang='lat' dir='ltr'>praetulisse,</span> <span class='ocrx_word' id='word_1_62' title='bbox 1254 655 1324 706; x_wconf 87' lang='lat' dir='ltr'>ut,</span> <span class='ocrx_word' id='word_1_63' title='bbox 1356 667 1480 707; x_wconf 89' lang='lat' dir='ltr'>quae</span> 
     </span>
     <span class='ocr_line' id='line_1_11' title="bbox 156 711 1480 764; baseline 0.003 -15"><span class='ocrx_word' id='word_1_64' title='bbox 156 711 272 749; x_wconf 86' lang='lat' dir='ltr'>ante</span> <span class='ocrx_word' id='word_1_65' title='bbox 308 723 532 762; x_wconf 89' lang='lat' dir='ltr'>quaeque</span> <span class='ocrx_word' id='word_1_66' title='bbox 567 712 683 764; x_wconf 89' lang='lat' dir='ltr'>post</span> <span class='ocrx_word' id='word_1_67' title='bbox 718 712 915 764; x_wconf 88' lang='lat' dir='ltr'>tergum</span> <span class='ocrx_word' id='word_1_68' title='bbox 951 713 1136 764; x_wconf 78' lang='lat' dir='ltr'>essent,</span> <span class='ocrx_word' id='word_1_69' title='bbox 1178 711 1480 753; x_wconf 75' lang='lat' dir='ltr'>intueretur:</span> 
     </span>
     <span class='ocr_line' id='line_1_12' title="bbox 157 766 1481 823; baseline 0.003 -17"><span class='ocrx_word' id='word_1_70' title='bbox 157 766 284 819; x_wconf 91' lang='lat' dir='ltr'>quod</span> <span class='ocrx_word' id='word_1_71' title='bbox 315 767 496 819; x_wconf 84' lang='lat' dir='ltr'>procul</span> <span class='ocrx_word' id='word_1_72' title='bbox 528 766 678 808; x_wconf 89' lang='lat' dir='ltr'>dubio</span> <span class='ocrx_word' id='word_1_73' title='bbox 711 767 768 808; x_wconf 92' lang='lat' dir='ltr'>ad</span> <span class='ocrx_word' id='word_1_74' title='bbox 798 768 1119 821; x_wconf 74' lang='lat' dir='ltr'>prudentiam</span> <span class='ocrx_word' id='word_1_75' title='bbox 1144 769 1278 823; x_wconf 85' lang='lat' dir='ltr'>regis</span> <span class='ocrx_word' id='word_1_76' title='bbox 1305 769 1481 811; x_wconf 91' lang='lat' dir='ltr'>soller-</span> 
     </span>
     <span class='ocr_line' id='line_1_13' title="bbox 156 823 1480 880; baseline 0.003 -16"><span class='ocrx_word' id='word_1_77' title='bbox 156 823 379 877; x_wconf 89' lang='lat' dir='ltr'>tiamque</span> <span class='ocrx_word' id='word_1_78' title='bbox 410 824 727 866; x_wconf 89' lang='lat' dir='ltr'>referendum</span> <span class='ocrx_word' id='word_1_79' title='bbox 758 828 850 878; x_wconf 88' lang='lat' dir='ltr'>est,</span> <span class='ocrx_word' id='word_1_80' title='bbox 881 827 964 880; x_wconf 90' lang='lat' dir='ltr'>qui</span> <span class='ocrx_word' id='word_1_81' title='bbox 989 828 1038 867; x_wconf 88' lang='lat' dir='ltr'>et</span> <span class='ocrx_word' id='word_1_82' title='bbox 1060 826 1345 880; x_wconf 86' lang='lat' dir='ltr'>praeterita</span> <span class='ocrx_word' id='word_1_83' title='bbox 1367 841 1480 868; x_wconf 91' lang='lat' dir='ltr'>nos-</span> 
     </span>
     <span class='ocr_line' id='line_1_14' title="bbox 159 882 1482 937; baseline 0.004 -16"><span class='ocrx_word' id='word_1_84' title='bbox 159 884 234 922; x_wconf 85' lang='lat' dir='ltr'>set</span> <span class='ocrx_word' id='word_1_85' title='bbox 271 884 319 922; x_wconf 84' lang='lat' dir='ltr'>et</span> <span class='ocrx_word' id='word_1_86' title='bbox 353 882 526 923; x_wconf 88' lang='lat' dir='ltr'>futura</span> <span class='ocrx_word' id='word_1_87' title='bbox 562 883 894 937; x_wconf 79' lang='lat' dir='ltr'>prospiceret,</span> <span class='ocrx_word' id='word_1_88' title='bbox 937 884 1070 925; x_wconf 88' lang='lat' dir='ltr'>sicut</span> <span class='ocrx_word' id='word_1_89' title='bbox 1106 885 1391 926; x_wconf 90' lang='lat' dir='ltr'>Anteuorta</span> <span class='ocrx_word' id='word_1_90' title='bbox 1433 886 1482 926; x_wconf 88' lang='lat' dir='ltr'>et</span> 
     </span>
     <span class='ocr_line' id='line_1_15' title="bbox 157 938 1480 995; baseline 0.003 -16"><span class='ocrx_word' id='word_1_91' title='bbox 157 938 449 989; x_wconf 77' lang='lat' dir='ltr'>Postuorta,</span> <span class='ocrx_word' id='word_1_92' title='bbox 475 939 769 982; x_wconf 88' lang='lat' dir='ltr'>diuinitatis</span> <span class='ocrx_word' id='word_1_93' title='bbox 795 941 997 983; x_wconf 87' lang='lat' dir='ltr'>scilicet</span> <span class='ocrx_word' id='word_1_94' title='bbox 1016 942 1312 995; x_wconf 86' lang='lat' dir='ltr'>aptissimae</span> <span class='ocrx_word' id='word_1_95' title='bbox 1332 943 1480 984; x_wconf 90' lang='lat' dir='ltr'>comi-</span> 
     </span>
     <span class='ocr_line' id='line_1_16' title="bbox 88 996 1480 1055; baseline 0.004 -18"><span class='ocrx_word' id='word_1_96' title='bbox 88 1004 140 1044; x_wconf 77' lang='grc'>21</span> <span class='ocrx_word' id='word_1_97' title='bbox 158 1000 250 1050; x_wconf 90' lang='lat' dir='ltr'>tes,</span> <span class='ocrx_word' id='word_1_98' title='bbox 281 997 409 1050; x_wconf 85' lang='lat' dir='ltr'>apud</span> <span class='ocrx_word' id='word_1_99' title='bbox 433 996 682 1039; x_wconf 88' lang='lat' dir='ltr'>Romanos</span> <span class='ocrx_word' id='word_1_100' title='bbox 715 999 962 1040; x_wconf 88' lang='lat' dir='ltr'>coluntur.</span> <span class='ocrx_word' id='word_1_101' title='bbox 1010 999 1091 1040; x_wconf 89' lang='lat' dir='ltr'>hic</span> <span class='ocrx_word' id='word_1_102' title='bbox 1121 1000 1282 1055; x_wconf 86' lang='lat' dir='ltr'>igitur</span> <span class='ocrx_word' id='word_1_103' title='bbox 1311 999 1480 1052; x_wconf 89' lang='lat' dir='ltr'>Ianus,</span> 
     </span>
     <span class='ocr_line' id='line_1_17' title="bbox 157 1053 1481 1112; baseline 0.004 -17"><span class='ocrx_word' id='word_1_104' title='bbox 157 1069 264 1096; x_wconf 89' lang='lat' dir='ltr'>cum</span> <span class='ocrx_word' id='word_1_105' title='bbox 314 1053 583 1097; x_wconf 84' lang='lat' dir='ltr'>Saturnum</span> <span class='ocrx_word' id='word_1_106' title='bbox 638 1056 800 1098; x_wconf 87' lang='lat' dir='ltr'>classe</span> <span class='ocrx_word' id='word_1_107' title='bbox 853 1059 1142 1112; x_wconf 86' lang='lat' dir='ltr'>peruectum</span> <span class='ocrx_word' id='word_1_108' title='bbox 1195 1058 1481 1112; x_wconf 86' lang='lat' dir='ltr'>excepisset</span> 
     </span>
     <span class='ocr_line' id='line_1_18' title="bbox 156 1112 1512 1169; baseline 0.003 -16"><span class='ocrx_word' id='word_1_109' title='bbox 156 1112 402 1166; x_wconf 84' lang='lat' dir='ltr'>hospitiO,</span> <span class='ocrx_word' id='word_1_110' title='bbox 428 1115 475 1154; x_wconf 88' lang='lat' dir='ltr'>et</span> <span class='ocrx_word' id='word_1_111' title='bbox 498 1113 556 1154; x_wconf 90' lang='lat' dir='ltr'>ab</span> <span class='ocrx_word' id='word_1_112' title='bbox 583 1127 637 1155; x_wconf 88' lang='lat' dir='ltr'>eo</span> <span class='ocrx_word' id='word_1_113' title='bbox 664 1114 872 1156; x_wconf 89' lang='lat' dir='ltr'>edoctus</span> <span class='ocrx_word' id='word_1_114' title='bbox 896 1114 1138 1169; x_wconf 89' lang='lat' dir='ltr'>peritiam</span> <span class='ocrx_word' id='word_1_115' title='bbox 1162 1115 1296 1156; x_wconf 91' lang='lat' dir='ltr'>ruris</span> <span class='ocrx_word' id='word_1_116' title='bbox 1322 1116 1481 1158; x_wconf 84' lang='lat' dir='ltr'>ferum</span> <span class='ocrx_word' id='word_1_117' title='bbox 1510 1115 1512 1118; x_wconf 72' lang='grc'>’</span> 
     </span>
     <span class='ocr_line' id='line_1_19' title="bbox 156 1170 1483 1238; baseline 0.004 -28"><span class='ocrx_word' id='word_1_118' title='bbox 156 1170 300 1211; x_wconf 91' lang='lat' dir='ltr'>illum</span> <span class='ocrx_word' id='word_1_119' title='bbox 326 1172 375 1211; x_wconf 86' lang='lat' dir='ltr'>et</span> <span class='ocrx_word' id='word_1_120' title='bbox 405 1170 572 1212; x_wconf 89' lang='lat' dir='ltr'>rudem</span> <span class='ocrx_word' id='word_1_121' title='bbox 604 1174 718 1213; x_wconf 86' lang='lat' dir='ltr'>ante</span> <span class='ocrx_word' id='word_1_122' title='bbox 748 1171 923 1238; x_wconf 80' lang='lat' dir='ltr'>fruges</span> <span class='ocrx_word' id='word_1_123' title='bbox 949 1173 1182 1226; x_wconf 85' lang='lat' dir='ltr'>cognitas</span> <span class='ocrx_word' id='word_1_124' title='bbox 1213 1174 1401 1215; x_wconf 90' lang='lat' dir='ltr'>uictum</span> <span class='ocrx_word' id='word_1_125' title='bbox 1431 1174 1483 1215; x_wconf 92' lang='lat' dir='ltr'>in</span> 
     </span>
     <span class='ocr_line' id='line_1_20' title="bbox 157 1228 1481 1284; baseline 0.004 -16"><span class='ocrx_word' id='word_1_126' title='bbox 157 1228 336 1269; x_wconf 89' lang='lat' dir='ltr'>melius</span> <span class='ocrx_word' id='word_1_127' title='bbox 374 1228 676 1283; x_wconf 86' lang='lat' dir='ltr'>redegisset,</span> <span class='ocrx_word' id='word_1_128' title='bbox 718 1232 860 1284; x_wconf 84' lang='lat' dir='ltr'>regni</span> <span class='ocrx_word' id='word_1_129' title='bbox 897 1244 1004 1271; x_wconf 88' lang='lat' dir='ltr'>eum</span> <span class='ocrx_word' id='word_1_130' title='bbox 1041 1232 1287 1273; x_wconf 87' lang='lat' dir='ltr'>societate</span> <span class='ocrx_word' id='word_1_131' title='bbox 1318 1246 1481 1273; x_wconf 91' lang='lat' dir='ltr'>mune-</span> 
     </span>
     <span class='ocr_line' id='line_1_21' title="bbox 88 1286 1511 1346; baseline 0.001 -17"><span class='ocrx_word' id='word_1_132' title='bbox 88 1286 304 1329; x_wconf 82' lang='lat' dir='ltr'>22rauit.</span> <span class='ocrx_word' id='word_1_133' title='bbox 358 1299 465 1327; x_wconf 85' lang='lat' dir='ltr'>cum</span> <span class='ocrx_word' id='word_1_134' title='bbox 500 1287 691 1340; x_wconf 89' lang='lat' dir='ltr'>primus</span> <span class='ocrx_word' id='word_1_135' title='bbox 729 1301 921 1342; x_wconf 90' lang='lat' dir='ltr'>quoque</span> <span class='ocrx_word' id='word_1_136' title='bbox 953 1302 1068 1329; x_wconf 88' lang='lat' dir='ltr'>aera</span> <span class='ocrx_word' id='word_1_137' title='bbox 1100 1289 1343 1344; x_wconf 86' lang='lat' dir='ltr'>signaret,</span> <span class='ocrx_word' id='word_1_138' title='bbox 1380 1303 1480 1331; x_wconf 88' lang='lat' dir='ltr'>ser·</span> <span class='ocrx_word' id='word_1_139' title='bbox 1510 1343 1511 1346; x_wconf 11' lang='grc' dir='ltr'><strong>Ἴ</strong></span> 
     </span>
     <span class='ocr_line' id='line_1_22' title="bbox 157 1343 1512 1401; baseline 0.004 -17"><span class='ocrx_word' id='word_1_140' title='bbox 157 1344 300 1385; x_wconf 90' lang='lat' dir='ltr'>uauit</span> <span class='ocrx_word' id='word_1_141' title='bbox 337 1346 386 1384; x_wconf 89' lang='lat' dir='ltr'>et</span> <span class='ocrx_word' id='word_1_142' title='bbox 420 1344 471 1384; x_wconf 91' lang='lat' dir='ltr'>in</span> <span class='ocrx_word' id='word_1_143' title='bbox 506 1345 598 1386; x_wconf 91' lang='lat' dir='ltr'>hoc</span> <span class='ocrx_word' id='word_1_144' title='bbox 636 1343 844 1387; x_wconf 85' lang='lat' dir='ltr'>Saturni</span> <span class='ocrx_word' id='word_1_145' title='bbox 879 1345 1219 1388; x_wconf 87' lang='lat' dir='ltr'>reuerentiam</span> <span class='ocrx_word' id='word_1_146' title='bbox 1255 1349 1326 1401; x_wconf 88' lang='lat' dir='ltr'>ut,</span> <span class='ocrx_word' id='word_1_147' title='bbox 1363 1362 1482 1401; x_wconf 88' lang='lat' dir='ltr'>quo·</span> <span class='ocrx_word' id='word_1_148' title='bbox 1510 1359 1512 1362; x_wconf 74' lang='grc'>’</span> 
     </span>
     <span class='ocr_line' id='line_1_23' title="bbox 156 1401 1482 1471; baseline 0.004 -30"><span class='ocrx_word' id='word_1_149' title='bbox 156 1401 289 1442; x_wconf 87' lang='lat' dir='ltr'>niam</span> <span class='ocrx_word' id='word_1_150' title='bbox 320 1401 411 1442; x_wconf 91' lang='lat' dir='ltr'>ille</span> <span class='ocrx_word' id='word_1_151' title='bbox 440 1403 559 1443; x_wconf 87' lang='lat' dir='ltr'>naui</span> <span class='ocrx_word' id='word_1_152' title='bbox 589 1402 758 1444; x_wconf 87' lang='lat' dir='ltr'>fuerat</span> <span class='ocrx_word' id='word_1_153' title='bbox 788 1404 1047 1457; x_wconf 86' lang='lat' dir='ltr'>aduectus,</span> <span class='ocrx_word' id='word_1_154' title='bbox 1078 1418 1134 1445; x_wconf 85' lang='lat' dir='ltr'>ex</span> <span class='ocrx_word' id='word_1_155' title='bbox 1164 1418 1260 1445; x_wconf 89' lang='lat' dir='ltr'>una</span> <span class='ocrx_word' id='word_1_156' title='bbox 1285 1404 1482 1471; x_wconf 81' lang='lat' dir='ltr'>quidem</span> 
     </span>
     <span class='ocr_line' id='line_1_24' title="bbox 157 1459 1481 1516; baseline 0.004 -17"><span class='ocrx_word' id='word_1_157' title='bbox 157 1461 301 1513; x_wconf 88' lang='lat' dir='ltr'>parte</span> <span class='ocrx_word' id='word_1_158' title='bbox 339 1459 421 1500; x_wconf 90' lang='lat' dir='ltr'>sui</span> <span class='ocrx_word' id='word_1_159' title='bbox 451 1459 637 1514; x_wconf 85' lang='lat' dir='ltr'>capitis</span> <span class='ocrx_word' id='word_1_160' title='bbox 669 1460 875 1516; x_wconf 83' lang='lat' dir='ltr'>effigies</span> <span class='ocrx_word' id='word_1_161' title='bbox 907 1475 964 1503; x_wconf 85' lang='lat' dir='ltr'>ex</span> <span class='ocrx_word' id='word_1_162' title='bbox 995 1462 1156 1503; x_wconf 87' lang='lat' dir='ltr'>altera</span> <span class='ocrx_word' id='word_1_163' title='bbox 1186 1476 1304 1504; x_wconf 88' lang='lat' dir='ltr'>uero</span> <span class='ocrx_word' id='word_1_164' title='bbox 1334 1464 1481 1505; x_wconf 89' lang='lat' dir='ltr'>nauis</span> 
     </span>
     <span class='ocr_line' id='line_1_25' title="bbox 160 1517 1512 1574; baseline 0.004 -17"><span class='ocrx_word' id='word_1_165' title='bbox 160 1517 548 1570; x_wconf 88' lang='lat' dir='ltr'>exprimeretur,</span> <span class='ocrx_word' id='word_1_166' title='bbox 581 1532 675 1571; x_wconf 90' lang='lat' dir='ltr'>quo</span> <span class='ocrx_word' id='word_1_167' title='bbox 701 1517 906 1561; x_wconf 86' lang='lat' dir='ltr'>Saturni</span> <span class='ocrx_word' id='word_1_168' title='bbox 931 1520 1218 1561; x_wconf 88' lang='lat' dir='ltr'>memoriam</span> <span class='ocrx_word' id='word_1_169' title='bbox 1241 1521 1292 1561; x_wconf 92' lang='lat' dir='ltr'>in</span> <span class='ocrx_word' id='word_1_170' title='bbox 1315 1523 1483 1574; x_wconf 86' lang='lat' dir='ltr'>poste·</span> <span class='ocrx_word' id='word_1_171' title='bbox 1510 1536 1512 1538; x_wconf 69' lang='grc'>’</span> 
     </span>
     <span class='ocr_line' id='line_1_26' title="bbox 157 1577 1482 1634; baseline 0.004 -19"><span class='ocrx_word' id='word_1_172' title='bbox 157 1589 239 1615; x_wconf 88' lang='lat' dir='ltr'>ros</span> <span class='ocrx_word' id='word_1_173' title='bbox 275 1578 596 1629; x_wconf 86' lang='lat' dir='ltr'>propagaret.</span> <span class='ocrx_word' id='word_1_174' title='bbox 658 1590 728 1617; x_wconf 89' lang='lat' dir='ltr'>aes</span> <span class='ocrx_word' id='word_1_175' title='bbox 766 1577 827 1617; x_wconf 88' lang='lat' dir='ltr'>ita</span> <span class='ocrx_word' id='word_1_176' title='bbox 862 1577 994 1618; x_wconf 88' lang='lat' dir='ltr'>fuisse</span> <span class='ocrx_word' id='word_1_177' title='bbox 1030 1577 1246 1631; x_wconf 86' lang='lat' dir='ltr'>signatum</span> <span class='ocrx_word' id='word_1_178' title='bbox 1277 1578 1482 1634; x_wconf 88' lang='lat' dir='ltr'>hodieque</span> 
     </span>
     <span class='ocr_line' id='line_1_27' title="bbox 157 1632 1484 1688; baseline 0.005 -16"><span class='ocrx_word' id='word_1_179' title='bbox 157 1632 423 1686; x_wconf 87' lang='lat' dir='ltr'>intellegitur</span> <span class='ocrx_word' id='word_1_180' title='bbox 463 1633 506 1673; x_wconf 90' lang='lat' dir='ltr'>in</span> <span class='ocrx_word' id='word_1_181' title='bbox 551 1634 666 1674; x_wconf 89' lang='lat' dir='ltr'>aleae</span> <span class='ocrx_word' id='word_1_182' title='bbox 708 1634 867 1688; x_wconf 89' lang='lat' dir='ltr'>lusum,</span> <span class='ocrx_word' id='word_1_183' title='bbox 910 1649 1005 1676; x_wconf 89' lang='lat' dir='ltr'>cum</span> <span class='ocrx_word' id='word_1_184' title='bbox 1046 1635 1166 1688; x_wconf 88' lang='lat' dir='ltr'>pueri</span> <span class='ocrx_word' id='word_1_185' title='bbox 1207 1635 1402 1678; x_wconf 88' lang='lat' dir='ltr'>denarios</span> <span class='ocrx_word' id='word_1_186' title='bbox 1439 1637 1484 1677; x_wconf 92' lang='lat' dir='ltr'>in</span> 
     </span>
     <span class='ocr_line' id='line_1_28' title="bbox 160 1689 1483 1745; baseline 0.004 -15"><span class='ocrx_word' id='word_1_187' title='bbox 160 1689 340 1731; x_wconf 86' lang='lat' dir='ltr'>sublime</span> <span class='ocrx_word' id='word_1_188' title='bbox 364 1690 570 1731; x_wconf 85' lang='lat' dir='ltr'>iactantes</span> <span class='ocrx_word' id='word_1_189' title='bbox 596 1692 764 1745; x_wconf 85' lang='lat' dir='ltr'>capita</span> <span class='ocrx_word' id='word_1_190' title='bbox 795 1695 881 1733; x_wconf 88' lang='lat' dir='ltr'>aut</span> <span class='ocrx_word' id='word_1_191' title='bbox 909 1692 1060 1734; x_wconf 90' lang='lat' dir='ltr'>nauia</span> <span class='ocrx_word' id='word_1_192' title='bbox 1090 1693 1187 1734; x_wconf 92' lang='lat' dir='ltr'>lusu</span> <span class='ocrx_word' id='word_1_193' title='bbox 1210 1696 1319 1735; x_wconf 84' lang='lat' dir='ltr'>teste</span> <span class='ocrx_word' id='word_1_194' title='bbox 1344 1696 1483 1735; x_wconf 87' lang='lat' dir='ltr'>uetus-</span> 
     </span>
     <span class='ocr_line' id='line_1_29' title="bbox 89 1747 1485 1804; baseline 0.001 -13"><span class='ocrx_word' id='word_1_195' title='bbox 89 1749 144 1791; x_wconf 82' lang='lat'>23</span> <span class='ocrx_word' id='word_1_196' title='bbox 157 1748 260 1789; x_wconf 88' lang='lat' dir='ltr'>tatis</span> <span class='ocrx_word' id='word_1_197' title='bbox 281 1747 529 1789; x_wconf 86' lang='lat' dir='ltr'>exclamant.</span> <span class='ocrx_word' id='word_1_198' title='bbox 571 1748 651 1790; x_wconf 88' lang='lat' dir='ltr'>hos</span> <span class='ocrx_word' id='word_1_199' title='bbox 669 1763 754 1791; x_wconf 90' lang='lat' dir='ltr'>una</span> <span class='ocrx_word' id='word_1_200' title='bbox 779 1750 1086 1804; x_wconf 85' lang='lat' dir='ltr'>concordesque</span> <span class='ocrx_word' id='word_1_201' title='bbox 1110 1764 1309 1804; x_wconf 86' lang='lat' dir='ltr'>regnasse</span> <span class='ocrx_word' id='word_1_202' title='bbox 1329 1752 1485 1793; x_wconf 86' lang='lat' dir='ltr'>uicina-</span> 
     </span>
    </p>
   </div>
   <div class='ocr_carea' id='block_1_3' title="bbox 158 1805 1484 1916">
    <p class='ocr_par' dir='ltr' id='par_1_3' title="bbox 158 1805 1484 1916">
     <span class='ocr_line' id='line_1_30' title="bbox 158 1805 1484 1864; baseline 0.005 -19"><span class='ocrx_word' id='word_1_203' title='bbox 158 1819 238 1859; x_wconf 88' lang='lat' dir='ltr'>que</span> <span class='ocrx_word' id='word_1_204' title='bbox 258 1805 413 1859; x_wconf 86' lang='lat' dir='ltr'>oppida</span> <span class='ocrx_word' id='word_1_205' title='bbox 432 1807 646 1847; x_wconf 88' lang='lat' dir='ltr'>communi</span> <span class='ocrx_word' id='word_1_206' title='bbox 667 1821 794 1861; x_wconf 86' lang='lat' dir='ltr'>opera</span> <span class='ocrx_word' id='word_1_207' title='bbox 813 1808 1053 1850; x_wconf 88' lang='lat' dir='ltr'>condidisse</span> <span class='ocrx_word' id='word_1_208' title='bbox 1072 1811 1240 1863; x_wconf 89' lang='lat' dir='ltr'>praeter</span> <span class='ocrx_word' id='word_1_209' title='bbox 1252 1809 1484 1864; x_wconf 88' lang='lat' dir='ltr'>Maronem,</span> 
     </span>
     <span class='ocr_line' id='line_1_31' title="bbox 161 1863 392 1916; baseline 0 -13"><span class='ocrx_word' id='word_1_210' title='bbox 161 1863 232 1916; x_wconf 90' lang='lat' dir='ltr'>qui</span> <span class='ocrx_word' id='word_1_211' title='bbox 262 1863 392 1904; x_wconf 90' lang='lat' dir='ltr'>refert</span> 
     </span>
    </p>
   </div>
   <div class='ocr_carea' id='block_1_4' title="bbox 273 1943 1333 1999">
    <p class='ocr_par' dir='ltr' id='par_1_4' title="bbox 273 1943 1333 1999">
     <span class='ocr_line' id='line_1_32' title="bbox 273 1943 1333 1999; baseline 0.006 -16"><span class='ocrx_word' id='word_1_212' title='bbox 273 1943 509 1985; x_wconf 87' lang='lat' dir='ltr'>Ianiculum</span> <span class='ocrx_word' id='word_1_213' title='bbox 538 1944 653 1999; x_wconf 86' lang='lat' dir='ltr'>huic,</span> <span class='ocrx_word' id='word_1_214' title='bbox 683 1945 748 1986; x_wconf 89' lang='lat' dir='ltr'>illi</span> <span class='ocrx_word' id='word_1_215' title='bbox 779 1945 918 1988; x_wconf 89' lang='lat' dir='ltr'>fuerat</span> <span class='ocrx_word' id='word_1_216' title='bbox 949 1946 1147 1989; x_wconf 88' lang='lat' dir='ltr'>Saturnia</span> <span class='ocrx_word' id='word_1_217' title='bbox 1177 1962 1333 1990; x_wconf 88' lang='lat' dir='ltr'>nomen</span> 
     </span>
    </p>
   </div>
   <div class='ocr_carea' id='block_1_5' title="bbox 161 2014 439 2018">
    <p class='ocr_par' dir='ltr' id='par_1_5' title="bbox 161 2014 439 2018">
     <span class='ocr_line' id='line_1_33' title="bbox 161 2014 439 2018; baseline 0 0"><span class='ocrx_word' id='word_1_218' title='bbox 161 2014 439 2018; x_wconf 95' lang='lat' dir='ltr'> </span> 
     </span>
    </p>
   </div>
   <div class='ocr_carea' id='block_1_6' title="bbox 254 2045 753 2090">
    <p class='ocr_par' dir='ltr' id='par_1_6' title="bbox 254 2045 753 2090">
     <span class='ocr_line' id='line_1_34' title="bbox 254 2045 753 2090; baseline 0.006 -10"><span class='ocrx_word' id='word_1_219' title='bbox 254 2050 297 2080; x_wconf 89' lang='lat'>31</span> <span class='ocrx_word' id='word_1_220' title='bbox 323 2046 432 2090; x_wconf 88' lang='lat' dir='ltr'>Verg.</span> <span class='ocrx_word' id='word_1_221' title='bbox 457 2045 547 2082; x_wconf 89' lang='lat' dir='ltr'>Aen.</span> <span class='ocrx_word' id='word_1_222' title='bbox 573 2046 660 2082; x_wconf 92' lang='lat' dir='ltr'><strong>VIII</strong></span> <span class='ocrx_word' id='word_1_223' title='bbox 685 2050 753 2083; x_wconf 87' lang='lat'>358</span> 
     </span>
    </p>
   </div>
   <div class='ocr_carea' id='block_1_7' title="bbox 162 2108 439 2111">
    <p class='ocr_par' dir='ltr' id='par_1_7' title="bbox 162 2108 439 2111">
     <span class='ocr_line' id='line_1_35' title="bbox 162 2108 439 2111; baseline 0 0"><span class='ocrx_word' id='word_1_224' title='bbox 162 2108 439 2111; x_wconf 95' lang='lat' dir='ltr'> </span> 
     </span>
    </p>
   </div>
   <div class='ocr_carea' id='block_1_8' title="bbox 165 2139 1490 2233">
    <p class='ocr_par' dir='ltr' id='par_1_8' title="bbox 165 2139 1490 2233">
     <span class='ocr_line' id='line_1_36' title="bbox 250 2139 1490 2189; baseline 0.005 -16"><span class='ocrx_word' id='word_1_225' title='bbox 250 2143 273 2173; x_wconf 82' lang='lat'>4</span> <span class='ocrx_word' id='word_1_226' title='bbox 297 2139 445 2183; x_wconf 81' lang='lat' dir='ltr'>hig-mus</span> <span class='ocrx_word' id='word_1_227' title='bbox 468 2139 505 2172; x_wconf 93' lang='lat' dir='ltr'><em>P</em></span> <span class='ocrx_word' id='word_1_228' title='bbox 581 2139 757 2184; x_wconf 83' lang='lat' dir='ltr'>sequutus</span> <span class='ocrx_word' id='word_1_229' title='bbox 771 2141 808 2175; x_wconf 90' lang='lat' dir='ltr'><strong><em>P</em></strong></span> <span class='ocrx_word' id='word_1_230' title='bbox 881 2144 901 2175; x_wconf 89' lang='lat'>5</span> <span class='ocrx_word' id='word_1_231' title='bbox 928 2141 1066 2189; x_wconf 63' lang='lat' dir='ltr'>camese</span> <span class='ocrx_word' id='word_1_232' title='bbox 1088 2142 1124 2176; x_wconf 91' lang='lat' dir='ltr'><strong><em>P</em></strong></span> <span class='ocrx_word' id='word_1_233' title='bbox 1199 2146 1220 2177; x_wconf 83' lang='lat'>6</span> <span class='ocrx_word' id='word_1_234' title='bbox 1245 2143 1433 2178; x_wconf 80' lang='lat' dir='ltr'>camafene</span> <span class='ocrx_word' id='word_1_235' title='bbox 1453 2143 1490 2178; x_wconf 89' lang='lat' dir='ltr'><em>P</em></span> 
     </span>
     <span class='ocr_line' id='line_1_37' title="bbox 165 2185 1484 2233; baseline 0.005 -15"><span class='ocrx_word' id='word_1_236' title='bbox 165 2188 207 2220; x_wconf 81' lang='lat'>17</span> <span class='ocrx_word' id='word_1_237' title='bbox 231 2186 431 2228; x_wconf 70' lang='lat' dir='ltr'>puentiam</span> <span class='ocrx_word' id='word_1_238' title='bbox 461 2185 498 2219; x_wconf 91' lang='lat' dir='ltr'><em>B</em></span> <span class='ocrx_word' id='word_1_239' title='bbox 629 2190 672 2221; x_wconf 89' lang='lat'>18</span> <span class='ocrx_word' id='word_1_240' title='bbox 699 2197 825 2222; x_wconf 85' lang='lat' dir='ltr'>aerum</span> <span class='ocrx_word' id='word_1_241' title='bbox 853 2187 959 2222; x_wconf 82' lang='lat' dir='ltr'>illum</span> <span class='ocrx_word' id='word_1_242' title='bbox 985 2188 1032 2222; x_wconf 90' lang='lat' dir='ltr'>B&#39;</span> <span class='ocrx_word' id='word_1_243' title='bbox 1163 2192 1204 2224; x_wconf 85' lang='lat'>19</span> <span class='ocrx_word' id='word_1_244' title='bbox 1234 2189 1415 2233; x_wconf 79' lang='lat' dir='ltr'>red1g1ff&amp;</span> <span class='ocrx_word' id='word_1_245' title='bbox 1438 2187 1484 2225; x_wconf 89' lang='lat' dir='ltr'>B&#39;</span> 
     </span>
    </p>
   </div>
   <div class='ocr_carea' id='block_1_9' title="bbox 158 2232 1499 2313">
    <p class='ocr_par' dir='ltr' id='par_1_9' title="bbox 158 2232 1499 2313">
     <span class='ocr_line' id='line_1_38' title="bbox 158 2232 1485 2313; baseline 0.005 -48"><span class='ocrx_word' id='word_1_246' title='bbox 158 2232 220 2312; x_wconf 51' lang='lat' dir='ltr'>cg}</span> <span class='ocrx_word' id='word_1_247' title='bbox 236 2234 445 2313; x_wconf 50' lang='lat' dir='ltr'>ncliunergmt</span> <span class='ocrx_word' id='word_1_248' title='bbox 475 2232 559 2268; x_wconf 80' lang='lat' dir='ltr'>add.</span> <span class='ocrx_word' id='word_1_249' title='bbox 584 2234 602 2266; x_wconf 74' lang='lat'>1</span> <span class='ocrx_word' id='word_1_250' title='bbox 625 2244 675 2267; x_wconf 90' lang='lat' dir='ltr'>nu</span> <span class='ocrx_word' id='word_1_251' title='bbox 700 2234 720 2269; x_wconf 87' lang='lat' dir='ltr'><strong><em>b</em></strong></span> <span class='ocrx_word' id='word_1_252' title='bbox 801 2237 845 2268; x_wconf 82' lang='lat'>25</span> <span class='ocrx_word' id='word_1_253' title='bbox 877 2233 940 2269; x_wconf 82' lang='lat' dir='ltr'>aes</span> <span class='ocrx_word' id='word_1_254' title='bbox 958 2235 1052 2269; x_wconf 91' lang='lat' dir='ltr'>BP:</span> <span class='ocrx_word' id='word_1_255' title='bbox 1079 2233 1169 2270; x_wconf 86' lang='lat' dir='ltr'>haec</span> <span class='ocrx_word' id='word_1_256' title='bbox 1194 2236 1214 2270; x_wconf 84' lang='lat' dir='ltr'><strong><em>b</em></strong></span> <span class='ocrx_word' id='word_1_257' title='bbox 1298 2240 1343 2271; x_wconf 81' lang='lat'>26</span> <span class='ocrx_word' id='word_1_258' title='bbox 1368 2235 1485 2272; x_wconf 84' lang='lat' dir='ltr'>lusum</span> 
     </span>
     <span class='ocr_line' id='line_1_39' title="bbox 223 2290 1499 2313; baseline -0.002 -1"><span class='ocrx_word' id='word_1_259' title='bbox 223 2292 232 2312; x_wconf 77' lang='grc' dir='ltr'><strong><em>Ζ</em></strong></span> <span class='ocrx_word' id='word_1_260' title='bbox 274 2290 335 2313; x_wconf 80' lang='lat' dir='ltr'>um</span> <span class='ocrx_word' id='word_1_261' title='bbox 1497 2308 1499 2310; x_wconf 85' lang='lat'><em>.</em></span> 
     </span>
    </p>
   </div>
   <div class='ocr_carea' id='block_1_10' title="bbox 1503 0 1526 2444">
    <p class='ocr_par' dir='ltr' id='par_1_10' title="bbox 1503 0 1526 2444">
     <span class='ocr_line' id='line_1_40' title="bbox 1503 0 1526 2444; baseline 0 0"><span class='ocrx_word' id='word_1_262' title='bbox 1503 0 1526 2444; x_wconf 95' lang='lat' dir='ltr'> </span> 
     </span>
    </p>
   </div>
  </div>
 </body>
</html>
