1526 2444
452 62 538 98 XXI
561 65 700 99 20—27
737 61 838 97 XXII
866 65 955 97 1--2
1289 60 1371 102 121

148 171 390 228 Scorpius
420 174 553 227 totus,
583 171 628 213 in
660 185 743 227 quo
770 170 905 212 Libra
937 172 1013 225 est,
1044 171 1244 212 naturam
1271 169 1374 212 solis
1390 175 1448 219 25

27 232 311 288 imaginatur,
361 231 434 287 qui
481 231 623 273 hieme
664 230 896 284 torpescit,
946 230 990 270 et
1031 230 1252 271 transacta
1294 228 1376 270 hac

29 291 223 334 aculeum
253 305 400 333 rursus
433 290 562 346 erigit
591 290 636 332 111
669 303 758 344 3113,
788 289 954 331 11111111111
984 290 1140 331 natura
1171 287 1374 330 damnum

30 365 81 392 ex
111 350 292 392 hiberno
324 351 496 404 torpore
527 362 742 416 perpessa.

0 425 12 452 5
149 407 489 465 Sagittarius,
527 408 600 463 qui
639 406 830 450 omnium
866 406 1031 449 zodiaci
1062 406 1374 449 domiciliorum
1392 412 1449 455 26

33 469 144 510 imus
183 470 311 523 atque
348 469 590 523 postremus
629 469 712 518 est,
749 466 846 508 ideo
880 481 931 508 ex
961 466 1135 508 homine
1166 466 1213 507 in
1243 465 1378 507 feram

31 541 109 582 per
150 527 343 569 membra
386 526 627 581 posteriora
677 525 926 582 degenerat,
976 525 1101 580 quasi
1147 524 1379 580 postremis

31 586 229 641 partibus
261 585 348 628 suis
382 600 407 627 a
439 585 605 640 superis
637 585 684 626 in
715 584 882 626 inferna
917 583 1136 639 detrusus,
1174 584 1381 639 sagittam

32 647 179 687 tamen
215 644 337 700 iacit,
375 645 487 700 quod
525 644 703 699 indicat,
739 646 843 685 tunc
875 657 1044 698 quoque
1082 643 1381 684 uniuersorum

0 720 15 746 ο
34 706 232 747 constare
263 703 402 745 uitam
433 703 552 746 radio
585 703 686 745 solis
718 703 787 744 uel
813 702 868 744 ab
895 702 984 743 ima
1007 703 1130 756 parte
1156 701 1381 744 uenientis.

151 760 495 818 Capricornus
547 762 600 803 ab
649 761 827 802 infernis
876 760 1075 815 partibus
1128 761 1181 802 ad
1225 774 1381 814 supera

34 822 171 864 solem
202 821 406 863 reducens
439 835 593 875 caprae
623 823 823 862 naturam
855 820 1027 862 uidetur
1054 819 1230 874 imitari,
1262 834 1383 875 quae,

34 880 135 922 dum
165 880 355 935 pascitur
387 879 440 921 ab
471 880 570 921 imis
601 879 813 935 partibus,
845 893 1013 934 semper
1043 878 1383 933 prominentium

35 940 305 994 scopulorum
338 939 426 981 alta
458 938 657 993 depascit.

0 1013 16 1041 5
153 997 408 1053 Aquarius
434 1012 577 1040 nonne
602 997 742 1052 ipsam
767 997 858 1039 uim
885 997 988 1039 solis
1010 997 1227 1039 ostendit?
1272 996 1382 1039 unde
1397 1003 1451 1044 27

37 1057 149 1099 enim
177 1056 313 1098 imber
338 1056 510 1098 caderet
534 1057 580 1098 in
603 1059 755 1109 terras,
773 1056 858 1098 nisi
884 1056 986 1098 solis
1014 1057 1130 1098 calor
1157 1056 1208 1098 ad
1230 1070 1384 1111 supera

36 1116 228 1158 traheret
258 1130 464 1170 umorem,
496 1116 616 1158 6111113
647 1115 810 1157 refusio
842 1115 1047 1171 pluuialis
1079 1117 1145 1157 est
1172 1114 1325 1171 copia?

155 1174 209 1216 In
257 1175 409 1217 ultimo
460 1175 608 1217 ordine
657 1175 821 1217 zodiaci
869 1174 1046 1218 Pisces
1096 1175 1229 1217 locati
1272 1177 1386 1227 sunt,

39 1248 144 1289 quos
177 1234 445 1276 consecrauit
477 1235 557 1277 soli
588 1249 676 1276 non
707 1234 854 1289 aliqua
884 1235 1064 1276 naturae
1097 1248 1198 1276 suae
1235 1234 1386 1288 imagi-

3 1307 20 1333 0
37 1293 170 1347 natio,
195 1296 244 1334 ut
268 1294 422 1348 cetera,
453 1292 526 1335 sed
559 1293 791 1335 ostentatio
816 1293 1034 1348 potentiae
1061 1293 1225 1348 sideris,
1250 1307 1276 1335 a
1300 1307 1384 1348 quo

36 1352 130 1393 uita
169 1366 257 1393 non
300 1351 438 1394 solum
482 1352 608 1394 aeriis
645 1352 911 1407 terrenisque
955 1352 1216 1394 animalibus
1260 1352 1386 1394 datur

37 1411 111 1453 sed
137 1410 226 1453 illis
253 1425 420 1466 quoque
447 1425 629 1466 quorum
655 1411 926 1453 conuersatio
953 1410 1075 1466 aquis
1101 1426 1242 1453 mersa
1267 1410 1387 1452 uelut

38 1484 63 1511 a
107 1471 342 1524 conspectu
386 1470 490 1512 solis
535 1469 688 1513 exulat.
763 1471 888 1512 tanta
939 1474 1005 1511 est
1047 1470 1113 1512 uis
1163 1469 1290 1524 solis,
1338 1472 1387 1511 ut

39 1529 241 1571 abstrusa
273 1543 441 1584 quoque
473 1528 737 1584 penetrando
769 1528 973 1571 uiuificet.

5 1600 17 1608 ·
155 1586 215 1629 Et
245 1590 294 1629 ut
314 1587 366 1629 ad
394 1587 499 1630 solis
525 1587 808 1643 multiplicem
833 1589 1096 1643 potestatem
1121 1588 1316 1629 reuolua-
1330 1586 1458 1629 XXII

37 1648 109 1688 tur
140 1645 296 1699 oratio,
329 1645 581 1702 Nemesis,
617 1661 723 1702 quae
756 1649 906 1689 contra
938 1647 1186 1700 superbiam
1220 1646 1387 1701 colitur,

38 1704 140 1761 quid
173 1704 290 1746 aliud
321 1707 388 1747 est
419 1720 547 1761 quam
580 1706 684 1747 solis
715 1707 928 1761 potestas,
963 1705 1082 1748 cuius
1114 1706 1199 1747 ista
1230 1708 1388 1748 natura

39 1766 117 1818 est,
148 1767 197 1805 ut
226 1763 439 1818 fulgentia
469 1765 670 1807 obscuret
700 1767 744 1807 et
776 1764 1024 1819 conspectui
1051 1764 1231 1819 auferat,
1261 1779 1388 1820 quae-

40 1836 120 1878 que
153 1824 254 1865 sunt
284 1823 330 1864 in
356 1823 540 1866 obscuro
573 1824 812 1879 inluminet,
844 1824 1082 1879 offeratque
1108 1824 1386 1879 conspectui?

0 1896 21 1922 ιο
156 1881 259 1924 Ρ311
289 1882 394 1937 ipse,
426 1897 552 1938 quem
582 1886 742 1926 uocant
771 1882 970 1937 Inuum,
1003 1883 1081 1925 sub
1114 1883 1196 1925 hoc
1222 1883 1428 1937 habitu‚2

40 1955 124 1996 quo
163 1941 369 1997 cernitur,
406 1941 542 1984 solem
582 1956 627 1984 36
665 1956 758 1985 6336
789 1942 1143 1997 prudentioribus
1174 1942 1389 1998 permittit

135 2097 155 2128 3
182 2092 308 2137 dapnfi
334 2092 371 2127 P
433 2097 455 2128 4
480 2094 647 2139 tempore
673 2093 709 2128 B
770 2097 790 2129 5
813 2096 818 2137 Ι
839 2093 1019 2130 *zodiaci
1044 2094 1081 2129 P
1140 2098 1159 2130 7
1184 2093 1393 2139 postremus

40 2139 77 2174 P
171 2143 215 2174 10
245 2150 268 2176 *
288 2139 452 2176 constare
486 2141 523 2176 B
620 2144 664 2175 14
696 2140 862 2186 deposcit
893 2139 943 2175 B'
1045 2145 1087 2177 17
1114 2142 1306 2177 humorem
1333 2142 1391 2177 bP

43 2213 86 2244 19
111 2211 273 2246 imitatio
301 2210 339 2245 P
420 2214 465 2246 20
489 2196 531 2247 Bt
556 2211 592 2246 B
671 2215 716 2247 23
743 2212 888 2247 exultat
912 2212 949 2246 B
1029 2212 1080 2247 ub
1105 2210 1151 2247 B¹
1233 2215 1279 2247 25
1305 2216 1389 2247 ante

43 2258 82 2292 et
99 2258 184 2294 add.
205 2259 253 2294 δΕ
273 2257 436 2293 ΝΕΜΕ81
457 2258 494 2294 Β
552 2263 597 2294 26
618 2260 786 2295 oratione
804 2259 929 2294 messis
945 2259 982 2294 P
1039 2263 1085 2295 30
1105 2263 1189 2295 ante
1207 2270 1283 2304 pan
1303 2260 1387 2294 add.

44 2304 91 2339 δΕ
111 2305 149 2339 ΙΝ
164 2305 192 2337 V
205 2316 228 2341 *
241 2307 271 2341 O
292 2305 347 2351 (in
365 2317 428 2342 ras
445 2306 520 2350 fuit
539 2307 585 2349 V)
605 2306 642 2340 B
690 2318 843 2342 inunum
864 2307 901 2342 P
946 2308 1052 2343 abitu
1065 2308 1101 2342 P
1148 2310 1191 2342 31
1206 2308 1335 2352 pmitti
1354 2306 1390 2340 B
