1526 2444
531 24 565 59 II
586 27 724 59 14—17
751 23 801 59 111
822 28 914 60 1—4
1307 24 1395 66 255

329 133 432 175 belli
463 133 718 175 commercia
749 132 920 174 Turnus

106 192 280 235 sustulit
310 193 396 234 ista
426 192 544 247 prior
574 191 661 234 iam
692 194 786 234 tum
817 191 1019 234 Pallante
1050 194 1284 247 perempto.

2 314 5 316 ,
47 263 119 306 sed
166 265 208 305 et
250 262 477 305 insultatio
523 262 706 305 Achillis
750 264 795 304 in
838 263 980 318 ipsum
1020 263 1260 318 Lycaonem
1304 263 1391 306 iam
1413 264 1462 306 17

44 324 315 390 peremptum
369 322 415 363 in
475 321 748 377 Tarquitium
810 327 848 363 a'
890 321 1068 365 Marone
1123 321 1393 364 transfertur.

3 405 27 433 ’ὅ
43 381 117 423 lue
149 384 211 423 alt
330 408 545 471 ἐνταυθὸῖ
571 433 656 470 νῦν
687 435 807 471 κεῖσο

45 501 89 541 et
121 501 276 555 cetera,
306 502 352 542 at
381 499 452 542 hic
484 502 628 541 uester

330 569 428 612 istic
459 585 572 612 nunc
604 569 828 612 metuende
860 570 951 612 iace

46 618 90 658 et
120 617 298 672 reliqua.

0 687 31 715 ιο
167 675 225 717 Et
256 676 293 717 si
324 676 458 718 uultis
490 690 558 718 me
589 678 634 718 et
664 676 781 730 ipsos
812 675 1006 730 proferre
1038 689 1190 718 uersus
1223 675 1276 717 ad
1306 675 1464 717 uer-III

45 734 149 776 bum
192 749 329 789 paene
372 735 626 790 translatos,
669 735 770 776 licet
807 748 955 776 omnes
993 748 1197 789 praesens
1236 749 1394 776 memo—

45 793 110 835 ria
147 808 234 836 non
271 797 494 850 suggerat,
531 796 676 836 tamen
714 793 788 849 qui
827 808 871 835 se
910 793 1107 836 dederint
1139 794 1290 836 obuios
1324 794 1393 835 ad-

45 852 205 894 notabo

106 923 270 978 νευρὴν
301 920 382 977 μὲν
413 925 529 979 μαζῷ
561 922 766 977 πέλασεν,
797 923 908 981 τόξῳ
941 921 990 966 δὲ
1022 924 1218 979 σίδηρον.
1411 925 1436 966 2

0 1003 30 1042 ιβ
48 996 185 1036 totam
216 1008 307 1035 rem
340 996 501 1050 quanto
533 994 772 1049 conpendio
802 994 950 1050 lingua
976 995 1107 1037 ditior
1133 995 1394 1050 explicauit‘?

48 1055 190 1095 uester
221 1053 323 1095 licet
353 1053 530 1108 periodo
563 1068 665 1095 usus
697 1053 809 1095 idem
841 1055 989 1096 tamen
1022 1054 1158 1096 dixit?

109 1123 286 1165 adduxit
314 1124 443 1180 longe
476 1124 610 1167 donec
642 1127 819 1167 curuata
851 1125 1016 1167 coirent

107 1183 220 1224 inter
251 1197 296 1224 se
328 1184 472 1238 capita
504 1186 548 1225 et
578 1183 775 1225 manibus
807 1184 894 1225 iam
926 1186 1125 1240 tangeret
1157 1184 1318 1240 aequis,

108 1241 232 1284 laeua
265 1241 400 1284 aciem
432 1242 544 1297 ferri,
575 1242 725 1284 dextra
755 1257 974 1298 neruoque
1006 1243 1225 1299 papillam.

0 1323 28 1350 ιο
45 1312 119 1354 ille
151 1312 212 1354 ait
1409 1316 1436 1356 3

330 1369 439 1413 οὐδέ
466 1387 531 1421 τις
562 1373 671 1426 ἄλλη

104 1431 287 1485 φαίνετο
318 1430 486 1484 γαιάων
519 1429 607 1473 ἀλλ’
646 1431 835 1485 οὐρανὸς
866 1429 945 1486 ἠδὲ
975 1431 1192 1474 θάλασσα.

329 1504 408 1532 nec
438 1490 523 1531 iam
558 1491 743 1545 amplius
775 1491 862 1532 ulla

107 1549 289 1602 apparet
323 1549 469 1602 tellus,
507 1549 672 1591 caelum
709 1549 895 1604 undique
928 1552 972 1591 et
1006 1550 1193 1606 undique
1225 1553 1396 1606 pontus.

0 1615 30 1644 ¹⁵
106 1607 362 1662 πορφύρεον
394 1605 433 1650 δ’
471 1607 556 1662 ἄρα
586 1614 703 1663 κῦμα
733 1608 991 1664 περιστάθη,
1024 1609 1150 1663 οὔρεϊ
1182 1606 1279 1653 ἴσον
1410 1610 1438 1651 4

105 1664 344 1720 κυρτωθέν.

107 1729 286 1768 curuata
316 1726 361 1767 in
392 1726 518 1768 molis
552 1727 740 1782 speciem
766 1727 1052 1769 circumstetit
1084 1728 1209 1770 unda.

144 1844 162 1875 1
189 1841 269 1876 Aen
295 1840 329 1875 X
354 1844 421 1876 532
513 1847 533 1878 6
559 1841 592 1877 Il
628 1844 660 1878 Φ
689 1846 755 1878 122
841 1846 862 1878 8
889 1844 979 1879 Aen.
1007 1844 1038 1878 X
1065 1847 1133 1880 557
1222 1849 1266 1880 14
1292 1845 1333 1880 ll.
1361 1847 1395 1880 Δ

49 1890 116 1922 123
226 1893 268 1924 17
294 1888 384 1925 Aen.
411 1889 463 1924 XI
488 1893 557 1925 860
665 1893 709 1925 21
737 1889 804 1925 Od.
832 1903 856 1934 μ
881 1894 949 1926 403
1060 1895 1106 1927 24
1130 1891 1222 1928 ΑΘΗ.
1248 1892 1300 1926 ΠΙ
1327 1895 1394 1926 192

47 1937 92 1970 25
119 1933 186 1970 Od.
211 1937 232 1971 λ
251 1938 320 1970 243
403 1939 448 1972 27
475 1936 608 1982 Georg.
635 1936 704 1971 1111
729 1941 797 1973 361

143 2046 161 2076 1
188 2044 367 2078 comertia
394 2043 430 2077 P
518 2047 539 2078 6
567 2044 753 2080 ΝΥΚΕΙΕΟ
777 2044 814 2079 Ρ
898 2049 942 2080 10
985 2045 1095 2081 >ferre
1121 2056 1188 2082 om.
1215 2045 1265 2081 P'
1352 2050 1395 2080 14

49 2089 200 2124 ΝΥΡΗΝ
226 2089 264 2124 Ρ
354 2091 419 2133 μέν
443 2101 510 2126 om.
537 2090 575 2125 P
654 2093 694 2127 δὲ
726 2091 892 2140 είδηρον]
917 2094 951 2128 Δ
987 2094 1073 2128 ΡΟΝ
1105 2093 1140 2127 Ρ
1224 2096 1267 2127 17
1294 2094 1395 2128 coh]—

47 2138 130 2171 rent
153 2136 191 2171 P
325 2140 368 2172 21
401 2138 690 2174 ΟΥΔΗΤΙΕΑΛΗ
723 2139 760 2174 Ρ
900 2143 944 2175 22
975 2142 1133 2185 γαιάων]
1164 2141 1334 2175 ΤΑΙΑωΝ
1361 2141 1398 2175 Ρ

48 2183 218 2231 wacca]
244 2184 411 2220 ΕΑΛΕΕΑ
439 2184 476 2219 Ρ
617 2189 662 2221 25
690 2187 818 2222 ΚΥΜΛ
842 2188 1105 2223 ΠΑΠΙΕΤΑΤΟ
1131 2186 1393 2233 ΟΥῑΡΕΤίζΟΝ

51 2233 264 2311 κγτωῗεΝ
290 2267 327 2302 Ρ
396 2271 440 2303 27
465 2244 571 2313 spec}
597 2268 634 2303 P
