1526 2444
130 63 217 104 420
625 61 720 98 SAT.
745 61 872 96 LIBRI
894 61 962 96 VII

133 169 324 223 ambigit,
354 169 470 210 cuius
501 167 584 208 cibi
615 167 820 221 qualitate
851 180 1071 222 possessus
1102 166 1170 220 sit,
1200 180 1294 208 cum
1319 180 1447 208 unum

136 227 378 281 sumpserit,
410 228 452 266 et
482 225 543 266 ita
572 225 632 278 fit,
656 227 703 266 ut
732 239 855 278 noxa,
886 225 1004 266 cuius
1035 238 1160 265 causa
1191 224 1449 278 deprehensa

66 288 118 328 11
134 285 202 339 sit,
237 284 359 325 facile
397 283 568 324 uitetur.
628 283 700 337 qui
738 285 876 324 autem
914 282 1142 335 multiplici
1174 282 1272 323 'cibo
1311 282 1451 336 alitur,

134 343 321 383 diuersas
370 341 534 394 patitur
582 340 809 394 qualitates
858 354 907 381 ex
956 340 1199 381 diuersitate
1243 354 1449 393 sucorum,

133 413 209 440 nec
229 398 484 440 concordant
502 398 700 439 humores
721 412 770 439 ex
784 397 986 439 materiae
999 397 1204 438 uarietate
1217 400 1451 452 nascentes,
1485 413 1502 441 5
1523 430 1526 435 .

133 471 208 498 nec
246 456 436 497 efficiunt
471 455 678 509 liquidum
715 469 920 509 purumne
951 455 1217 508 sanguinem,
1252 455 1295 496 in
1327 469 1450 508 quem

133 515 283 556 iecoris
313 514 548 555 ministerio
580 515 802 554 uertuntur
833 515 876 554 et
906 514 951 553 in
980 527 1110 553 uenas
1143 526 1237 553 cum
1267 512 1451 554 tumultu

135 586 210 614 suo
253 574 486 613 transeunt.
557 571 655 612 hinc
698 571 943 612 morborum
987 570 1240 624 scaturrigo,
1287 570 1358 624 qui
1400 584 1450 611 ex

134 630 461 684 repugnantium
523 629 603 670 sibi
662 629 887 670 humorum
947 627 1155 669 discordia
1211 630 1450 669 nascuntur.

68 693 120 734 12
136 688 285 729 deinde
330 688 428 742 quia
468 701 555 728 non
593 687 735 728 omnia
773 700 879 740 quae
917 686 1008 727 esui
1045 688 1144 726 sunt
1178 700 1264 726 una
1298 687 1505 728 naturam

136 748 218 798 est,
264 759 347 786 non
392 745 534 786 omnia
577 745 701 786 simul
745 746 981 797 coquuntur
1024 742 1096 784 sed
1139 743 1224 784 alia
1266 743 1452 796 celerius,

134 779 299 844 tardius
343 803 444 856 alia,
488 805 530 843 et
572 803 634 843 ita
676 802 741 855 fit,
782 805 831 842 ut
867 801 1153 856 digestionum
1190 801 1454 855 sequentium

69 861 239 908 13ordo
270 861 476 902 turbetur.
535 874 668 914 neque
699 859 811 900 enim
843 859 940 912 cibi,
971 872 1094 912 quem
1125 858 1341 911 sumimus,
1370 872 1454 899 una

137 919 318 972 digestio
357 921 420 959 est
457 917 546 970 sed,
582 920 630 958 ut
665 931 815 971 corpus
849 916 1027 970 nutriat,
1064 918 1264 981 quattuor
1293 916 1455 969 patitur
1520 927 1526 960 ’ς

137 976 414 1031 digestiones,
463 989 641 1029 quarum
689 989 817 1016 unam
864 988 1009 1015 omnes
1051 974 1122 1015 uel
1163 973 1246 1027 ipsi
1289 987 1451 1027 quoque
1473 988 1526 1027 155

135 1035 310 1075 hebetes
360 1033 564 1087 sentiunt,
613 1032 717 1074 alias
767 1032 968 1074 occultior
1015 1031 1125 1072 ratio
1171 1031 1453 1084 deprehendit,
1519 1033 1526 1043 ’“

137 1091 250 1145 quod
291 1093 339 1132 ut
381 1091 575 1133 omnibus
617 1090 792 1144 liqueat,
839 1089 968 1142 paulo
1012 1089 1140 1129 altius
1182 1088 1287 1129 mihi
1330 1102 1456 1129 causa

72 1154 124 1196 11
138 1149 366 1203 repetenda
397 1152 470 1190 est.
531 1150 730 1202 quattuor
761 1151 860 1188 sunt
889 1147 934 1188 in
963 1146 1089 1187 nobis
1119 1146 1319 1200 uirtutes,
1349 1160 1456 1200 quae
1519 1174 1522 1175 ν

139 1206 523 1249 administrandam
568 1205 815 1247 alimoniam
851 1207 1115 1258 receperunt,
1160 1218 1336 1257 quarum
1372 1218 1456 1245 una
1506 1204 1526 1258 ,ξ

139 1264 293 1305 dicitur
323 1265 603 1317 καθελκτική,
645 1277 752 1317 quae
783 1263 980 1304 deorsum
1011 1261 1144 1302 trahit
1174 1261 1331 1303 cibaria
1360 1275 1456 1302 con·
1474 1261 1526 1322 εοςξ

138 1322 250 1363 fecta
286 1321 553 1363 mandibulis
615 1321 714 1375 quid
752 1320 862 1361 enim
899 1322 987 1360 tam
1019 1333 1204 1361 crassam
1235 1319 1457 1360 materiam
1508 1321 1526 1380 3}

143 1394 218 1434 per
260 1379 443 1420 faucium
488 1383 669 1432 angusta
704 1378 888 1432 fulciret,
930 1377 1015 1419 nisi
1053 1391 1145 1418 eam
1181 1377 1246 1417 uis
1282 1379 1458 1418 naturae

74 1443 127 1485 15
144 1437 349 1479 occultior
397 1436 614 1478 hauriret?
684 1436 838 1477 hausta
884 1449 983 1476 uero
1032 1438 1080 1476 ut
1126 1449 1211 1476 non
1259 1435 1457 1476 continuo

142 1497 264 1561 lapsu
293 1510 369 1549 per
400 1509 525 1536 omne
554 1508 704 1548 corpus
731 1493 1047 1535 succedentibus
1073 1492 1155 1534 sibi
1179 1492 1457 1533 foraminibus
1516 1492 1519 1514 ³

140 1554 332 1608 peruium
365 1553 417 1593 ad
446 1553 577 1593 imum
609 1565 742 1606 usque
773 1551 1046 1604 descendant,
1086 1553 1129 1592 et
1158 1550 1279 1604 talia,
1316 1549 1457 1603 qualia
1474 1552 1523 1605 aa}

142 1615 314 1665 accepta
356 1612 472 1663 sunt,
509 1612 752 1664 egerantur,
794 1609 867 1650 sed
903 1608 1086 1650 salutare
1123 1607 1309 1649 officium
1347 1607 1457 1662 dige-
1511 1625 1515 1654 3

143 1669 294 1710 stionis
337 1670 580 1722 expectent,
629 1666 832 1708 secundae
874 1666 978 1707 haec
1020 1679 1120 1707 cura
1161 1665 1336 1706 uirtutis
1381 1667 1458 1718 est,

143 1741 271 1780 quam
296 1725 456 1780 Graeci,
486 1725 584 1780 quia
613 1723 863 1766 retentatrix
894 1726 970 1777 est,
999 1725 1157 1765 uocant
1185 1723 1458 1775 καθεκτικήν.
1511 1744 1518 1776 3

77 1784 288 1837 16tertia,
330 1783 429 1837 quia
470 1783 611 1825 cibum
649 1783 693 1823 in
730 1782 843 1823 aliud
881 1796 932 1823 ex
969 1781 1052 1822 alio
1088 1783 1243 1833 mutat,
1284 1783 1459 1822 uocatur

145 1840 411 1894 ἀλλοιωτική.
500 1841 598 1882 huic
657 1841 912 1882 obsecuntur
972 1852 1142 1893 omnes,
1207 1838 1306 1892 quia
1364 1838 1458 1891 ipsa
1475 1846 1520 1892 w?

78 1906 128 1947 17
146 1899 455 1953 digestionibus
493 1900 625 1940 curat.
691 1898 851 1939 uentris
889 1897 1000 1938 enim
1037 1896 1118 1938 duo
1158 1898 1256 1937 sunt
1292 1895 1460 1949 orificia,
1504 1919 1511 1929 .

147 1971 324 2011 quorum
351 1957 542 2010 superius
569 1958 753 1998 erectum
777 1955 927 2008 recipit
951 1955 1153 1996 deuorata
1179 1956 1222 1994 et
1246 1954 1291 1994 in
1315 1952 1461 1994 follem

145 2014 307 2055 uentris
337 2013 536 2055 recondit.
584 2013 653 2054 hic
684 2015 749 2054 est
773 2012 1026 2066 stomachus,
1058 2012 1128 2066 qui
1155 2010 1460 2065 paterfamilias
1505 2038 1511 2061 7-

241 2120 261 2150 9
286 2115 494 2160 humorum]
520 2125 608 2159 mciv
633 2115 669 2148 Ρ
756 2117 796 2148 11
823 2114 875 2149 est
893 2124 958 2148 om.
985 2114 1020 2148 P
1109 2116 1151 2146 13
1177 2111 1407 2147 **sum1mus
1429 2110 1464 2144 P

150 2166 194 2197 14
218 2163 374 2206 quatuor
397 2160 445 2195 P‘
536 2164 581 2196 20
607 2161 871 2195 ΚΔΘΕΔΚΤΙΚΗ
898 2160 934 2194 Ρ
1015 2163 1060 2193 24
1085 2158 1187 2203 lapsu
1211 2158 1274 2204 sup
1302 2157 1339 2192 P
1417 2159 1461 2192 25

149 2208 316 2243 descensu
342 2207 430 2242 dant
457 2206 505 2241 P'
622 2211 666 2241 26
693 2205 864 2251 acceptas
883 2209 924 2241 ut
947 2206 1022 2242 uid.
1049 2204 1097 2240 P'
1216 2207 1260 2239 29
1284 2204 1394 2239 tertia
1418 2222 1460 2229 -

149 2259 193 2290 30
219 2255 432 2297 ἀλλοιωτικὴ
452 2264 516 2290 om.
539 2253 575 2287 P
656 2256 700 2287 30
719 2253 963 2296 obsequuntur
984 2252 1028 2296 P,
1054 2252 1137 2288 add.
1160 2250 1463 2296 Gantabriyicmis
