1526 2444
181 44 266 85 610
477 43 623 80 COMM.
648 44 700 80 IN
725 44 871 81 SOMN.
895 45 1006 81 SCIP.
1030 45 1158 81 LIBRI
1175 45 1209 80 11

181 150 294 192 ultra
342 148 552 192 Cancrum
605 164 741 205 neque
789 151 903 193 ultra
952 150 1254 205 Capricornum
1305 151 1498 194 deorsum

181 222 331 260 meare,
374 207 446 248 sed
488 222 583 249 cum
626 208 679 249 ad
721 209 979 262 tropicorum
1022 209 1204 251 confinia
1245 210 1497 264 peruenerit,

112 267 163 308 11
180 280 278 307 mox
326 264 498 315 reuerti,
547 265 656 306 unde
705 268 748 306 et
795 267 981 308 solstitia
1028 268 1244 308 uocantur.
1316 269 1358 307 et
1401 267 1498 320 quia

180 323 367 364 aestiuus
416 323 606 376 tropicus
657 325 917 378 temperatae
960 326 1129 365 nostrae
1172 324 1376 365 terminus
1419 328 1496 379 est,

178 380 273 421 ideo
317 394 410 421 cum
455 381 518 421 sol
562 380 614 421 ad
655 380 796 433 ipsum
837 381 966 422 finem
1007 381 1188 435 uenerit,
1229 381 1334 422 facit
1370 381 1494 423 nobis

180 437 365 479 aestiuos
391 438 553 479 calores
579 438 629 478 de
654 438 796 481 uicino
822 452 947 479 urens
974 452 1098 480 sensu
1120 438 1277 479 maiore
1298 439 1496 481 subiecta.

178 494 254 536 illo
293 494 469 548 denique
505 497 695 549 tempore
733 496 911 537 australi
948 496 1092 550 generi
1129 497 1285 537 reuerti
1316 496 1496 538 hiemem

179 566 264 594 non
295 555 438 606 potest
475 553 654 607 ambigi,
691 554 788 608 quia
824 555 925 595 tunc
963 554 1015 595 ab
1046 553 1131 595 illis
1163 554 1226 595 sol
1257 553 1372 594 omni
1401 555 1496 595 uiae

181 624 280 651 suae
324 611 463 664 spatio
508 611 678 652 recedit.
743 625 887 652 rursus
930 625 1025 652 cum
1068 611 1120 652 ad
1156 610 1190 651 F
1227 612 1411 666 signum,
1453 612 1492 653 id

179 670 244 709 est
276 667 329 709 ad
360 666 683 722 Capricornum,
717 668 895 722 uenerit,
933 668 1037 710 facit
1067 669 1190 710 nobis
1221 668 1403 710 hiemem
1432 683 1494 710 re·
1514 680 1526 704 1

113 727 165 767 12
180 739 298 767 cessu
343 739 418 767 suo
463 730 505 766 et
548 726 633 767 illis
677 726 894 767 uicinitate
937 726 1100 768 reducit
1142 729 1358 767 aestatem.
1428 726 1496 767 hic

179 783 413 824 notandum
444 785 526 836 est,
560 782 610 824 de
641 784 776 824 tribus
806 785 975 824 tantum
1007 784 1247 825 cardinibus
1278 784 1322 825 in
1353 797 1495 837 quam-

179 854 354 894 cumque
399 841 543 882 aedem
585 841 751 894 ingredi
788 842 936 895 solem,
979 841 1028 882 de
1065 844 1215 895 quarto
1254 855 1495 895 numquam.

177 912 276 939 nam
314 901 356 939 et
393 898 445 939 ab
484 901 580 939 ortu
617 901 659 939 et
689 899 742 939 ab
774 912 925 940 occasu
954 898 1139 940 fenestra
1170 899 1302 940 solem
1333 899 1495 953 recipit,

182 955 337 1009 quippe
381 970 506 1009 quem
549 956 753 997 orientem
791 956 1096 1010 obeuntemque
1133 958 1391 1010 prospectet,
1433 968 1526 997 re-1

179 1012 283 1066 cipit
325 1015 367 1054 et
411 1027 435 1053 a
477 1013 668 1067 meridie,
711 1013 811 1066 quia
854 1027 977 1055 omne
1014 1014 1094 1054 iter
1131 1014 1232 1054 solis
1269 1014 1312 1054 in
1347 1017 1494 1056 nostro

179 1070 352 1111 meridie
402 1073 482 1124 est,
530 1073 578 1111 ut
625 1071 798 1111 instruit
844 1071 983 1111 uisum
1026 1071 1214 1112 antelata
1256 1071 1494 1125 descriptio,

176 1142 407 1181 numquam
444 1141 544 1169 uero
584 1129 717 1169 solem
749 1128 936 1170 fenestra
973 1128 1270 1183 septentrionis
1307 1129 1494 1170 admittit

177 1185 277 1239 quia
312 1200 542 1239 numquam
575 1200 599 1227 a
629 1184 663 1226 P
696 1186 817 1240 signo
850 1186 902 1227 ad
933 1185 967 1227 O
999 1187 1063 1227 sol
1095 1186 1270 1240 accedit,
1304 1186 1374 1227 sed
1405 1201 1430 1227 a
1459 1186 1493 1227 P

177 1257 342 1297 semper
377 1244 676 1285 retrocedendo
714 1257 943 1298 numquam
979 1243 1085 1284 fines
1122 1244 1212 1297 poli
1243 1244 1492 1298 septentrio·
1513 1254 1526 1280 Ξ

176 1300 284 1342 nalis
323 1300 523 1354 adtingit,
560 1304 603 1342 et
640 1301 734 1342 ideo
770 1315 997 1355 numquam
1034 1315 1108 1355 per
1143 1302 1253 1343 hunc
1284 1301 1493 1343 cardinem

108 1359 162 1399 13
177 1357 321 1400 radius
376 1359 477 1400 solis
531 1358 778 1400 infunditur.
857 1359 1041 1400 eiusdem
1092 1359 1153 1400 rei
1199 1359 1494 1413 probationem

175 1416 326 1457 umbra
363 1430 527 1470 quoque
564 1416 789 1458 cuiuslibet
825 1416 1013 1470 corporis
1051 1416 1232 1458 sufficiet
1267 1417 1494 1458 adstruere.

175 1487 276 1514 nam
317 1476 360 1515 et
398 1474 442 1514 in
479 1488 674 1515 occasum
711 1474 824 1515 cadit
860 1474 1019 1515 oriente
1058 1474 1144 1516 sole
1182 1477 1225 1516 et
1260 1474 1305 1515 in
1342 1476 1494 1528 ortum,

175 1545 270 1572 cum
302 1531 357 1573 sit
385 1531 592 1584 occiduus,
623 1532 760 1573 medio
787 1534 928 1573 autem
953 1532 1031 1585 die,
1063 1532 1162 1586 quia
1187 1533 1251 1573 sol
1276 1531 1490 1573 meridiem
1510 1544 1526 1568 2

174 1591 305 1644 tenet,
338 1589 383 1630 in
413 1589 743 1643 septentrionem
775 1590 924 1630 umbra
955 1589 1196 1643 depellitur,
1226 1590 1270 1631 in
1302 1592 1491 1631 austrum

174 1660 275 1688 uero
313 1646 423 1688 circa
459 1650 649 1688 nostram
687 1646 994 1688 habitationem
1034 1647 1281 1701 inpossibile
1312 1650 1376 1688 est
1405 1661 1494 1688 um-

174 1704 294 1745 bram
332 1704 556 1745 cuiuslibet
592 1705 782 1758 corporis
819 1704 982 1758 cadere,
1019 1706 1117 1758 quia
1153 1718 1318 1759 semper
1347 1705 1391 1746 in
1425 1705 1493 1746 ad-

174 1775 340 1802 uersam
379 1762 457 1803 soli
493 1765 659 1816 partem
695 1762 845 1803 umbra
881 1762 1078 1815 iactatur,
1116 1762 1317 1804 aduersus
1351 1765 1494 1804 autem

175 1822 319 1860 austro
353 1819 466 1873 apud
496 1833 575 1861 nos
608 1820 671 1861 sol
704 1833 795 1861 esse
825 1834 909 1861 non
941 1820 1111 1874 poterit,
1141 1834 1235 1862 cum
1266 1834 1494 1874 numquam
1512 1830 1526 1858 a

106 1875 161 1916 14
173 1875 277 1916 fines
310 1877 664 1930 septentrionales
696 1877 898 1932 attingat.
947 1891 1046 1919 sane
1073 1878 1272 1932 quoniam
1295 1892 1395 1932 pars
1419 1878 1495 1919 illa

266 2001 286 2032 2
311 1998 364 2033 set
386 1999 423 2033 Β
564 2003 584 2034 6
609 2012 659 2036 an
683 2001 784 2035 aestu
814 2001 1065 2038 scribendum?
1201 2005 1242 2036 11
1268 2004 1419 2038 uicitate
1443 1996 1492 2037 1²¹
1522 2029 1526 2038 .

174 2047 216 2079 12
242 2045 463 2080 carmimbus
482 2044 529 2080 Β’
666 2050 710 2081 14
733 2046 848 2081 solam
873 2045 922 2082 P'
1061 2051 1103 2083 15
1128 2060 1153 2095 q
1177 2058 1267 2084 corr.
1293 2049 1333 2084 in
1356 2053 1426 2093 que
1450 2049 1487 2083 B
1521 2045 1526 2071 ἕ

174 2093 216 2124 17
242 2091 284 2125 ut
307 2101 373 2126 om.
402 2089 451 2125 P'
525 2094 569 2126 18
593 2091 791 2126 fenestram
814 2091 860 2129 B'
905 2125 908 2128 Α
935 2097 976 2128 19
1003 2104 1053 2141 qa
1077 2098 1127 2129 nsi
1145 2097 1270 2138 nuqua
1287 2095 1323 2129 Β
1393 2094 1492 2139 signo
1518 2074 1526 2164 Ξ

171 2134 216 2169 us
235 2136 282 2170 ad
307 2135 344 2171 B
455 2140 498 2171 21
525 2138 678 2181 attingit
701 2138 737 2172 Β
848 2139 1022 2183 nusquam
1047 2139 1094 2175 B'
1203 2144 1249 2176 23
1273 2140 1416 2175 suficiet
1442 2139 1490 2175 P'
1517 2165 1526 2194 ³

174 2180 332 2216 astruere
357 2182 394 2216 Β
479 2186 524 2218 25
549 2183 596 2218 fit
619 2183 666 2229 Β,
692 2184 818 2220 deinde
842 2186 1012 2221 occidens
1030 2184 1077 2220 B'
1158 2189 1202 2222 27
1227 2186 1432 2231 imposibile
1457 2187 1493 2222 B
1518 2197 1526 2247 j

1519 2251 1526 2277 ς

170 2230 215 2262 31
240 2226 327 2272 pras
345 2224 393 2262 P'
1486 2282 1526 2444 Α
