<?xml version="1.0" encoding="UTF-8"?>
<!DOCTYPE html PUBLIC "-//W3C//DTD XHTML 1.0 Transitional//EN"
    "http://www.w3.org/TR/xhtml1/DTD/xhtml1-transitional.dtd">
<html xmlns="http://www.w3.org/1999/xhtml" xml:lang="en" lang="en">
 <head>
  <title>
</title>
<meta http-equiv="Content-Type" content="text/html;charset=utf-8" />
  <meta name='ocr-system' content='tesseract 3.04.00' />
  <meta name='ocr-capabilities' content='ocr_page ocr_carea ocr_par ocr_line ocrx_word'/>
</head>
<body>
  <div class='ocr_page' id='page_1' title='image "./macrobiusfrancis00macruoft_0600.png"; bbox 0 0 1526 2444; ppageno 0'>
   <div class='ocr_carea' id='block_1_1' title="bbox 184 63 1214 106">
    <p class='ocr_par' dir='ltr' id='par_1_1' title="bbox 184 63 1214 106">
     <span class='ocr_line' id='line_1_1' title="bbox 184 63 1214 106; baseline -0.001 -6"><span class='ocrx_word' id='word_1_1' title='bbox 184 64 269 106; x_wconf 83' lang='grc'>588</span> <span class='ocrx_word' id='word_1_2' title='bbox 481 63 628 100; x_wconf 88' lang='lat' dir='ltr'>COMM.</span> <span class='ocrx_word' id='word_1_3' title='bbox 653 65 705 99; x_wconf 88' lang='lat' dir='ltr'>IN</span> <span class='ocrx_word' id='word_1_4' title='bbox 729 63 872 100; x_wconf 83' lang='lat' dir='ltr'>SOMN.</span> <span class='ocrx_word' id='word_1_5' title='bbox 899 63 1011 100; x_wconf 85' lang='lat' dir='ltr'><strong><em>SCIP.</em></strong></span> <span class='ocrx_word' id='word_1_6' title='bbox 1035 64 1163 100; x_wconf 88' lang='lat' dir='ltr'>LIBRI</span> <span class='ocrx_word' id='word_1_7' title='bbox 1182 65 1214 99; x_wconf 91' lang='grc' dir='ltr'>ΙΙ</span> 
     </span>
    </p>
   </div>
   <div class='ocr_carea' id='block_1_2' title="bbox 122 170 1526 2010">
    <p class='ocr_par' dir='ltr' id='par_1_2' title="bbox 122 170 1526 2010">
     <span class='ocr_line' id='line_1_2' title="bbox 183 170 1503 225; baseline 0.002 -14"><span class='ocrx_word' id='word_1_8' title='bbox 183 172 428 224; x_wconf 88' lang='lat' dir='ltr'>proponunt</span> <span class='ocrx_word' id='word_1_9' title='bbox 476 183 582 223; x_wconf 88' lang='lat' dir='ltr'>quae</span> <span class='ocrx_word' id='word_1_10' title='bbox 626 170 844 223; x_wconf 87' lang='lat' dir='ltr'>appellant</span> <span class='ocrx_word' id='word_1_11' title='bbox 891 170 1211 225; x_wconf 86' lang='lat' dir='ltr'>mathematica,</span> <span class='ocrx_word' id='word_1_12' title='bbox 1254 171 1503 225; x_wconf 71' lang='lat' dir='ltr'>cogitationi</span> 
     </span>
     <span class='ocr_line' id='line_1_3' title="bbox 184 227 1502 282; baseline 0.001 -13"><span class='ocrx_word' id='word_1_13' title='bbox 184 230 351 269; x_wconf 87' lang='lat' dir='ltr'>tantum</span> <span class='ocrx_word' id='word_1_14' title='bbox 383 227 627 268; x_wconf 89' lang='lat' dir='ltr'>subicienda</span> <span class='ocrx_word' id='word_1_15' title='bbox 657 241 741 269; x_wconf 91' lang='lat' dir='ltr'>non</span> <span class='ocrx_word' id='word_1_16' title='bbox 772 227 923 269; x_wconf 88' lang='lat' dir='ltr'>sensui.</span> <span class='ocrx_word' id='word_1_17' title='bbox 984 228 1127 270; x_wconf 90' lang='lat' dir='ltr'>dicunt</span> <span class='ocrx_word' id='word_1_18' title='bbox 1157 229 1269 270; x_wconf 89' lang='lat' dir='ltr'>enim</span> <span class='ocrx_word' id='word_1_19' title='bbox 1299 231 1502 282; x_wconf 89' lang='lat' dir='ltr'>punctum</span> 
     </span>
     <span class='ocr_line' id='line_1_4' title="bbox 186 284 1501 341; baseline 0.001 -14"><span class='ocrx_word' id='word_1_20' title='bbox 186 300 336 338; x_wconf 91' lang='lat' dir='ltr'>corpus</span> <span class='ocrx_word' id='word_1_21' title='bbox 362 299 453 326; x_wconf 87' lang='lat' dir='ltr'>esse</span> <span class='ocrx_word' id='word_1_22' title='bbox 478 284 754 337; x_wconf 90' lang='lat' dir='ltr'>indiuiduum‚</span> <span class='ocrx_word' id='word_1_23' title='bbox 783 285 829 326; x_wconf 92' lang='lat' dir='ltr'>in</span> <span class='ocrx_word' id='word_1_24' title='bbox 854 300 936 339; x_wconf 93' lang='lat' dir='ltr'>quo</span> <span class='ocrx_word' id='word_1_25' title='bbox 961 299 1095 339; x_wconf 88' lang='lat' dir='ltr'>neque</span> <span class='ocrx_word' id='word_1_26' title='bbox 1120 287 1340 341; x_wconf 78' lang='lat' dir='ltr'>longitudo</span> <span class='ocrx_word' id='word_1_27' title='bbox 1366 301 1501 341; x_wconf 85' lang='lat' dir='ltr'>neque</span> 
     </span>
     <span class='ocr_line' id='line_1_5' title="bbox 184 342 1504 398; baseline 0.002 -15"><span class='ocrx_word' id='word_1_28' title='bbox 184 343 365 384; x_wconf 85' lang='lat' dir='ltr'>latitudo</span> <span class='ocrx_word' id='word_1_29' title='bbox 402 357 479 384; x_wconf 88' lang='lat' dir='ltr'>nec</span> <span class='ocrx_word' id='word_1_30' title='bbox 516 342 698 384; x_wconf 84' lang='lat' dir='ltr'>altitudo</span> <span class='ocrx_word' id='word_1_31' title='bbox 736 342 1089 397; x_wconf 83' lang='lat' dir='ltr'>deprehendatur,</span> <span class='ocrx_word' id='word_1_32' title='bbox 1126 344 1280 398; x_wconf 85' lang='lat' dir='ltr'>quippe</span> <span class='ocrx_word' id='word_1_33' title='bbox 1319 344 1429 397; x_wconf 92' lang='lat' dir='ltr'>quod</span> <span class='ocrx_word' id='word_1_34' title='bbox 1460 344 1504 385; x_wconf 90' lang='lat' dir='ltr'>in</span> 
     </span>
     <span class='ocr_line' id='line_1_6' title="bbox 145 400 1506 454; baseline 0.001 -13"><span class='ocrx_word' id='word_1_35' title='bbox 145 401 325 442; x_wconf 83' lang='lat' dir='ltr'>5nullas</span> <span class='ocrx_word' id='word_1_36' title='bbox 372 403 513 454; x_wconf 86' lang='lat' dir='ltr'>partes</span> <span class='ocrx_word' id='word_1_37' title='bbox 558 400 690 441; x_wconf 91' lang='lat' dir='ltr'>diuidi</span> <span class='ocrx_word' id='word_1_38' title='bbox 734 401 883 454; x_wconf 85' lang='lat' dir='ltr'>possit.</span> <span class='ocrx_word' id='word_1_39' title='bbox 948 400 1028 442; x_wconf 92' lang='lat' dir='ltr'>hoc</span> <span class='ocrx_word' id='word_1_40' title='bbox 1071 404 1332 454; x_wconf 88' lang='lat' dir='ltr'>protractum</span> <span class='ocrx_word' id='word_1_41' title='bbox 1376 401 1506 443; x_wconf 89' lang='lat' dir='ltr'>efficit</span> 
     </span>
     <span class='ocr_line' id='line_1_7' title="bbox 184 457 1508 513; baseline 0.002 -15"><span class='ocrx_word' id='word_1_42' title='bbox 184 458 360 508; x_wconf 88' lang='lat' dir='ltr'>lineam,</span> <span class='ocrx_word' id='word_1_43' title='bbox 400 458 443 499; x_wconf 90' lang='lat' dir='ltr'>id</span> <span class='ocrx_word' id='word_1_44' title='bbox 474 460 540 499; x_wconf 88' lang='lat' dir='ltr'>est</span> <span class='ocrx_word' id='word_1_45' title='bbox 571 472 722 511; x_wconf 84' lang='lat' dir='ltr'>corpus</span> <span class='ocrx_word' id='word_1_46' title='bbox 752 458 876 499; x_wconf 90' lang='lat' dir='ltr'>unius</span> <span class='ocrx_word' id='word_1_47' title='bbox 913 457 1200 500; x_wconf 80' lang='lat' dir='ltr'>dimensionis:</span> <span class='ocrx_word' id='word_1_48' title='bbox 1237 459 1412 513; x_wconf 89' lang='lat' dir='ltr'>longum</span> <span class='ocrx_word' id='word_1_49' title='bbox 1443 462 1508 500; x_wconf 88' lang='lat' dir='ltr'>est</span> 
     </span>
     <span class='ocr_line' id='line_1_8' title="bbox 186 515 1508 570; baseline 0.001 -14"><span class='ocrx_word' id='word_1_50' title='bbox 186 515 300 556; x_wconf 84' lang='lat' dir='ltr'>enim</span> <span class='ocrx_word' id='word_1_51' title='bbox 331 516 422 557; x_wconf 88' lang='lat' dir='ltr'>sine</span> <span class='ocrx_word' id='word_1_52' title='bbox 453 516 554 569; x_wconf 87' lang='lat' dir='ltr'>lato,</span> <span class='ocrx_word' id='word_1_53' title='bbox 596 516 685 557; x_wconf 87' lang='lat' dir='ltr'>sine</span> <span class='ocrx_word' id='word_1_54' title='bbox 717 515 815 568; x_wconf 88' lang='lat' dir='ltr'>alto,</span> <span class='ocrx_word' id='word_1_55' title='bbox 846 518 889 556; x_wconf 90' lang='lat' dir='ltr'>et</span> <span class='ocrx_word' id='word_1_56' title='bbox 919 515 1082 557; x_wconf 90' lang='lat' dir='ltr'>duobus</span> <span class='ocrx_word' id='word_1_57' title='bbox 1113 517 1280 570; x_wconf 89' lang='lat' dir='ltr'>punctis</span> <span class='ocrx_word' id='word_1_58' title='bbox 1312 531 1362 557; x_wconf 85' lang='lat' dir='ltr'>ex</span> <span class='ocrx_word' id='word_1_59' title='bbox 1392 519 1508 558; x_wconf 88' lang='lat' dir='ltr'>utra·</span> 
     </span>
     <span class='ocr_line' id='line_1_9' title="bbox 186 573 1507 628; baseline 0.001 -14"><span class='ocrx_word' id='word_1_60' title='bbox 186 587 265 626; x_wconf 90' lang='lat' dir='ltr'>que</span> <span class='ocrx_word' id='word_1_61' title='bbox 287 576 408 627; x_wconf 89' lang='lat' dir='ltr'>parte</span> <span class='ocrx_word' id='word_1_62' title='bbox 431 574 564 615; x_wconf 88' lang='lat' dir='ltr'>solam</span> <span class='ocrx_word' id='word_1_63' title='bbox 586 573 896 628; x_wconf 83' lang='lat' dir='ltr'>longitudinem</span> <span class='ocrx_word' id='word_1_64' title='bbox 913 573 1238 615; x_wconf 82' lang='lat' dir='ltr'>terminantibus</span> <span class='ocrx_word' id='word_1_65' title='bbox 1260 574 1507 616; x_wconf 87' lang='lat' dir='ltr'>continetur.</span> 
     </span>
     <span class='ocr_line' id='line_1_10' title="bbox 149 630 1508 684; baseline 0.001 -13"><span class='ocrx_word' id='word_1_66' title='bbox 149 630 297 672; x_wconf 77' lang='lat' dir='ltr'>Ghanc</span> <span class='ocrx_word' id='word_1_67' title='bbox 337 631 492 672; x_wconf 85' lang='lat' dir='ltr'>lineam</span> <span class='ocrx_word' id='word_1_68' title='bbox 531 631 566 673; x_wconf 88' lang='lat' dir='ltr'>si</span> <span class='ocrx_word' id='word_1_69' title='bbox 609 631 906 684; x_wconf 83' lang='lat' dir='ltr'>geminaueris,</span> <span class='ocrx_word' id='word_1_70' title='bbox 949 632 1129 672; x_wconf 88' lang='lat' dir='ltr'>alterum</span> <span class='ocrx_word' id='word_1_71' title='bbox 1165 632 1508 673; x_wconf 85' lang='lat' dir='ltr'>mathematicum</span> 
     </span>
     <span class='ocr_line' id='line_1_11' title="bbox 193 688 1507 743; baseline 0 -13"><span class='ocrx_word' id='word_1_72' title='bbox 193 703 346 742; x_wconf 88' lang='lat' dir='ltr'>corpus</span> <span class='ocrx_word' id='word_1_73' title='bbox 372 689 541 743; x_wconf 82' lang='lat' dir='ltr'>efficies,</span> <span class='ocrx_word' id='word_1_74' title='bbox 567 688 678 743; x_wconf 90' lang='lat' dir='ltr'>quod</span> <span class='ocrx_word' id='word_1_75' title='bbox 704 688 865 730; x_wconf 90' lang='lat' dir='ltr'>duabus</span> <span class='ocrx_word' id='word_1_76' title='bbox 890 688 1221 730; x_wconf 85' lang='lat' dir='ltr'>dimensionibus</span> <span class='ocrx_word' id='word_1_77' title='bbox 1248 689 1507 742; x_wconf 83' lang='lat' dir='ltr'>aestimatur,</span> 
     </span>
     <span class='ocr_line' id='line_1_12' title="bbox 192 746 1509 801; baseline 0.002 -15"><span class='ocrx_word' id='word_1_78' title='bbox 192 746 322 800; x_wconf 85' lang='lat' dir='ltr'>longo</span> <span class='ocrx_word' id='word_1_79' title='bbox 353 747 542 801; x_wconf 87' lang='lat' dir='ltr'>latoque,</span> <span class='ocrx_word' id='word_1_80' title='bbox 574 747 646 788; x_wconf 88' lang='lat' dir='ltr'>sed</span> <span class='ocrx_word' id='word_1_81' title='bbox 677 747 763 787; x_wconf 86' lang='lat' dir='ltr'>alto</span> <span class='ocrx_word' id='word_1_82' title='bbox 795 748 926 799; x_wconf 85' lang='lat' dir='ltr'>caret,</span> <span class='ocrx_word' id='word_1_83' title='bbox 958 749 1000 787; x_wconf 91' lang='lat' dir='ltr'>et</span> <span class='ocrx_word' id='word_1_84' title='bbox 1030 746 1110 788; x_wconf 92' lang='lat' dir='ltr'>hoc</span> <span class='ocrx_word' id='word_1_85' title='bbox 1142 748 1221 800; x_wconf 88' lang='lat' dir='ltr'>est,</span> <span class='ocrx_word' id='word_1_86' title='bbox 1253 747 1364 801; x_wconf 89' lang='lat' dir='ltr'>quod</span> <span class='ocrx_word' id='word_1_87' title='bbox 1397 747 1509 800; x_wconf 87' lang='lat' dir='ltr'>apud</span> 
     </span>
     <span class='ocr_line' id='line_1_13' title="bbox 191 804 1508 858; baseline 0.001 -14"><span class='ocrx_word' id='word_1_88' title='bbox 191 804 289 845; x_wconf 88' lang='lat' dir='ltr'>illos</span> <span class='ocrx_word' id='word_1_89' title='bbox 323 804 563 858; x_wconf 87' lang='lat' dir='ltr'>superficies</span> <span class='ocrx_word' id='word_1_90' title='bbox 595 805 781 854; x_wconf 84' lang='lat' dir='ltr'>uocatur,</span> <span class='ocrx_word' id='word_1_91' title='bbox 811 804 978 855; x_wconf 88' lang='lat' dir='ltr'>punctis</span> <span class='ocrx_word' id='word_1_92' title='bbox 1010 806 1150 845; x_wconf 83' lang='lat' dir='ltr'>autem</span> <span class='ocrx_word' id='word_1_93' title='bbox 1182 806 1383 858; x_wconf 85' lang='lat' dir='ltr'>quattuor</span> <span class='ocrx_word' id='word_1_94' title='bbox 1413 818 1508 847; x_wconf 90' lang='lat' dir='ltr'>con-</span> 
     </span>
     <span class='ocr_line' id='line_1_14' title="bbox 150 861 1508 915; baseline 0 -12"><span class='ocrx_word' id='word_1_95' title='bbox 150 862 360 914; x_wconf 83' lang='lat' dir='ltr'>7tinetur,</span> <span class='ocrx_word' id='word_1_96' title='bbox 390 861 433 902; x_wconf 91' lang='lat' dir='ltr'>id</span> <span class='ocrx_word' id='word_1_97' title='bbox 465 864 528 903; x_wconf 87' lang='lat' dir='ltr'>est</span> <span class='ocrx_word' id='word_1_98' title='bbox 559 875 633 915; x_wconf 91' lang='lat' dir='ltr'>per</span> <span class='ocrx_word' id='word_1_99' title='bbox 664 861 853 915; x_wconf 88' lang='lat' dir='ltr'>singulas</span> <span class='ocrx_word' id='word_1_100' title='bbox 883 861 1018 902; x_wconf 84' lang='lat' dir='ltr'>lineas</span> <span class='ocrx_word' id='word_1_101' title='bbox 1048 861 1171 903; x_wconf 87' lang='lat' dir='ltr'>binis.</span> <span class='ocrx_word' id='word_1_102' title='bbox 1232 863 1268 902; x_wconf 89' lang='lat' dir='ltr'>si</span> <span class='ocrx_word' id='word_1_103' title='bbox 1298 877 1397 904; x_wconf 87' lang='lat' dir='ltr'>uero</span> <span class='ocrx_word' id='word_1_104' title='bbox 1428 862 1508 903; x_wconf 88' lang='lat' dir='ltr'>hae</span> 
     </span>
     <span class='ocr_line' id='line_1_15' title="bbox 188 918 1508 972; baseline 0.001 -13"><span class='ocrx_word' id='word_1_105' title='bbox 188 919 295 959; x_wconf 89' lang='lat' dir='ltr'>duae</span> <span class='ocrx_word' id='word_1_106' title='bbox 335 919 473 959; x_wconf 86' lang='lat' dir='ltr'>lineae</span> <span class='ocrx_word' id='word_1_107' title='bbox 515 918 672 960; x_wconf 88' lang='lat' dir='ltr'>fuerint</span> <span class='ocrx_word' id='word_1_108' title='bbox 716 919 970 972; x_wconf 78' lang='lat' dir='ltr'>duplicatae,</span> <span class='ocrx_word' id='word_1_109' title='bbox 1012 922 1060 960; x_wconf 90' lang='lat' dir='ltr'>ut</span> <span class='ocrx_word' id='word_1_110' title='bbox 1103 919 1303 960; x_wconf 86' lang='lat' dir='ltr'>subiectis</span> <span class='ocrx_word' id='word_1_111' title='bbox 1346 920 1508 961; x_wconf 86' lang='lat' dir='ltr'>duabus</span> 
     </span>
     <span class='ocr_line' id='line_1_16' title="bbox 190 975 1509 1031; baseline 0.001 -14"><span class='ocrx_word' id='word_1_112' title='bbox 190 976 296 1017; x_wconf 88' lang='lat' dir='ltr'>duae</span> <span class='ocrx_word' id='word_1_113' title='bbox 349 979 699 1030; x_wconf 79' lang='lat' dir='ltr'>superponantur,</span> <span class='ocrx_word' id='word_1_114' title='bbox 748 975 948 1017; x_wconf 86' lang='lat' dir='ltr'>adicietur</span> <span class='ocrx_word' id='word_1_115' title='bbox 989 976 1274 1031; x_wconf 82' lang='lat' dir='ltr'>profunditas,</span> <span class='ocrx_word' id='word_1_116' title='bbox 1322 980 1364 1018; x_wconf 88' lang='lat' dir='ltr'>et</span> <span class='ocrx_word' id='word_1_117' title='bbox 1411 977 1509 1018; x_wconf 89' lang='lat' dir='ltr'>hinc</span> 
     </span>
     <span class='ocr_line' id='line_1_17' title="bbox 189 1033 1509 1088; baseline 0.001 -14"><span class='ocrx_word' id='word_1_118' title='bbox 189 1034 375 1075; x_wconf 89' lang='lat' dir='ltr'>solidum</span> <span class='ocrx_word' id='word_1_119' title='bbox 403 1048 553 1088; x_wconf 87' lang='lat' dir='ltr'>corpus</span> <span class='ocrx_word' id='word_1_120' title='bbox 579 1034 771 1087; x_wconf 86' lang='lat' dir='ltr'>efficitur,</span> <span class='ocrx_word' id='word_1_121' title='bbox 802 1033 914 1087; x_wconf 87' lang='lat' dir='ltr'>quod</span> <span class='ocrx_word' id='word_1_122' title='bbox 939 1033 1028 1074; x_wconf 91' lang='lat' dir='ltr'>sine</span> <span class='ocrx_word' id='word_1_123' title='bbox 1059 1033 1186 1075; x_wconf 92' lang='lat' dir='ltr'>dubio</span> <span class='ocrx_word' id='word_1_124' title='bbox 1218 1037 1312 1075; x_wconf 86' lang='lat' dir='ltr'>octo</span> <span class='ocrx_word' id='word_1_125' title='bbox 1345 1034 1509 1088; x_wconf 87' lang='lat' dir='ltr'>angulis</span> 
     </span>
     <span class='ocr_line' id='line_1_18' title="bbox 190 1091 1509 1146; baseline 0.001 -14"><span class='ocrx_word' id='word_1_126' title='bbox 190 1091 497 1146; x_wconf 87' lang='lat' dir='ltr'>continebitur,</span> <span class='ocrx_word' id='word_1_127' title='bbox 547 1091 659 1145; x_wconf 91' lang='lat' dir='ltr'>quod</span> <span class='ocrx_word' id='word_1_128' title='bbox 690 1091 881 1132; x_wconf 84' lang='lat' dir='ltr'>uidemus</span> <span class='ocrx_word' id='word_1_129' title='bbox 919 1091 964 1131; x_wconf 90' lang='lat' dir='ltr'>in</span> <span class='ocrx_word' id='word_1_130' title='bbox 994 1093 1171 1145; x_wconf 86' lang='lat' dir='ltr'>tessera,</span> <span class='ocrx_word' id='word_1_131' title='bbox 1207 1106 1314 1146; x_wconf 86' lang='lat' dir='ltr'>quac</span> <span class='ocrx_word' id='word_1_132' title='bbox 1351 1091 1509 1133; x_wconf 85' lang='lat' dir='ltr'>Graeco</span> 
     </span>
     <span class='ocr_line' id='line_1_19' title="bbox 154 1148 1511 1203; baseline 0 -12"><span class='ocrx_word' id='word_1_133' title='bbox 154 1149 363 1191; x_wconf 88' lang='lat' dir='ltr'>8n0mine</span> <span class='ocrx_word' id='word_1_134' title='bbox 394 1149 526 1203; x_wconf 82' lang='grc' dir='ltr'><strong><em>κύβος</em></strong></span> <span class='ocrx_word' id='word_1_135' title='bbox 551 1152 737 1190; x_wconf 86' lang='lat' dir='ltr'>uocatur.</span> <span class='ocrx_word' id='word_1_136' title='bbox 785 1148 851 1189; x_wconf 89' lang='lat' dir='ltr'>his</span> <span class='ocrx_word' id='word_1_137' title='bbox 883 1148 1149 1203; x_wconf 78' lang='lat' dir='ltr'>geometricis</span> <span class='ocrx_word' id='word_1_138' title='bbox 1181 1148 1415 1191; x_wconf 87' lang='lat' dir='ltr'>rationibus</span> <span class='ocrx_word' id='word_1_139' title='bbox 1441 1149 1511 1191; x_wconf 89' lang='lat' dir='ltr'>ad-</span> 
     </span>
     <span class='ocr_line' id='line_1_20' title="bbox 192 1207 1512 1261; baseline 0.001 -14"><span class='ocrx_word' id='word_1_140' title='bbox 192 1207 374 1260; x_wconf 88' lang='lat' dir='ltr'>plicatur</span> <span class='ocrx_word' id='word_1_141' title='bbox 398 1210 550 1248; x_wconf 88' lang='lat' dir='ltr'>natura</span> <span class='ocrx_word' id='word_1_142' title='bbox 568 1221 849 1260; x_wconf 88' lang='lat' dir='ltr'>numerorum,</span> <span class='ocrx_word' id='word_1_143' title='bbox 873 1208 916 1247; x_wconf 88' lang='lat' dir='ltr'>et</span> <span class='ocrx_word' id='word_1_144' title='bbox 941 1220 1089 1247; x_wconf 85' lang='lat' dir='ltr'>monas</span> <span class='ocrx_word' id='word_1_145' title='bbox 1108 1209 1308 1260; x_wconf 89' lang='lat' dir='ltr'>punctum</span> <span class='ocrx_word' id='word_1_146' title='bbox 1328 1209 1512 1261; x_wconf 83' lang='lat' dir='ltr'>putatur,</span> 
     </span>
     <span class='ocr_line' id='line_1_21' title="bbox 191 1264 1510 1318; baseline 0 -12"><span class='ocrx_word' id='word_1_147' title='bbox 191 1264 290 1318; x_wconf 85' lang='lat' dir='ltr'>quia</span> <span class='ocrx_word' id='word_1_148' title='bbox 331 1265 440 1306; x_wconf 91' lang='lat' dir='ltr'>sicut</span> <span class='ocrx_word' id='word_1_149' title='bbox 476 1267 678 1318; x_wconf 84' lang='lat' dir='ltr'>punctum</span> <span class='ocrx_word' id='word_1_150' title='bbox 716 1278 866 1317; x_wconf 90' lang='lat' dir='ltr'>corpus</span> <span class='ocrx_word' id='word_1_151' title='bbox 902 1278 989 1305; x_wconf 89' lang='lat' dir='ltr'>non</span> <span class='ocrx_word' id='word_1_152' title='bbox 1020 1266 1101 1317; x_wconf 87' lang='lat' dir='ltr'>est,</span> <span class='ocrx_word' id='word_1_153' title='bbox 1137 1264 1209 1305; x_wconf 87' lang='lat' dir='ltr'>sed</span> <span class='ocrx_word' id='word_1_154' title='bbox 1240 1279 1290 1305; x_wconf 86' lang='lat' dir='ltr'>ex</span> <span class='ocrx_word' id='word_1_155' title='bbox 1327 1279 1371 1306; x_wconf 87' lang='lat' dir='ltr'>se</span> <span class='ocrx_word' id='word_1_156' title='bbox 1406 1264 1510 1306; x_wconf 87' lang='lat' dir='ltr'>facit</span> 
     </span>
     <span class='ocr_line' id='line_1_22' title="bbox 191 1321 1508 1377; baseline 0.001 -14"><span class='ocrx_word' id='word_1_157' title='bbox 191 1336 380 1376; x_wconf 89' lang='lat' dir='ltr'>corpora,</span> <span class='ocrx_word' id='word_1_158' title='bbox 404 1322 466 1363; x_wconf 86' lang='lat' dir='ltr'>ita</span> <span class='ocrx_word' id='word_1_159' title='bbox 491 1336 639 1363; x_wconf 85' lang='lat' dir='ltr'>monas</span> <span class='ocrx_word' id='word_1_160' title='bbox 664 1336 863 1363; x_wconf 90' lang='lat' dir='ltr'>numerus</span> <span class='ocrx_word' id='word_1_161' title='bbox 889 1335 980 1362; x_wconf 88' lang='lat' dir='ltr'>esse</span> <span class='ocrx_word' id='word_1_162' title='bbox 1006 1335 1087 1362; x_wconf 89' lang='lat' dir='ltr'>non</span> <span class='ocrx_word' id='word_1_163' title='bbox 1114 1321 1266 1363; x_wconf 86' lang='lat' dir='ltr'>dicitur</span> <span class='ocrx_word' id='word_1_164' title='bbox 1291 1322 1364 1363; x_wconf 87' lang='lat' dir='ltr'>sed</span> <span class='ocrx_word' id='word_1_165' title='bbox 1389 1322 1508 1377; x_wconf 87' lang='lat' dir='ltr'>origo</span> 
     </span>
     <span class='ocr_line' id='line_1_23' title="bbox 151 1379 1510 1434; baseline 0.001 -14"><span class='ocrx_word' id='word_1_166' title='bbox 151 1380 473 1421; x_wconf 88' lang='lat' dir='ltr'>9numerorum.</span> <span class='ocrx_word' id='word_1_167' title='bbox 544 1380 707 1434; x_wconf 89' lang='lat' dir='ltr'>primus</span> <span class='ocrx_word' id='word_1_168' title='bbox 756 1393 853 1431; x_wconf 89' lang='lat' dir='ltr'>ergo</span> <span class='ocrx_word' id='word_1_169' title='bbox 902 1393 1100 1420; x_wconf 88' lang='lat' dir='ltr'>numerus</span> <span class='ocrx_word' id='word_1_170' title='bbox 1142 1379 1187 1420; x_wconf 87' lang='lat' dir='ltr'>in</span> <span class='ocrx_word' id='word_1_171' title='bbox 1229 1380 1392 1421; x_wconf 88' lang='lat' dir='ltr'>duobus</span> <span class='ocrx_word' id='word_1_172' title='bbox 1432 1382 1510 1430; x_wconf 82' lang='lat' dir='ltr'>est,</span> 
     </span>
     <span class='ocr_line' id='line_1_24' title="bbox 190 1437 1510 1492; baseline 0 -14"><span class='ocrx_word' id='word_1_173' title='bbox 190 1437 263 1491; x_wconf 91' lang='lat' dir='ltr'>qui</span> <span class='ocrx_word' id='word_1_174' title='bbox 301 1438 451 1478; x_wconf 88' lang='lat' dir='ltr'>similis</span> <span class='ocrx_word' id='word_1_175' title='bbox 489 1440 554 1478; x_wconf 87' lang='lat' dir='ltr'>est</span> <span class='ocrx_word' id='word_1_176' title='bbox 588 1438 724 1478; x_wconf 86' lang='lat' dir='ltr'>lineae</span> <span class='ocrx_word' id='word_1_177' title='bbox 756 1437 805 1478; x_wconf 87' lang='lat' dir='ltr'>dc</span> <span class='ocrx_word' id='word_1_178' title='bbox 842 1439 1001 1490; x_wconf 83' lang='lat' dir='ltr'>puncto</span> <span class='ocrx_word' id='word_1_179' title='bbox 1045 1437 1122 1478; x_wconf 89' lang='lat' dir='ltr'>sub</span> <span class='ocrx_word' id='word_1_180' title='bbox 1159 1437 1329 1491; x_wconf 84' lang='lat' dir='ltr'>gemina</span> <span class='ocrx_word' id='word_1_181' title='bbox 1363 1438 1510 1492; x_wconf 90' lang='lat' dir='ltr'>puncti</span> 
     </span>
     <span class='ocr_line' id='line_1_25' title="bbox 192 1494 1509 1549; baseline 0.001 -14"><span class='ocrx_word' id='word_1_182' title='bbox 192 1495 490 1536; x_wconf 86' lang='lat' dir='ltr'>terminatione</span> <span class='ocrx_word' id='word_1_183' title='bbox 520 1495 760 1549; x_wconf 84' lang='lat' dir='ltr'>productae.</span> <span class='ocrx_word' id='word_1_184' title='bbox 819 1494 890 1536; x_wconf 88' lang='lat' dir='ltr'>hic</span> <span class='ocrx_word' id='word_1_185' title='bbox 925 1508 1123 1539; x_wconf 89' lang='lat' dir='ltr'>numerus</span> <span class='ocrx_word' id='word_1_186' title='bbox 1155 1495 1236 1536; x_wconf 91' lang='lat' dir='ltr'>duo</span> <span class='ocrx_word' id='word_1_187' title='bbox 1273 1496 1509 1549; x_wconf 85' lang='lat' dir='ltr'>geminatus</span> 
     </span>
     <span class='ocr_line' id='line_1_26' title="bbox 191 1551 1509 1607; baseline 0.001 -14"><span class='ocrx_word' id='word_1_188' title='bbox 191 1552 240 1593; x_wconf 89' lang='lat' dir='ltr'>de</span> <span class='ocrx_word' id='word_1_189' title='bbox 273 1567 317 1594; x_wconf 92' lang='lat' dir='ltr'>se</span> <span class='ocrx_word' id='word_1_190' title='bbox 355 1552 483 1594; x_wconf 89' lang='lat' dir='ltr'>efficit</span> <span class='ocrx_word' id='word_1_191' title='bbox 526 1555 727 1607; x_wconf 87' lang='lat' dir='ltr'>quattuor</span> <span class='ocrx_word' id='word_1_192' title='bbox 768 1551 820 1598; x_wconf 88' lang='lat' dir='ltr'>ad</span> <span class='ocrx_word' id='word_1_193' title='bbox 858 1551 1178 1594; x_wconf 89' lang='lat' dir='ltr'>similitudinem</span> <span class='ocrx_word' id='word_1_194' title='bbox 1222 1552 1509 1595; x_wconf 84' lang='lat' dir='ltr'>mathematici</span> 
     </span>
     <span class='ocr_line' id='line_1_27' title="bbox 192 1609 1510 1665; baseline 0 -14"><span class='ocrx_word' id='word_1_195' title='bbox 192 1611 392 1664; x_wconf 87' lang='lat' dir='ltr'>corporis,</span> <span class='ocrx_word' id='word_1_196' title='bbox 423 1610 535 1665; x_wconf 90' lang='lat' dir='ltr'>quod</span> <span class='ocrx_word' id='word_1_197' title='bbox 561 1611 638 1652; x_wconf 91' lang='lat' dir='ltr'>sub</span> <span class='ocrx_word' id='word_1_198' title='bbox 664 1612 862 1664; x_wconf 88' lang='lat' dir='ltr'>quattuor</span> <span class='ocrx_word' id='word_1_199' title='bbox 887 1609 1054 1664; x_wconf 88' lang='lat' dir='ltr'>punctis</span> <span class='ocrx_word' id='word_1_200' title='bbox 1078 1609 1207 1664; x_wconf 91' lang='lat' dir='ltr'>longo</span> <span class='ocrx_word' id='word_1_201' title='bbox 1228 1611 1398 1665; x_wconf 87' lang='lat' dir='ltr'>latoque</span> <span class='ocrx_word' id='word_1_202' title='bbox 1429 1610 1510 1652; x_wconf 88' lang='lat' dir='ltr'>dis·</span> 
     </span>
     <span class='ocr_line' id='line_1_28' title="bbox 123 1667 1508 1722; baseline 0 -12"><span class='ocrx_word' id='word_1_203' title='bbox 123 1669 176 1710; x_wconf 90' lang='lat'>10</span> <span class='ocrx_word' id='word_1_204' title='bbox 190 1667 386 1710; x_wconf 89' lang='lat' dir='ltr'>tenditur.</span> <span class='ocrx_word' id='word_1_205' title='bbox 459 1668 754 1722; x_wconf 86' lang='lat' dir='ltr'>quaternarius</span> <span class='ocrx_word' id='word_1_206' title='bbox 803 1681 968 1722; x_wconf 88' lang='lat' dir='ltr'>quoque</span> <span class='ocrx_word' id='word_1_207' title='bbox 1007 1668 1098 1721; x_wconf 89' lang='lat' dir='ltr'>ipsc</span> <span class='ocrx_word' id='word_1_208' title='bbox 1135 1668 1372 1722; x_wconf 83' lang='lat' dir='ltr'>geminatus</span> <span class='ocrx_word' id='word_1_209' title='bbox 1412 1670 1508 1710; x_wconf 90' lang='lat' dir='ltr'>octo</span> 
     </span>
     <span class='ocr_line' id='line_1_29' title="bbox 191 1724 1508 1781; baseline 0.001 -15"><span class='ocrx_word' id='word_1_210' title='bbox 191 1726 333 1781; x_wconf 87' lang='lat' dir='ltr'>efficit,</span> <span class='ocrx_word' id='word_1_211' title='bbox 358 1726 431 1780; x_wconf 91' lang='lat' dir='ltr'>qui</span> <span class='ocrx_word' id='word_1_212' title='bbox 455 1739 653 1767; x_wconf 88' lang='lat' dir='ltr'>numerus</span> <span class='ocrx_word' id='word_1_213' title='bbox 674 1724 855 1767; x_wconf 89' lang='lat' dir='ltr'>solidum</span> <span class='ocrx_word' id='word_1_214' title='bbox 875 1738 1026 1778; x_wconf 88' lang='lat' dir='ltr'>corpus</span> <span class='ocrx_word' id='word_1_215' title='bbox 1051 1724 1253 1779; x_wconf 89' lang='lat' dir='ltr'>imitatur,</span> <span class='ocrx_word' id='word_1_216' title='bbox 1278 1727 1387 1767; x_wconf 88' lang='lat' dir='ltr'>sicut</span> <span class='ocrx_word' id='word_1_217' title='bbox 1406 1726 1508 1767; x_wconf 88' lang='lat' dir='ltr'>duas</span> 
     </span>
     <span class='ocr_line' id='line_1_30' title="bbox 190 1783 1508 1838; baseline 0.001 -15"><span class='ocrx_word' id='word_1_218' title='bbox 190 1783 324 1825; x_wconf 89' lang='lat' dir='ltr'>lineas</span> <span class='ocrx_word' id='word_1_219' title='bbox 367 1784 548 1825; x_wconf 85' lang='lat' dir='ltr'>diximus</span> <span class='ocrx_word' id='word_1_220' title='bbox 593 1783 754 1825; x_wconf 87' lang='lat' dir='ltr'>duabus</span> <span class='ocrx_word' id='word_1_221' title='bbox 793 1783 1082 1836; x_wconf 85' lang='lat' dir='ltr'>superpositas</span> <span class='ocrx_word' id='word_1_222' title='bbox 1122 1785 1217 1824; x_wconf 85' lang='lat' dir='ltr'>octo</span> <span class='ocrx_word' id='word_1_223' title='bbox 1255 1783 1508 1838; x_wconf 91' lang='lat' dir='ltr'>angulorum</span> 
     </span>
     <span class='ocr_line' id='line_1_31' title="bbox 190 1839 1526 1896; baseline 0.001 -15"><span class='ocrx_word' id='word_1_224' title='bbox 190 1840 451 1882; x_wconf 87' lang='lat' dir='ltr'>dimensione</span> <span class='ocrx_word' id='word_1_225' title='bbox 493 1842 706 1896; x_wconf 84' lang='lat' dir='ltr'>integram</span> <span class='ocrx_word' id='word_1_226' title='bbox 742 1840 930 1895; x_wconf 88' lang='lat' dir='ltr'>corporis</span> <span class='ocrx_word' id='word_1_227' title='bbox 974 1839 1232 1882; x_wconf 83' lang='lat' dir='ltr'>soliditatem</span> <span class='ocrx_word' id='word_1_228' title='bbox 1269 1855 1427 1895; x_wconf 87' lang='lat' dir='ltr'>creare,</span> <span class='ocrx_word' id='word_1_229' title='bbox 1465 1842 1526 1882; x_wconf 71' lang='lat' dir='ltr'>et:</span> 
     </span>
     <span class='ocr_line' id='line_1_32' title="bbox 189 1898 1507 1954; baseline 0.001 -15"><span class='ocrx_word' id='word_1_230' title='bbox 189 1898 270 1939; x_wconf 89' lang='lat' dir='ltr'>hoc</span> <span class='ocrx_word' id='word_1_231' title='bbox 313 1901 378 1940; x_wconf 87' lang='lat' dir='ltr'>est</span> <span class='ocrx_word' id='word_1_232' title='bbox 420 1899 531 1953; x_wconf 89' lang='lat' dir='ltr'>quod</span> <span class='ocrx_word' id='word_1_233' title='bbox 574 1900 685 1954; x_wconf 86' lang='lat' dir='ltr'>apud</span> <span class='ocrx_word' id='word_1_234' title='bbox 728 1900 968 1954; x_wconf 84' lang='lat' dir='ltr'>geometras</span> <span class='ocrx_word' id='word_1_235' title='bbox 1011 1898 1163 1939; x_wconf 88' lang='lat' dir='ltr'>dicitur</span> <span class='ocrx_word' id='word_1_236' title='bbox 1204 1898 1269 1939; x_wconf 89' lang='lat' dir='ltr'>bis</span> <span class='ocrx_word' id='word_1_237' title='bbox 1306 1899 1407 1940; x_wconf 88' lang='lat' dir='ltr'>bina</span> <span class='ocrx_word' id='word_1_238' title='bbox 1442 1899 1507 1940; x_wconf 90' lang='lat' dir='ltr'>bis</span> 
     </span>
     <span class='ocr_line' id='line_1_33' title="bbox 122 1956 1508 2010; baseline 0 -12"><span class='ocrx_word' id='word_1_239' title='bbox 122 1957 173 1998; x_wconf 88' lang='lat'>11</span> <span class='ocrx_word' id='word_1_240' title='bbox 190 1969 340 2009; x_wconf 90' lang='lat' dir='ltr'>corpus</span> <span class='ocrx_word' id='word_1_241' title='bbox 373 1970 463 1997; x_wconf 89' lang='lat' dir='ltr'>esse</span> <span class='ocrx_word' id='word_1_242' title='bbox 488 1957 574 1998; x_wconf 89' lang='lat' dir='ltr'>iam</span> <span class='ocrx_word' id='word_1_243' title='bbox 594 1957 786 1998; x_wconf 90' lang='lat' dir='ltr'>solidum.</span> <span class='ocrx_word' id='word_1_244' title='bbox 834 1969 934 2010; x_wconf 89' lang='lat' dir='ltr'>ergo</span> <span class='ocrx_word' id='word_1_245' title='bbox 967 1970 992 1997; x_wconf 91' lang='lat' dir='ltr'>a</span> <span class='ocrx_word' id='word_1_246' title='bbox 1010 1956 1102 2010; x_wconf 88' lang='lat' dir='ltr'>pari</span> <span class='ocrx_word' id='word_1_247' title='bbox 1126 1970 1299 1998; x_wconf 90' lang='lat' dir='ltr'>numero</span> <span class='ocrx_word' id='word_1_248' title='bbox 1325 1956 1508 1998; x_wconf 85' lang='lat' dir='ltr'>accessio</span> 
     </span>
    </p>
   </div>
   <div class='ocr_carea' id='block_1_3' title="bbox 188 2032 344 2036">
    <p class='ocr_par' dir='ltr' id='par_1_3' title="bbox 188 2032 344 2036">
     <span class='ocr_line' id='line_1_34' title="bbox 188 2032 344 2036; baseline 0 0"><span class='ocrx_word' id='word_1_249' title='bbox 188 2032 344 2036; x_wconf 95' lang='lat' dir='ltr'> </span> 
     </span>
    </p>
   </div>
   <div class='ocr_carea' id='block_1_4' title="bbox 345 2033 466 2036">
    <p class='ocr_par' dir='ltr' id='par_1_4' title="bbox 345 2033 466 2036">
     <span class='ocr_line' id='line_1_35' title="bbox 345 2033 466 2036; baseline 0 0"><span class='ocrx_word' id='word_1_250' title='bbox 345 2033 466 2036; x_wconf 95' lang='lat' dir='ltr'> </span> 
     </span>
    </p>
   </div>
   <div class='ocr_carea' id='block_1_5' title="bbox 189 2068 1508 2299">
    <p class='ocr_par' dir='ltr' id='par_1_5' title="bbox 189 2068 1508 2299">
     <span class='ocr_line' id='line_1_36' title="bbox 282 2068 1508 2126; baseline -0.001 -22"><span class='ocrx_word' id='word_1_251' title='bbox 282 2073 303 2104; x_wconf 89' lang='lat'>5</span> <span class='ocrx_word' id='word_1_252' title='bbox 327 2070 527 2126; x_wconf 56' lang='lat' dir='ltr'>aesst1acts1</span> <span class='ocrx_word' id='word_1_253' title='bbox 555 2069 592 2103; x_wconf 92' lang='lat' dir='ltr'><em>P</em></span> <span class='ocrx_word' id='word_1_254' title='bbox 705 2073 724 2103; x_wconf 82' lang='grc'>7</span> <span class='ocrx_word' id='word_1_255' title='bbox 751 2068 872 2113; x_wconf 74' lang='lat' dir='ltr'>puctif</span> <span class='ocrx_word' id='word_1_256' title='bbox 891 2069 940 2103; x_wconf 89' lang='lat' dir='ltr'>P&#39;</span> <span class='ocrx_word' id='word_1_257' title='bbox 1049 2072 1070 2103; x_wconf 91' lang='grc'>8</span> <span class='ocrx_word' id='word_1_258' title='bbox 1094 2068 1170 2104; x_wconf 85' lang='lat' dir='ltr'>sola</span> <span class='ocrx_word' id='word_1_259' title='bbox 1193 2069 1230 2104; x_wconf 89' lang='lat' dir='ltr'><strong><em>P</em></strong></span> <span class='ocrx_word' id='word_1_260' title='bbox 1330 2073 1370 2103; x_wconf 90' lang='lat'>11</span> <span class='ocrx_word' id='word_1_261' title='bbox 1397 2069 1450 2105; x_wconf 85' lang='lat' dir='ltr'>set</span> <span class='ocrx_word' id='word_1_262' title='bbox 1473 2069 1508 2103; x_wconf 99' lang='grc' dir='ltr'><strong><em>Β</em></strong></span> 
     </span>
     <span class='ocr_line' id='line_1_37' title="bbox 189 2113 1506 2162; baseline -0.001 -12"><span class='ocrx_word' id='word_1_263' title='bbox 189 2116 288 2160; x_wconf 84' lang='lat' dir='ltr'>apud</span> <span class='ocrx_word' id='word_1_264' title='bbox 311 2126 377 2151; x_wconf 88' lang='lat' dir='ltr'>om.</span> <span class='ocrx_word' id='word_1_265' title='bbox 405 2114 452 2150; x_wconf 84' lang='lat' dir='ltr'>P‘</span> <span class='ocrx_word' id='word_1_266' title='bbox 547 2119 590 2150; x_wconf 81' lang='lat'>14</span> <span class='ocrx_word' id='word_1_267' title='bbox 613 2115 772 2162; x_wconf 70' lang='lat' dir='ltr'>subiecte</span> <span class='ocrx_word' id='word_1_268' title='bbox 797 2114 843 2150; x_wconf 89' lang='lat' dir='ltr'>B&#39;</span> <span class='ocrx_word' id='word_1_269' title='bbox 934 2117 976 2149; x_wconf 77' lang='lat'>17</span> <span class='ocrx_word' id='word_1_270' title='bbox 1001 2126 1112 2161; x_wconf 71' lang='lat' dir='ltr'>greca</span> <span class='ocrx_word' id='word_1_271' title='bbox 1135 2113 1183 2150; x_wconf 86' lang='lat' dir='ltr'>P&#39;</span> <span class='ocrx_word' id='word_1_272' title='bbox 1275 2119 1317 2150; x_wconf 89' lang='lat'>18</span> <span class='ocrx_word' id='word_1_273' title='bbox 1342 2115 1446 2150; x_wconf 81' lang='lat' dir='ltr'>cibos</span> <span class='ocrx_word' id='word_1_274' title='bbox 1462 2115 1506 2157; x_wconf 83' lang='lat' dir='ltr'>P,</span> 
     </span>
     <span class='ocr_line' id='line_1_38' title="bbox 190 2158 1504 2207; baseline 0 -11"><span class='ocrx_word' id='word_1_275' title='bbox 190 2161 306 2196; x_wconf 80' lang='lat' dir='ltr'>cubos</span> <span class='ocrx_word' id='word_1_276' title='bbox 324 2162 361 2196; x_wconf 89' lang='lat' dir='ltr'><em>B</em></span> <span class='ocrx_word' id='word_1_277' title='bbox 464 2162 672 2207; x_wconf 78' lang='lat' dir='ltr'>applicatur</span> <span class='ocrx_word' id='word_1_278' title='bbox 696 2162 732 2196; x_wconf 91' lang='lat' dir='ltr'><strong><em>B</em></strong></span> <span class='ocrx_word' id='word_1_279' title='bbox 832 2163 877 2196; x_wconf 81' lang='lat'>20</span> <span class='ocrx_word' id='word_1_280' title='bbox 902 2165 935 2196; x_wconf 85' lang='lat' dir='ltr'>et</span> <span class='ocrx_word' id='word_1_281' title='bbox 958 2165 1002 2195; x_wconf 83' lang='lat'>21</span> <span class='ocrx_word' id='word_1_282' title='bbox 1028 2161 1081 2195; x_wconf 84' lang='lat' dir='ltr'>set</span> <span class='ocrx_word' id='word_1_283' title='bbox 1105 2161 1141 2195; x_wconf 91' lang='grc' dir='ltr'><strong><em>Β</em></strong></span> <span class='ocrx_word' id='word_1_284' title='bbox 1235 2165 1278 2196; x_wconf 85' lang='grc'>21</span> <span class='ocrx_word' id='word_1_285' title='bbox 1305 2161 1433 2197; x_wconf 78' lang='lat' dir='ltr'>dititur</span> <span class='ocrx_word' id='word_1_286' title='bbox 1457 2158 1504 2196; x_wconf 86' lang='lat' dir='ltr'>P&#39;</span> 
     </span>
     <span class='ocr_line' id='line_1_39' title="bbox 191 2205 1507 2252; baseline -0.001 -9"><span class='ocrx_word' id='word_1_287' title='bbox 191 2212 234 2243; x_wconf 83' lang='lat'>22</span> <span class='ocrx_word' id='word_1_288' title='bbox 259 2208 434 2243; x_wconf 81' lang='lat' dir='ltr'>numerus</span> <span class='ocrx_word' id='word_1_289' title='bbox 453 2219 518 2245; x_wconf 88' lang='lat' dir='ltr'>om.</span> <span class='ocrx_word' id='word_1_290' title='bbox 544 2206 590 2244; x_wconf 89' lang='lat' dir='ltr'>B&#39;</span> <span class='ocrx_word' id='word_1_291' title='bbox 686 2211 731 2243; x_wconf 81' lang='lat'>23</span> <span class='ocrx_word' id='word_1_292' title='bbox 757 2217 902 2252; x_wconf 87' lang='lat' dir='ltr'>gemme</span> <span class='ocrx_word' id='word_1_293' title='bbox 927 2205 973 2241; x_wconf 92' lang='lat' dir='ltr'>P&#39;</span> <span class='ocrx_word' id='word_1_294' title='bbox 1073 2210 1118 2242; x_wconf 80' lang='lat'>24</span> <span class='ocrx_word' id='word_1_295' title='bbox 1143 2207 1447 2244; x_wconf 79' lang='lat' dir='ltr'>determlnatione</span> <span class='ocrx_word' id='word_1_296' title='bbox 1471 2207 1507 2242; x_wconf 89' lang='lat' dir='ltr'><strong><em>B</em></strong></span> 
     </span>
     <span class='ocr_line' id='line_1_40' title="bbox 191 2252 1248 2299; baseline -0.001 -10"><span class='ocrx_word' id='word_1_297' title='bbox 191 2259 235 2289; x_wconf 85' lang='lat'>26</span> <span class='ocrx_word' id='word_1_298' title='bbox 260 2255 350 2299; x_wconf 87' lang='lat' dir='ltr'>quot</span> <span class='ocrx_word' id='word_1_299' title='bbox 377 2252 424 2288; x_wconf 88' lang='lat' dir='ltr'>P&#39;</span> <span class='ocrx_word' id='word_1_300' title='bbox 499 2255 647 2298; x_wconf 87' lang='lat' dir='ltr'>lateque</span> <span class='ocrx_word' id='word_1_301' title='bbox 673 2253 718 2289; x_wconf 87' lang='lat' dir='ltr'>P&#39;</span> <span class='ocrx_word' id='word_1_302' title='bbox 792 2258 835 2289; x_wconf 81' lang='lat'>29</span> <span class='ocrx_word' id='word_1_303' title='bbox 861 2253 1102 2299; x_wconf 79' lang='lat' dir='ltr'>fuperpofitas</span> <span class='ocrx_word' id='word_1_304' title='bbox 1121 2264 1186 2290; x_wconf 85' lang='lat' dir='ltr'>om.</span> <span class='ocrx_word' id='word_1_305' title='bbox 1211 2254 1248 2288; x_wconf 90' lang='lat' dir='ltr'><strong><em>B</em></strong></span> 
     </span>
    </p>
   </div>
  </div>
 </body>
</html>
