1526 2444
134 86 190 128 74
651 87 750 124 SAT.
775 88 902 123 LIBRI
926 88 943 123 1

130 195 339 236 tricenum
370 194 532 235 dierum
565 209 710 236 omnes
741 195 917 250 habent,
949 210 1080 251 eoque
1111 196 1319 250 explicitis
1351 196 1453 238 duo-

130 252 265 294 decim
307 253 542 306 mensibus,
589 251 633 293 id
679 255 744 294 est
785 255 986 295 trecentis
1030 255 1250 309 sexaginta
1293 254 1452 309 diebus,
1506 257 1523 307 'j

131 311 289 352 exactis
326 314 425 351 tunc
462 310 573 351 inter
602 310 845 365 Augustum
877 314 1002 366 atque
1035 310 1326 365 Septembrem
1357 312 1452 353 reli·
1506 306 1517 366 f

132 382 240 422 quos
262 368 447 422 quinque
465 367 554 409 dies
574 382 684 409 anno
705 383 779 410 suo
800 369 991 423 reddunt,
1011 370 1279 412 adnectentes
1299 372 1450 423 quarto

132 440 296 479 quoque
322 439 433 466 anno
460 428 608 467 exacto
633 426 940 480 intercalarem,
971 427 1044 482 qui
1069 442 1119 468 ex
1145 427 1450 482 quadrantibus
1483 439 1519 468 ³-

89 483 271 527 2confit.
332 485 377 524 at
412 483 483 524 hic
511 498 598 525 non
630 498 654 524 a
681 484 818 537 primo
849 485 894 525 in
924 485 1122 526 ultimum
1153 486 1309 526 mensis
1340 485 1451 526 diem

131 541 185 581 ad
215 542 520 582 incrementum
552 542 795 583 continuum
826 556 1026 583 numerus
1055 543 1227 597 accedit,
1258 543 1330 584 sed
1354 546 1452 597 post
1510 554 1522 590 f

129 599 342 640 Kalendas
380 599 576 654 dirigitur
608 600 653 640 in
684 598 843 642 Nonas.
902 600 999 641 inde
1031 601 1084 642 ad
1115 600 1319 655 quasdam
1351 600 1450 642 Idus
1509 619 1522 644 1

130 657 294 698 deflecti
332 657 474 711 audio,
510 659 610 712 post
644 671 808 709 rursus,
845 658 891 698 ni
921 658 1065 709 fallor,
1102 658 1232 700 immo
1263 661 1311 699 ut
1339 672 1451 700 nunc
1505 670 1523 674 ⁷

87 715 294 769 3quoque
324 715 520 768 retulisti,
550 715 595 756 in
627 719 847 770 sequentes
878 715 1104 758 Kalendas.
1166 730 1271 770 quae
1304 716 1446 758 omnia
1464 729 1502 756 ιο

127 772 227 827 quid
259 773 342 814 sibi
371 773 508 814 uelint
538 773 643 814 scire
675 773 867 827 equidem
893 774 1059 815 uellem.
1114 788 1213 815 nam
1238 774 1344 815 illud
1368 788 1447 816 nec
1513 786 1525 808 ··2

127 831 325 885 consequi
355 845 480 884 posse
511 845 578 872 me
610 845 745 885 spero,
775 834 822 872 ut
853 832 1062 873 uocabula
1092 831 1444 885 comprehendam

127 903 233 942 quae
275 889 454 943 singulis
492 889 602 942 apud
639 903 715 930 uos
754 889 899 930 diebus
937 889 1163 943 adduntur,
1201 890 1300 930 dum
1338 889 1446 931 alios
1507 904 1510 905 ⁷

126 948 260 988 fastos
285 947 497 1000 uariisque
523 947 629 988 alios
654 947 895 988 nominibus
921 948 1190 1001 nuncupatis.
1236 948 1446 989 nundinas
1518 999 1519 1002 Ἴ

127 1018 290 1059 quoque
316 1007 481 1046 uestras
506 1004 667 1046 nescire
691 1019 759 1046 me
777 1006 933 1047 fateor:
959 1006 1009 1047 de
1030 1006 1181 1059 quibus
1201 1006 1444 1047 obseruatio
1465 1019 1500 1049 ιε

125 1069 217 1104 tam
260 1062 440 1116 diligens
485 1077 610 1117 quam
653 1065 779 1104 cauta
814 1065 1025 1104 narratur.
1089 1063 1194 1105 haec
1230 1077 1307 1104 nec
1343 1063 1449 1105 mihi
1502 1082 1521 1091 *-

127 1120 457 1162 erubescendum
488 1122 554 1161 est
584 1121 783 1175 ignorare
807 1122 1043 1176 peregrino,
1075 1136 1100 1163 a
1131 1123 1173 1162 te
1199 1135 1299 1162 uero
1325 1121 1450 1162 Prae-

125 1181 285 1219 textate
317 1178 477 1219 discere
508 1192 584 1219 nec
615 1178 750 1220 ciuem
780 1178 982 1232 puderet'.

85 1238 113 1278 4
241 1236 359 1277 Tunc
384 1235 680 1278 Praetextatus
713 1235 814 1278 ‘non
845 1237 982 1278 solum
1013 1235 1110 1278 tibi'
1141 1237 1281 1290 inquit
1306 1236 1448 1291 ‘Hore‚
1519 1269 1522 1271 Α

126 1309 221 1335 cum
252 1295 310 1335 sis
341 1294 540 1348 Aegypto
573 1294 786 1347 oriundus,
817 1294 890 1335 sed
915 1309 969 1335 ne
993 1295 1119 1336 nobis
1146 1295 1327 1350 quidem,
1358 1295 1445 1349 qui·
1465 1294 1520 1338 20⁷³

125 1352 204 1393 bus
242 1353 362 1406 origo
389 1352 582 1393 Romana
620 1355 701 1405 est,
739 1352 1068 1394 erubescendum
1098 1355 1202 1406 puto
1234 1367 1447 1407 quaerere,
1510 1367 1513 1372 ¹

125 1410 235 1463 quod
261 1410 455 1464 quaesitu
481 1410 657 1464 dignum
682 1424 826 1451 omnes
850 1413 1016 1451 ueteres
1037 1414 1304 1464 putauerunt.
1348 1425 1447 1452 nam

125 1469 174 1508 de
216 1466 465 1509 Kalendis
510 1467 673 1509 Nonis
717 1472 759 1509 et
799 1467 975 1509 Idibus
1019 1468 1152 1522 deque
1201 1468 1447 1510 feriarum
1510 1483 1512 1485 ·

125 1525 251 1566 uariis
273 1526 639 1567 obseruationibus
653 1526 896 1567 innumeros
915 1528 1108 1567 auctores
1122 1540 1223 1568 cura
1236 1526 1447 1581 quaestio-
1511 1561 1514 1565 Δ

124 1584 192 1624 nis
230 1584 434 1637 exercuit,
477 1586 520 1624 et
555 1584 649 1625 ideo
681 1598 776 1637 nos,
814 1597 919 1637 quae
962 1584 1012 1624 de
1055 1584 1122 1625 his
1159 1584 1212 1625 ab
1250 1584 1444 1626 omnibus
1463 1596 1514 1623 25

82 1641 238 1683 5dicta
279 1644 396 1695 sunt,
438 1641 484 1682 in
526 1656 656 1682 unum
694 1641 884 1683 breuiter
921 1641 1173 1696 colligimus.
1238 1641 1446 1684 Romulus
1511 1679 1514 1682 .

125 1699 253 1750 enim,
297 1714 392 1740 cum
434 1699 607 1753 ingenio
649 1699 736 1740 acri
772 1698 939 1753 quidem
977 1699 1050 1740 sed
1088 1700 1247 1754 agresti
1286 1702 1446 1741 statum
1508 1700 1524 1748 Ῐ,

123 1757 287 1811 proprii
319 1756 536 1798 ordinaret
567 1757 746 1810 imperii,
776 1756 945 1798 initium
978 1757 1178 1811 cuiusque
1208 1758 1366 1799 mensis
1396 1772 1446 1799 ex
1510 1755 1516 1760 ’

123 1814 197 1855 illo
229 1815 425 1855 sumebat
455 1814 534 1867 die,
565 1829 647 1869 quo
672 1829 829 1856 nouam
854 1815 999 1856 lunam
1025 1815 1274 1870 contigisset
1298 1815 1444 1857 uideri.

82 1871 224 1926 6quia
259 1887 345 1913 non
377 1872 577 1914 continuo
616 1873 775 1927 euenit,
811 1875 859 1913 ut
896 1873 1042 1914 eodem
1079 1873 1146 1915 die
1178 1887 1343 1928 semper
1373 1889 1443 1940 ap·
1462 1886 1512 1929 soff

122 1932 283 1984 pareat,
308 1929 378 1971 sed
399 1930 529 1971 modo
555 1930 716 1972 tardius
741 1930 866 1972 modo
892 1931 1067 1972 celerius
1094 1945 1144 1972 ex
1163 1932 1287 1973 certis
1307 1933 1444 1973 causis
1515 1969 1518 1972 Α

121 1987 257 2028 uideri
289 1989 414 2041 solet,
453 1988 634 2042 contigit
663 1990 727 2039 ut,
765 2003 859 2030 cum
890 1988 1051 2030 tardius
1083 1989 1298 2044 apparuit,
1327 2004 1446 2044 prae·

216 2105 232 2134 1
261 2090 454 2135 duodeciil'i
483 2101 519 2135 P
607 2105 626 2135 2
647 2102 826 2147 posterior
850 2104 866 2136 t
895 2103 937 2137 in
960 2103 1137 2138 trecentis
1162 2103 1204 2138 in
1232 2114 1305 2138 ras.
1329 2104 1371 2138 in
1398 2103 1443 2147 P,
1499 2108 1503 2111 “

120 2146 291 2181 tricentll'
310 2145 354 2182 B‘
429 2151 450 2182 8
475 2148 572 2182 unde
597 2148 633 2182 P
706 2151 749 2182 10
774 2148 956 2183 retusshst1
980 2149 1017 2183 P
1086 2153 1145 2188 14
1153 2149 1172 2182 s
1191 2150 1232 2184 in
1255 2160 1443 2194 nuncupa·

119 2193 171 2227 tis
187 2195 193 2238 Ι
213 2194 255 2228 in
278 2204 349 2228 ras.
375 2195 417 2228 in
444 2194 480 2227 P
563 2198 605 2229 16
631 2204 741 2238 quam
765 2196 909 2240 scripsi:
936 2196 1012 2230 tam
1037 2196 1113 2230 BP
1198 2199 1241 2230 19
1266 2196 1444 2240 t1b1nqu1t

120 2238 180 2283 B',
203 2241 325 2283 inquit
349 2241 418 2274 t1b1
436 2240 472 2274 P
541 2243 585 2275 20
605 2252 650 2287 eg
652 2242 731 2285 ipto
759 2241 796 2275 P
865 2244 909 2276 24
927 2241 1141 2276 mnumurof
1161 2239 1207 2276 P'
1282 2246 1324 2277 27
1345 2252 1444 2277 emm
1503 2249 1507 2254 ⁴

120 2297 187 2321 om.
211 2287 247 2320 B
