1526 2444
0 0 39 91 f

602 80 671 116 xx
698 84 812 118 7—16
1302 78 1390 121 115

36 192 351 243 indicauerunt,
390 190 639 246 apparuisse
677 189 761 231 sibi
795 189 941 231 leones
973 187 1113 244 proris
1146 186 1389 229 Gaditanae

37 252 187 294 classis
231 223 545 306 supeistantes,
590 263 638 291 ac
683 248 828 291 subito
873 262 975 290 suas
1018 260 1153 290 naues
1200 246 1389 288 inmissis

13 310 168 353 radiis
201 310 348 365 quales
380 309 424 351 in
459 307 573 351 Solis
606 308 745 363 capite
777 308 1028 363 pinguntur,
1060 307 1244 348 exustas.

155 368 307 411 Eidem
333 364 533 424 Aegypto
560 367 759 410 adiacens
786 366 954 421 ciuitas,
981 380 1090 421 quae
1121 364 1388 408 conditorem
1406 366 1460 408 13

0 445 20 474 ο
39 427 331 470 Alexandrum
356 427 636 470 Macedonem
669 426 895 482 gloriatur,
927 424 1111 480 Sarapin
1143 426 1272 479 atque
1297 423 1389 466 Isin

0 527 1 531 ,
39 487 155 530 cultu
187 501 321 543 paene
354 486 572 529 adtonitae
611 485 904 528 uenerationis
941 484 1157 526 obseruat.
1220 497 1390 525 omnem

37 550 184 589 tamen
221 546 342 588 illam
378 546 701 588 uenerationem
744 544 826 587 soli
858 558 903 586 se
943 544 1022 586 sub
1061 543 1178 585 illius
1215 542 1390 585 nomine

37 608 226 648 testatur
267 605 536 660 impendere,
585 604 656 646 uel
700 604 800 646 dum
845 602 1063 646 calathum
1115 601 1248 657 capiti
1298 601 1389 644 eius

0 657 2 722 ᾖ
38 664 226 720 infigunt
250 664 320 706 uel
345 664 445 706 dum
472 663 699 706 simulacro
727 663 899 719 signum
924 660 1126 716 tricipitis
1154 660 1388 703 animantis

0 723 296 783 badiungunt,
334 723 448 778 quod
491 722 695 777 exprimit
736 722 878 764 medio
923 720 1156 775 eodemque
1201 719 1388 761 maximo

1 789 3 839 ξ
39 783 179 838 capite
210 782 349 825 leonis
382 782 590 837 effigiem,
621 782 770 823 dextra
800 782 923 835 parte
954 782 1083 835 caput
1108 778 1226 821 canis
1253 779 1387 821 exori·
1405 777 1461 821 14

1 844 110 884 tur
141 842 370 884 mansueta
401 841 541 896 specie
573 839 848 895 blandientia,
879 853 980 894 pars
1012 852 1115 880 uero
1147 838 1272 880 laeua
1303 852 1389 879 cer-

1 862 4 945 l
37 900 145 943 uicis
176 900 344 955 rapacis
377 900 468 954 lupi
497 899 637 955 capite
668 899 828 954 finitur,
855 912 1011 953 easque
1037 897 1199 940 formas
1227 897 1389 939 anima-

37 959 144 1003 lium
176 959 303 1002 draco
336 958 523 1001 conectit
553 959 773 1001 uolumine
805 972 883 1000 suo
916 957 1058 1012 capite
1097 957 1300 998 redeunte
1336 956 1389 998 ad

0 975 105 1078 ¹tdei
136 1018 366 1073 dexteram,
395 1032 478 1073 qua
505 1018 779 1073 conpescitur
810 1019 1063 1059 monstrum.
1114 1029 1216 1070 ergo
1250 1015 1387 1058 leonis
1406 1016 1459 1059 15

2 1082 5 1090 “
37 1078 178 1133 capite
208 1079 478 1120 monstratur
507 1091 712 1132 praesens
743 1079 925 1132 tempuS,
951 1075 1052 1131 quia
1078 1075 1270 1117 condicio
1298 1075 1388 1116 eius

0 1138 2 1188 ξ
36 1137 151 1179 inter
193 1136 473 1191 praeteritum
517 1136 792 1192 futurumque
838 1137 938 1178 actu
981 1134 1200 1189 praesenti
1243 1133 1389 1176 ualida

0 1191 1 1199 ¹
36 1195 292 1251 feruensque
317 1198 393 1237 est.
445 1195 519 1238 sed
544 1198 587 1237 et
611 1195 892 1250 praeteritum
923 1197 1095 1249 tempus
1127 1194 1221 1249 lupi
1247 1194 1389 1248 capite

2 1296 4 1305 ,
39 1254 254 1310 signatur,
290 1254 402 1309 quod
439 1255 645 1296 memoria
680 1268 822 1297 rerum
859 1255 1179 1296 transactarum
1223 1252 1391 1307 rapitur

2 1308 13 1359 Ῐι
38 1315 81 1355 et
132 1313 338 1355 aufertur.
409 1313 515 1355 item
558 1314 676 1355 canis
723 1313 985 1356 blandientis
1037 1312 1203 1367 effigies
1253 1311 1389 1354 futuri

3 1393 5 1396 >
37 1372 247 1426 temporis
285 1371 485 1427 designat
522 1374 741 1428 euentum,
778 1372 829 1414 de
870 1386 954 1426 quo
987 1371 1112 1412 nobis
1144 1385 1254 1425 spes,
1286 1371 1390 1413 licet

3 1465 6 1478 ,
37 1431 220 1485 incerta,
263 1431 494 1473 blanditur.
561 1433 759 1486 tempora
802 1433 946 1472 autem
984 1430 1052 1471 cui
1089 1430 1174 1471 nisi
1210 1430 1389 1484 proprio

36 1489 352 1532 famularentur
384 1489 578 1532 auctori?
628 1491 747 1533 cuius
779 1491 929 1531 uertex
957 1489 1190 1543 insignitus
1216 1488 1388 1530 calatho

4 1605 13 1654 Ῐ.
40 1607 246 1662 ostendit,
289 1607 392 1663 quia
434 1608 480 1649 in
516 1622 613 1650 eum
651 1608 794 1651 omnia
837 1610 1008 1650 terrena
1047 1606 1245 1660 redeunt,
1289 1606 1388 1648 dum

5 1694 8 1787 «Ξ
34 1666 215 1709 inmisso
247 1667 389 1734 calore
421 1667 660 1722 rapiuntur.
723 1667 867 1722 accipe
898 1680 1030 1721 nunc,
1068 1665 1190 1733 quod·
1216 1640 1267 1707 (16
1299 1666 1387 1708 sole
1406 1667 1460 1708 16

6 1847 208 1886 creonte
219 1785 548 1898 Cypriorum
542 1858 644 1900 rege
683 1845 778 1900 quis
817 1844 994 1886 deorum
1031 1842 1279 1895 haberetur,
1319 1843 1386 1885 his

7 1899 15 1945 '³
38 1902 235 1945 uersibus
268 1902 496 1945 sollicitam
527 1904 783 1959 religionem
815 1902 930 1958 regis
962 1902 1168 1944 instruxit

8 2064 10 2078 ÷
133 2045 152 2076 1
179 2042 362 2088 aparmsse
387 2053 453 2079 om.
479 2043 517 2079 P
609 2047 630 2078 2
656 2042 827 2078 lmmlssls
848 2042 885 2077 P
980 2045 1000 2076 3
1021 2045 1109 2087 post
1134 2040 1280 2077 exustas
1300 2042 1386 2077 add.

8 2124 11 2136 Δ
36 2089 84 2125 δΕ
111 2089 276 2125 SGRAPI
301 2090 336 2125 Β
427 2093 450 2124 4
475 2091 604 2138 eg1pto
629 2090 667 2125 P
755 2093 776 2125 5
806 2100 914 2135 serap
916 2089 955 2124 in
980 2090 1001 2126 b
1093 2094 1113 2125 6
1139 2089 1323 2124 attomtae
1352 2089 1390 2123 P

8 2138 11 2170 ἶ
36 2139 57 2172 7
83 2136 198 2172 ulhuf
217 2137 254 2172 Β
340 2141 384 2172 10
409 2142 566 2183 exp1m1t
590 2135 638 2173 B'
719 2141 760 2173 11
789 2137 838 2172 ad
862 2137 979 2182 figxe
1009 2137 1046 2172 P
1128 2139 1172 2171 14
1198 2137 1388 2172 connectit

9 2181 11 2203 ¹
35 2183 73 2219 Β
153 2187 195 2219 15
221 2184 468 2230 compescitur
491 2185 539 2230 B,
563 2187 581 2219 1
607 2184 837 2231 conspicitur
862 2185 947 2220 add.
974 2185 995 2220 b
1069 2187 1115 2219 22
1141 2186 1314 2227 tempura
1338 2182 1386 2218 B'

9 2224 12 2282 j
37 2233 82 2266 23
107 2231 378 2267 famularantur
403 2231 452 2267 P'
516 2213 560 2268 2'5
587 2232 751 2268 ostentat
774 2233 812 2268 Ρ
868 2244 907 2267 111
933 2242 976 2267 60
1007 2231 1044 2266 P
1102 2235 1147 2267 26
1172 2230 1330 2266 1mm1sso
1353 2230 1390 2265 P

10 2292 13 2326 ¹,
35 2278 80 2313 xre
103 2278 193 2323 quid
220 2278 257 2314 P
325 2282 370 2315 27
397 2278 515 2325 serapi
539 2280 600 2315 Pb
681 2280 823 2326 serapis
848 2280 869 2316 b
949 2282 994 2314 28
1021 2279 1154 2327 eg1pt13
1182 2279 1219 2314 P
1287 2288 1388 2313 11160-

10 2331 13 2376 3
39 2325 165 2360 crente
189 2336 277 2371 rege
304 2337 517 2372 cypriorum
541 2327 578 2362 B

1055 2384 1103 2420 8*
