1526 2444
482 64 586 100 XIIII
609 68 750 101 23—2'7
782 64 852 101 XV
877 67 968 101 1—6
1314 63 1402 106 545

51 189 103 218 ex
139 174 226 217 illis
265 175 340 216 aut
377 173 633 216 concitatior
671 187 765 216 esse
803 173 944 229 possit
975 175 1050 215 aut
1081 172 1277 229 segnior,
1312 187 1401 214 non

51 233 202 275 eodem
237 235 386 275 tamen
422 232 630 288 temporis
670 232 811 288 spatio
851 246 1000 275 omnes
1034 232 1244 274 ambitum
1277 246 1401 274 suum

15 342 18 344 v
51 294 275 348 peragunt.
331 306 503 334 causam
534 306 637 334 uero
671 292 750 334 sub
783 292 933 334 eadem
965 291 1182 334 celeritate
1217 290 1402 346 disparis

6 407 8 411 y
52 351 183 407 spatii
214 351 355 406 aptius
387 365 468 394 nos
501 350 726 406 sequentia
758 348 984 393 docebunt.

2 438 34 472 '5
169 433 248 476 His
275 434 326 475 de
353 433 538 476 siderum
563 435 719 475 natura
739 435 782 475 et
807 433 972 475 siderea
991 433 1216 476 hominum
1235 435 1378 475 mente
1391 431 1476 475 XV

50 493 237 535 narratis
279 507 426 535 rursus
472 492 609 534 filium
646 494 769 547 pater
805 494 855 534 ut
892 492 938 534 in
975 492 1076 534 deos
1113 492 1229 547 pius,
1272 494 1322 534 ut
1358 491 1401 534 in

50 551 248 594 homines
280 551 418 594 iustus
450 553 564 593 esset
593 551 806 606 hortatus,
836 551 1076 607 praemium
1109 565 1257 593 rursus
1288 550 1404 594 adie-

52 610 112 652 cit
143 610 372 652 ostendens
410 611 595 653 lacteum
629 610 833 652 circulum
866 610 1101 653 uirtutibus
1134 609 1326 652 debitum
1360 612 1404 653 et

0 703 1 706 η
51 669 276 711 beatorum
316 672 439 711 coetu
476 669 699 723 refertum,
744 671 863 711 cuius
901 669 1098 711 meminit
1134 669 1201 710 his
1239 669 1401 711 uerbis:

0 710 35 775 10
54 730 164 770 erat
215 730 384 770 autem
432 728 475 770 is
527 727 949 782 splendidissimo
1000 727 1219 770 candore
1264 728 1405 769 inter

0 788 2 823 1
52 787 288 829 flammas
329 787 494 829 circus
527 787 751 841 elucens,
789 801 937 842 quem
970 800 1079 840 uos,
1111 788 1166 828 ut
1197 801 1222 827 a
1254 785 1403 829 Grais

0 847 3 854 ”
53 846 350 901 accepistis,
394 846 564 887 orbem
611 846 834 888 lacteum
870 845 1193 899 nuncupatis.
1262 845 1445 888 orbis2

51 905 123 947 hic
165 905 281 948 idem
326 904 440 960 quod
484 905 648 947 circus
687 905 729 946 in
775 905 904 947 lactei
943 904 1232 960 appellatione
1270 903 1404 960 signi—

2 969 4 984 ²
53 963 167 1007 fleat.
229 966 295 1006 est
325 966 468 1006 autem
499 964 700 1006 lacteus
732 978 843 1006 unus
877 978 899 1005 e
930 963 1068 1019 circis,
1101 964 1175 1019 qui
1207 963 1406 1005 ambiunt

21 1038 38 1066 5
58 1023 240 1066 caelum:
267 1025 311 1064 et
337 1025 438 1065 sunt
462 1025 635 1077 praeter
661 1037 758 1064 eum
782 1037 960 1066 numero
982 1023 1141 1077 decem,
1166 1022 1217 1064 de
1237 1022 1405 1078 quibus,

53 1096 162 1137 quae
189 1082 368 1124 dicenda
394 1085 507 1135 sunt,
531 1081 812 1137 proferemus,
844 1097 941 1125 cum
968 1082 1019 1124 de
1044 1082 1128 1124 hoc
1153 1084 1403 1137 competens

54 1154 194 1183 sermo
237 1141 507 1195 processerit.
575 1141 691 1184 solus
736 1156 788 1183 ex
832 1141 1033 1184 omnibus
1077 1140 1148 1183 hic
1186 1141 1404 1184 subiectus

54 1202 122 1242 est
164 1200 315 1255 oculis,
366 1199 521 1242 ceteris
565 1200 734 1242 circulis
779 1201 919 1256 magis
964 1201 1229 1256 cogitatione
1274 1214 1404 1255 quam

53 1258 151 1301 uisu
189 1258 597 1314 conprehendendis.
659 1258 709 1300 de
747 1258 830 1302 hoc
866 1260 1006 1302 lacteo
1043 1259 1171 1302 multi
1208 1259 1323 1302 inter
1359 1261 1446 1303 se3

19 1317 225 1360 odiuersa
257 1320 493 1372 senserunt,
523 1332 760 1373 causasque
793 1319 884 1360 eius
914 1319 987 1361 alii
1014 1318 1248 1372 fabulosas,
1279 1320 1404 1360 natu-

52 1377 166 1419 rales
204 1377 278 1419 alii
315 1377 604 1432 protulerunt:
644 1377 718 1419 sed
748 1392 828 1419 nos
860 1377 1061 1420 fabulosa
1091 1378 1323 1420 reticentes
1355 1391 1407 1419 ea

52 1437 241 1490 tantum,
284 1450 393 1492 quae
437 1436 490 1478 ad
533 1438 733 1478 naturam
775 1437 864 1478 eius
903 1437 998 1478 uisa
1035 1438 1136 1478 sunt
1172 1436 1403 1491 pertinere,

53 1494 255 1537 dicemus,
305 1495 632 1550 Theophrastus
663 1495 851 1537 lacteum
883 1495 993 1538 dixit
1018 1509 1109 1537 esse
1136 1496 1447 1551 compagem,4

54 1569 139 1609 qua
181 1554 233 1596 de
274 1554 441 1597 duobus
477 1554 809 1609 hemisphaeriis
847 1555 955 1597 caeli
993 1554 1177 1609 sphaera
1218 1554 1405 1596 solidata

55 1616 136 1668 est,
182 1615 225 1655 et
264 1613 379 1667 ideo,
422 1613 498 1655 ubi
536 1628 635 1656 orae
673 1613 890 1669 utrimque
929 1615 1240 1666 conuenerant,
1283 1615 1406 1656 nota-

52 1671 185 1714 bilem
216 1672 460 1715 claritatem
490 1673 640 1727 uideri,
671 1673 886 1715 Diodorus
911 1673 1055 1729 ignem
1083 1687 1174 1715 esse
1203 1672 1448 1716 densetae5

53 1733 362 1787 concretaeque
399 1733 578 1774 naturae
616 1732 662 1773 in
699 1747 830 1774 unam
871 1732 991 1774 curui
1021 1732 1171 1774 limitis
1206 1732 1407 1774 semitam

53 1789 310 1834 discretione
341 1791 584 1833 mundanae
615 1791 807 1833 fabricae
839 1793 1125 1834 coaceruante
1158 1793 1406 1833 concretum

54 1851 99 1891 et
128 1848 224 1892 ideo
254 1850 395 1892 uisum
420 1849 629 1892 intuentis
656 1850 884 1892 admittere
910 1850 1076 1905 reliquo
1102 1850 1202 1906 igne
1229 1850 1404 1892 caelesti

24 1954 28 1957 ,
55 1907 193 1950 11166111
227 1923 351 1950 suam
382 1909 516 1951 nimia
547 1908 788 1951 subtilitate
821 1909 1020 1952 diffusam
1050 1924 1139 1952 non
1170 1909 1405 1951 subiciente

56 1967 320 2023 conspectui,
365 1967 638 2010 Democritus
682 1967 930 2011 innumeras
975 1969 1124 2011 stellas
1168 1969 1447 2024 breuesque6

55 2039 220 2082 omnes,
258 2041 367 2082 quae
406 2027 546 2082 spisso
583 2029 722 2069 tractu
759 2027 805 2069 in
842 2043 976 2070 unum
1008 2029 1200 2082 coactae,
1241 2028 1408 2083 spatiis,

55 2099 163 2140 quae
213 2085 522 2141 angustissima
570 2086 824 2129 interiacent
873 2087 1058 2142 opertis,
1107 2087 1274 2129 uicinae
1326 2087 1410 2129 sibi

152 2218 172 2248 6
203 2214 312 2258 pater
342 2223 406 2249 om.
441 2212 489 2248 P‘
620 2218 661 2248 11
697 2214 858 2250 cuculus
884 2214 922 2249 P
1041 2218 1084 2248 16
1116 2214 1351 2260 proferamus
1376 2215 1413 2249 P

54 2262 102 2342 {0
128 2259 246 2342 (ἓιωὲξ,
274 2260 311 2295 P
410 2263 454 2295 23
480 2260 707 2297 theofrastur
727 2261 764 2297 P
857 2265 902 2297 25
928 2262 1017 2310 hore
1043 2258 1092 2297 P'
1191 2266 1236 2298 28
1263 2273 1411 2298 coacer-

83 2318 129 2342 an
149 2318 168 2342 e

127 2372 318 2400 Maenomvs
1081 2371 1126 2402 35
