1526 2444
179 92 264 134 630
474 93 620 129 ΟΟΜΜ.
645 93 697 129 IN
722 93 864 130 SOMN.
890 94 1000 130 SCIP.
1025 94 1154 129 LIBRI
1171 94 1206 129 II

178 198 444 240 inmobilia
486 202 722 252 aspectus
770 200 878 254 ipse
914 200 1208 242 testimonio
1245 201 1336 254 est,
1379 200 1494 254 quia

179 259 312 310 sunt,
365 270 572 310 quorum
626 259 811 298 motum
863 258 1109 312 uidemus,
1167 271 1339 299 rursus
1394 271 1493 299 non

178 313 368 355 moueri
399 314 567 355 omnia
595 314 735 355 uisus
768 314 926 370 docet,
959 330 1054 370 quo
1085 316 1279 357 inmota
1310 328 1492 370 cogno-

179 371 373 413 scimus.
423 372 509 412 sed
538 385 627 413 nec
655 373 819 413 omnia
843 373 1010 414 dicere
1035 387 1318 427 possumus,
1347 372 1492 414 modo

178 431 364 471 motum
400 430 525 483 pati,
561 429 702 471 modo
735 444 844 471 esse
884 430 992 471 sine
1024 433 1174 484 motu,
1211 431 1328 485 quia
1360 432 1493 485 sunt,

175 501 384 541 quorum
440 489 735 541 perpetuum
789 490 975 529 motum
1027 488 1271 542 uidemus,
1330 490 1384 529 ut
1437 488 1493 529 de

177 544 487 586 caelestibus
529 545 668 586 nulla
711 545 963 587 dubitatio
1001 548 1096 599 est,
1138 547 1297 587 restat
1332 545 1495 600 igitur

179 602 239 643 ait
281 604 334 643 ut
377 602 510 643 sicut
551 603 723 656 aliqua
760 617 949 657 semper
985 605 1267 658 mouentur,
1309 603 1384 644 ita
1426 603 1495 644 sit

138 659 373 714 &aliquid
405 674 599 713 semper
630 660 883 702 inmobile.
933 675 983 702 ex
1012 661 1079 702 his
1105 663 1152 702 ut
1178 661 1402 702 collectum
1427 661 1496 715 sit,

177 731 268 759 esse
300 717 459 771 aliquid
490 718 703 772 inmobile,
733 719 875 760 nullus
907 718 1052 760 obuiat
1081 719 1150 759 uel
1179 718 1348 759 refellit.
1394 726 1526 759 nam1

177 778 221 816 et
249 775 531 830 §ethiulsio
557 779 633 825 est,
664 779 705 817 et
731 778 869 817 sectae
894 775 1140 818 Platonicae
1165 790 1251 817 11011
1274 778 1494 830 repugnat,

176 847 309 886 neque
341 833 470 885 enim,
502 833 639 887 siquid
671 836 735 874 est
765 834 984 887 inmobile,
1016 834 1220 887 sequitur,
1250 836 1297 874 ut
1328 834 1408 875 hoc
1438 834 1495 874 sit

179 891 336 944 anima,
367 904 444 931 nec
475 891 546 945 qui
577 891 679 932 dicit
710 892 895 932 animam
926 905 976 932 οΧ
1007 906 1050 932 se
1080 890 1260 944 moueri,
1291 891 1378 932 iam
1408 905 1494 932 mo-

177 948 267 988 ueri
315 947 512 989 uniuersa
554 949 794 1002 confirmat,
843 949 912 990 sed
957 949 1130 990 modum
1166 948 1363 1002 adstruit,
1412 962 1495 1002 quo

178 1006 319 1046 anima
366 1007 578 1059 mouetur3
628 1006 664 1046 si
712 1006 810 1059 quid
857 1020 958 1047 uero
1008 1009 1072 1047 est
1120 1006 1234 1047 aliud
1279 1005 1526 1059 inmobile,l

177 1063 285 1103 nihil
322 1063 375 1104 ad
413 1063 511 1116 hoc,
553 1063 664 1117 quod
701 1064 751 1105 de
788 1064 929 1105 anima
967 1063 1214 1116 adstruitur,
1256 1063 1526 1116 pertinebitg

140 1119 290 1175 ‘lquod
321 1123 364 1162 et
393 1121 484 1174 ipse
514 1120 768 1162 Aristoteles
799 1121 946 1163 uidens
976 1124 1201 1175 postquam
1233 1120 1374 1162 docuit
1405 1134 1497 1161 esse

178 1178 339 1232 aliquid
381 1178 604 1233 inmobile,
645 1179 726 1220 1100
768 1193 859 1220 esse
904 1179 1088 1220 animam
1124 1179 1218 1219 uult
1253 1178 1412 1231 docere,
1454 1181 1526 1219 et.

177 1236 328 1290 incipit
359 1236 562 1290 adserere,
592 1236 700 1277 nihil
732 1251 836 1292 esse,
866 1237 976 1290 quod
1009 1251 1057 1278 ex
1089 1250 1133 1277 se
1164 1236 1324 1277 moueri
1347 1235 1526 1290 possit,
1520 1258 1526 1263 ·

178 1294 251 1335 sed
282 1294 440 1347 omnia,
477 1308 584 1348 quae
616 1298 857 1348 mouentur,
892 1295 944 1335 ab
977 1294 1059 1335 alio
1090 1294 1259 1335 moueri.
1320 1293 1428 1347 quod
1459 1294 1526 1335 si!

177 1365 276 1392 uere
300 1352 537 1406 probasset,
567 1351 677 1393 nihil
706 1353 759 1393 ad
783 1352 1063 1417 patrocinium
1088 1351 1332 1393 Platonicae
1358 1353 1526 1414 sectae}

177 1409 501 1464 relinqueretur3
533 1424 658 1464 quem
689 1409 742 1451 ad
772 1410 942 1451 modum
974 1410 1085 1451 enim
1117 1408 1229 1450 credi
1259 1411 1416 1463 posset,
1445 1422 1526 1450 οΧἔ
1519 1442 1526 1479 3

180 1481 224 1508 se
261 1467 422 1508 moueri
459 1468 659 1520 animam,
696 1467 732 1508 si
763 1470 990 1517 constaret,
1020 1467 1128 1508 nihil
1159 1480 1268 1520 esse,
1305 1466 1416 1520 quod
1446 1479 1526 1516 ex}

181 1539 225 1565 se
269 1524 406 1578 possit
446 1526 636 1567 moueri?
697 1525 742 1566 in
779 1525 858 1567 hac
895 1528 1036 1567 autem
1066 1524 1338 1566 Aristotelica
1373 1536 1496 1577 argu·
1519 1522 1526 1566 j

179 1583 441 1624 mentatione
495 1583 618 1624 huius
666 1583 780 1624 modi
830 1583 1049 1624 diuisionis
1097 1582 1201 1624 ordo
1249 1581 1496 1623 contexitur.

140 1639 237 1681 8οΧ
275 1640 522 1694 omnibus,
560 1655 684 1695 quae
721 1643 988 1682 mouentur
1023 1641 1160 1694 inquit
1196 1640 1295 1681 alia
1331 1653 1416 1693 per
1448 1648 1518 1680 se·

180 1702 463 1751 mouentur,
506 1699 607 1740 alia
644 1712 700 1739 ex
737 1698 999 1740 accidenti.
1066 1700 1114 1738 et
1151 1711 1208 1738 ex
1245 1695 1517 1739 accidenti,

180 1756 319 1809 inquit
355 1758 640 1810 mouentur,
679 1769 803 1810 quae
840 1769 945 1797 eum
981 1756 1093 1809 ipsa
1129 1769 1227 1796 non
1262 1767 1496 1796 mouean-

180 1816 279 1867 tur,
321 1814 372 1854 111
417 1827 471 1855 eo
513 1817 678 1855 tamen
721 1816 854 1867 sunt,
897 1813 1023 1879 quod
1065 1814 1308 1863 mouetur,
1350 1815 1404 1853 ut
1445 1811 1498 1852 in

181 1942 288 1969 cum
324 1943 440 1982 pars
478 1932 724 1984 mouetur,
762 1929 1051 1983 quiescente
1087 1927 1409 1982 integritate,
1443 1928 1500 1968 ut

275 2058 294 2087 1
319 2053 525 2088 immobilia
550 2053 621 2087 PB
732 2058 752 2088 2
779 2063 851 2088 non
874 2052 1042 2088 uidemus
1061 2052 1098 2087 Β
1209 2055 1230 2087 3
1254 2052 1406 2087 immota
1429 2051 1503 2087 PB

181 2104 203 2135 8
228 2101 422 2134 mouentur
445 2100 500 2135 ita
523 2098 569 2133 sit
594 2099 690 2143 ahqb
716 2099 777 2145 sep
802 2110 866 2134 om.
895 2096 944 2134 P'
1047 2101 1068 2132 9
1092 2102 1126 2134 et
1150 2101 1193 2133 12
1217 2097 1406 2133 immobile
1430 2097 1503 2133 PR:

183 2149 227 2180 10
250 2146 438 2181 immobile
465 2146 510 2189 P,
535 2156 600 2181 om.
625 2145 662 2180 Β
763 2145 925 2181 obuiat*
949 2145 985 2180 P
1083 2148 1125 2180 12
1150 2144 1205 2180 est
1228 2155 1294 2180 om.
1318 2144 1354 2179 B
1456 2147 1474 2179 1
1499 2190 1502 2191 ⁷

182 2192 313 2227 astruit
337 2193 373 2227 Β
457 2195 500 2227 15
525 2191 585 2226 sed
610 2191 698 2236 quld
722 2195 762 2227 ut
785 2192 861 2227 uid.
890 2189 939 2225 P'
1025 2193 1069 2226 15
1094 2194 1126 2227 et
1152 2195 1194 2226 18
1218 2189 1405 2226 immobile
1429 2191 1466 2227 P
1494 2231 1499 2233 ,

185 2243 228 2274 16
259 2238 430 2274 astruitur
458 2239 494 2273 Β
613 2241 656 2272 19
687 2237 838 2274 asserere
867 2238 905 2273 Β
1021 2240 1066 2272 20
1096 2237 1149 2272 l'et
1177 2237 1214 2271 B
1331 2239 1373 2272 21
1399 2247 1422 2272 a
1447 2235 1500 2272 1²1

182 2288 227 2319 25
253 2284 448 2322 diuisionel'
465 2281 514 2320 P'
586 2288 630 2320 27
657 2286 695 2321 et
719 2296 763 2321 ex
786 2285 967 2320 accidenti
991 2294 1056 2320 om.
1081 2283 1118 2318 B
