1526 2444
143 92 230 134 456
633 93 732 129 SAT.
757 91 887 128 LIBRI
910 91 979 128 Vn

147 199 344 240 citauerit
386 198 466 239 sibi
515 198 752 240 naturalem
801 199 1000 249 calorem,
1046 198 1275 240 animosius
1325 198 1463 239 cibum

147 256 319 310 adpetit.
380 255 692 297 consideremus
724 258 766 297 et
798 256 1000 298 animalia
1031 256 1235 310 sanguine
1267 256 1463 309 carentia,

106 311 253 367 5quae
286 314 448 354 nullum
474 313 615 354 cibum
641 316 846 368 quaerant
870 314 1046 368 penuria
1072 314 1234 355 caloris.
1295 326 1395 378 ergo
1427 314 1463 354 si

147 372 261 412 calor
287 385 452 424 semper
476 371 521 411 in
548 371 791 424 adpetentia
816 375 893 423 est,
922 372 1061 425 liquor
1085 373 1224 412 autem
1249 371 1463 436 proprium

146 428 298 470 caloris
329 429 576 469 alimentum
607 431 690 482 est,
725 429 832 470 bene
862 428 908 470 in
943 429 1067 470 nobis
1098 443 1192 470 cum
1229 443 1280 470 ex
1309 428 1463 470 ieiunio
1499 440 1516 466 5

145 487 313 540 corpori
342 486 600 527 nutrimenta
638 489 910 540 quaeruntur,
944 486 1166 540 praecipue
1197 486 1311 528 calor
1342 500 1463 527 suum
1524 524 1526 537 ἶ

143 544 350 596 postulat,
404 558 487 598 quo
543 546 714 597 accepto
775 558 928 598 corpus
982 557 1106 585 omne
1159 546 1373 585 recreatur
1423 545 1465 585 et
1523 551 1526 592 ,ὲ

144 601 375 655 patientius
407 604 601 656 expectat
632 601 818 643 cibatum
850 600 1116 643 solidiorem!

104 657 130 698 6
262 658 342 700 His
369 659 492 701 dictis
525 659 696 701 anulum
724 660 909 701 Auienus
934 659 984 701 de
1009 673 1154 700 mensa
1183 658 1361 712 rettulit,
1392 658 1463 712 qui
1521 646 1526 716 ξ

142 716 207 757 1111
239 717 288 757 de
320 717 569 758 breuissimo
607 717 801 759 dexterae
837 732 988 758 manus
1027 717 1160 770 digito
1191 719 1363 770 repente
1395 716 1462 757 de·
1483 722 1526 789 101

142 774 312 827 ciderat‚
343 789 520 829 cumque
552 790 577 816 a
606 775 899 828 praesentibus
942 777 1230 829 quaereretur,
1266 788 1338 815 cur
1369 787 1464 815 eum
1516 791 1526 863 ἶ

145 832 305 873 alienae
337 833 480 874 manui
511 837 554 873 et
584 832 732 886 digito,
764 835 806 873 et
836 847 921 873 non
950 832 1048 873 huic
1079 832 1309 886 gestamini
1340 831 1465 885 depu-

141 890 245 930 tatis
294 890 435 944 potius
483 891 704 944 insereret,
754 890 940 932 ostendit
983 904 1154 930 manum
1203 890 1370 930 laeuam
1413 903 1464 930 ex
1519 869 1526 944 1

104 946 127 986 7
145 947 319 988 uulnere
376 948 655 988 tumidiorem.
733 947 832 989 hinc
882 947 999 989 Horo
1049 950 1150 988 nata
1200 946 1462 1001 quaestionis
1521 945 1526 973 ¹

145 1005 328 1059 occasio,
366 1012 406 1046 et
443 1004 535 1046 ‘dio’
572 1005 711 1059 inquit
748 1004 904 1046 ‘Disari
944 1029 994 1035 —
1034 1005 1171 1046 omnis
1209 1004 1319 1045 enim
1357 1004 1462 1045 situs
1517 1007 1518 1010 ’

145 1062 333 1117 corporis
363 1063 547 1117 pertinet
578 1063 629 1104 ad
661 1063 811 1104 medici
841 1062 1070 1115 notionem,
1099 1065 1147 1103 tu
1179 1075 1279 1103 uero
1311 1061 1463 1103 doctri-

143 1134 244 1161 nam
276 1124 318 1162 et
348 1121 474 1175 ultra,
504 1135 630 1175 quam
661 1120 867 1161 medicina
895 1120 1108 1174 postulat,
1139 1121 1388 1160 consecutus
1419 1133 1463 1160 es

144 1201 202 1207 --
232 1178 311 1231 dic,
340 1178 531 1233 inquam,
568 1193 642 1219 cur
672 1178 753 1219 sibi
785 1179 1021 1219 communis
1059 1177 1260 1218 adsensus
1292 1177 1463 1218 anulum
1508 1184 1513 1194 ²

144 1235 190 1276 in
229 1235 364 1290 digito
396 1236 467 1290 qui
498 1236 673 1277 minimo
704 1235 865 1277 uicinus
898 1238 978 1288 est,
1010 1249 1134 1289 quem
1172 1235 1300 1276 etiam
1336 1233 1463 1275 medi-

144 1292 323 1334 cinalem
348 1296 515 1345 uocant,
542 1297 584 1335 et
610 1307 738 1334 manu
763 1292 987 1347 praecipue
1013 1292 1186 1334 sinistra
1211 1292 1463 1346 gestandum

144 1364 235 1391 esse
266 1350 515 1404 persuasit‘P'

104 1408 129 1449 8
253 1407 311 1449 Et
331 1408 524 1450 Disarius
551 1408 616 1449 ‘de
641 1408 721 1450 hac
745 1408 839 1462 ipsa
863 1408 1111 1462 quaestione
1131 1422 1268 1449 sermo
1294 1407 1464 1461 quidam

143 1465 196 1506 ad
226 1479 303 1507 nos
330 1466 383 1508 ab
410 1465 612 1522 Aegypto
644 1468 830 1520 uenerat,
861 1465 911 1507 de
943 1480 1025 1520 quo
1058 1465 1315 1518 dubitabam,
1345 1465 1464 1506 fabu-

143 1523 283 1565 lamne
315 1538 369 1565 an
400 1538 544 1565 ueram
575 1524 785 1565 rationem
815 1538 1032 1578 uocarem,
1063 1523 1134 1565 sed
1165 1523 1286 1564 libris
1318 1527 1463 1564 anato-

142 1582 348 1623 micorum
395 1584 547 1635 postea
600 1582 807 1623 consultis
857 1596 1003 1622 uerum
1052 1581 1237 1635 repperi,
1286 1594 1463 1622 neruum

143 1639 353 1692 quendam
385 1640 435 1680 de
466 1639 590 1682 corde
621 1642 769 1680 natum
799 1640 1010 1693 priorsum
1040 1652 1216 1694 pergere
1247 1652 1378 1692 usque
1410 1638 1464 1680 ad

143 1696 324 1751 digitum
359 1711 508 1738 manus
546 1697 743 1738 sinistrae
781 1697 958 1738 minimo
996 1697 1252 1751 proximum,
1295 1699 1336 1736 et
1377 1695 1464 1737 illic

142 1754 332 1796 desinere
374 1755 623 1809 inplicatam
665 1754 814 1796 ceteris
853 1754 1039 1796 eiusdem
1076 1754 1201 1808 digiti
1230 1753 1392 1804 neruis,
1423 1755 1464 1795 et

142 1811 236 1852 ideo
269 1813 407 1854 uisum
438 1813 671 1867 ueteribus,
707 1815 755 1854 ut
790 1813 862 1854 ille
900 1812 1057 1867 digitus
1089 1812 1214 1853 anulo
1245 1814 1464 1866 tamquam

143 1883 300 1910 corona
331 1870 681 1912 circumdaretur?
1488 1915 1491 1917 ,

102 1927 127 1968 9
257 1927 315 1968 Et
347 1927 488 1969 Horus
521 1927 654 1970 ‘adeo’
685 1928 823 1982 inquit
854 1927 1013 1969 ‘Disari
1042 1941 1190 1968 uerum
1221 1929 1286 1968 est
1316 1926 1388 1978 ita,
1417 1928 1464 1967 ut

142 1984 262 2036 dicis,
304 1982 541 2039 Aegyptios
579 1986 762 2039 opinari,
806 1987 854 2026 ut
904 1998 983 2039 ego
1025 1984 1262 2026 sacerdotes
1305 1998 1464 2038 eorum,

142 2056 245 2095 quos
270 2042 502 2096 prophetas
533 2045 701 2095 uocant,
732 2057 827 2085 cum
857 2043 903 2084 in
933 2042 1092 2097 templo
1118 2042 1321 2084 uidissem
1352 2042 1487 2084 circa'

234 2194 254 2224 2
279 2189 415 2235 appsnt
438 2190 475 2225 P
577 2193 599 2224 4
624 2190 828 2234 app&ent1a
852 2190 888 2224 P
987 2193 1029 2225 10
1054 2189 1253 2225 briuiffimo
1279 2189 1406 2237 dextre
1430 2188 1482 2236 P,

140 2240 200 2327 ἐξ
202 2236 359 2327 31111ξῖεὲ
379 2247 490 2272 manu
514 2236 551 2271 P
637 2240 678 2271 17
707 2235 949 2280 consequutus
968 2236 1005 2271 P
1084 2240 1127 2271 23
1153 2237 1278 2284 egipto
1304 2236 1341 2270 Ρ
1418 2237 1479 2270 32’
