1526 2444
157 27 242 69 616
455 28 603 67 ΟΟΜΜ.
627 28 679 64 IN
705 28 844 65 SOMN.
872 28 981 65 SCIP.
1006 28 1134 65 LIBRI
1151 29 1186 64 11

159 148 327 175 omnem
345 133 624 176 habitabilem
642 137 831 176 nostram
851 137 1044 177 extentae
1065 136 1276 190 chlamydi
1295 136 1471 178 similem
1524 142 1526 189 ζ

119 189 249 233 9esse
275 191 481 233 dixerunt.
541 191 643 233 item
676 192 772 246 quia
803 193 939 235 omnis
964 196 1089 246 terra,
1119 194 1164 235 in
1196 208 1278 248 qua
1309 196 1351 235 et
1376 193 1472 236 Oce·
1524 195 1526 227 i

159 263 262 290 anus
289 251 366 303 est,
390 249 442 290 ad
469 249 658 303 quemuis
684 251 905 292 caelestem
930 251 1131 293 circulum
1156 251 1276 306 quasi
1301 255 1473 293 centron

157 306 301 360 puncti
342 306 506 348 obtinet
548 307 705 361 locum,
746 309 980 350 necessario
1025 308 1075 350 de
1113 308 1279 350 Oceano
1323 307 1474 349 adiecit

157 364 240 417 qui
287 366 456 405 tamen
510 366 652 406 tanto
701 365 917 419 nomine,
972 380 1115 419 quam
1164 366 1232 407 sit
1278 380 1473 420 paruus,
1507 376 1526 403 5

158 421 308 462 uides.
368 436 468 463 nam
503 422 603 463 licet
640 423 750 476 apud
789 437 867 464 nos
905 423 1167 464 Atlanticum
1203 438 1335 477 mare,
1375 423 1475 464 licet

160 492 362 533 magnum
398 482 589 534 uocetur,
625 480 674 520 de
705 480 822 522 caelo
856 483 1000 522 tamen
1035 481 1359 534 despicientibus
1389 494 1473 522 non

158 539 299 590 potest
335 550 537 592 magnum
572 537 723 589 uideri,
764 552 858 579 cum
904 538 956 579 ad
994 539 1155 580 caelum
1193 539 1249 580 sit
1278 541 1391 579 terra
1422 538 1475 579 si-

92 595 146 635 10
160 608 302 649 gnum,
333 594 445 648 quod
475 595 607 636 diuidi
637 609 724 636 non
754 595 892 649 possit
921 596 966 636 in
996 598 1151 650 partes.
1210 596 1302 637 ideo
1335 597 1475 637 autem

158 654 295 693 terrae
343 652 531 694 breuitas
580 655 670 694 tam
719 653 943 708 diligenter
990 653 1216 707 adseritur,
1262 656 1311 694 ut
1353 653 1475 707 parui
1494 664 1526 690 ιο

159 709 423 763 pendendum
451 710 655 751 ambitum
687 710 826 752 famae
857 711 923 751 uir
953 711 1074 752 fortis
1105 711 1339 766 intellegat,
1371 724 1475 765 quae

158 768 201 808 in
231 770 320 808 tam
352 782 485 821 paruo
517 781 672 823 magna
703 782 793 809 esse
824 782 910 809 non
939 769 1106 822 poterit.

105 846 146 887 X
275 847 396 895 Quod
445 849 660 889 doctrinae
708 849 971 902 propositum
1020 863 1107 890 non
1149 849 1287 890 minus
1330 849 1373 890 in
1417 863 1477 889 se-

161 906 387 959 quentibus
425 906 645 960 apparebit
676 906 795 959 quin
826 907 993 959 etiam,
1031 906 1072 947 si
1103 907 1276 960 cupiat
1306 906 1475 960 proles

158 963 442 1004 futurorum
498 963 750 1005 hominum
811 963 1045 1016 deinceps
1105 963 1279 1005 laudes
1327 964 1473 1005 unius
1493 973 1526 1000 15

159 1021 399 1075 cuiusque
423 1023 650 1062 nostrum
677 1022 907 1074 acceptas
941 1035 965 1061 a
989 1020 1218 1074 patribus
1249 1021 1474 1074 posteris

158 1078 390 1133 prodere,
425 1081 594 1120 tamen
630 1080 836 1132 propter
867 1079 1130 1119 eluuiones
1163 1078 1476 1120 exustiones-

159 1150 248 1189 que
273 1138 540 1190 terrarum,
571 1150 690 1190 quas
721 1135 946 1177 accidere
977 1138 1201 1189 tempore
1233 1138 1368 1177 certo
1395 1150 1477 1177 ne-

158 1207 296 1235 cesse
328 1195 420 1247 est,
457 1207 555 1234 non
585 1194 727 1235 modo
758 1207 857 1235 non
885 1195 1137 1234 aeternam
1170 1193 1254 1235 sed
1283 1207 1341 1234 ne
1372 1193 1477 1235 diu-

158 1255 359 1292 turnam
415 1251 610 1305 quidem
666 1251 882 1304 gloriam
939 1251 1146 1305 adsequi
1199 1261 1526 1305 possumus.2‹1

118 1309 331 1350 2uirtutis
367 1308 554 1350 fructum
592 1309 760 1362 sapiens
795 1309 840 1349 in
877 1308 1135 1350 conscientia
1165 1308 1302 1363 ponit,
1338 1309 1476 1350 minus

158 1366 369 1421 perfectus
401 1367 444 1407 in
476 1366 630 1421 gloria,
663 1366 771 1407 unde
804 1364 944 1419 Scipio
974 1366 1275 1420 perfectionem
1307 1367 1477 1420 cupiens

159 1424 379 1465 infundere
409 1423 555 1478 nepoti
581 1426 728 1465 auctor
759 1425 834 1477 est,
863 1426 912 1464 ut
943 1425 1166 1465 contentus
1194 1423 1477 1465 conscientiae

118 1482 347 1536 3praemi0
402 1482 580 1536 gloriam
628 1495 714 1522 non
761 1482 960 1535 requirat.
1031 1482 1075 1522 in
1119 1496 1201 1535 qua
1243 1481 1477 1535 appetenda

160 1540 358 1594 quoniam
396 1539 477 1580 duo
517 1541 616 1580 sunt
646 1539 844 1589 maxime,
881 1553 987 1592 quae
1023 1539 1265 1592 praeoptari
1300 1539 1476 1592 possint,
1495 1548 1526 1576 25

158 1600 206 1638 ut
236 1601 277 1637 et
308 1612 433 1651 quam
458 1597 665 1638 latissime
695 1599 874 1651 uagetur
900 1599 942 1638 et
967 1611 1092 1650 quam
1118 1596 1354 1637 diutissime
1384 1611 1476 1650 per-

161 1657 342 1708 seueret,
389 1656 619 1709 postquam
662 1654 852 1708 superius
893 1654 942 1695 de
983 1653 1260 1695 habitationis
1307 1657 1477 1695 nostrae

160 1713 370 1767 angustiis
414 1712 655 1753 disserendo
698 1711 830 1753 totius
874 1713 1029 1765 terrae,
1072 1726 1178 1766 quae
1218 1711 1275 1752 ad
1316 1712 1478 1753 caelum

159 1771 304 1824 puncti
346 1771 485 1812 locum
529 1770 710 1824 optinet,
751 1769 970 1810 minimam
1016 1769 1225 1823 quandam
1274 1769 1415 1810 docuit
1453 1784 1478 1810 a

157 1829 293 1869 nostri
325 1828 493 1882 generis
518 1827 762 1869 hominibus
792 1827 1046 1880 particulam
1071 1826 1288 1879 possideri,
1318 1827 1475 1868 nullius
1495 1836 1526 1863 3ss

158 1899 258 1926 uero
316 1886 494 1939 gloriam
536 1885 604 1926 uel
652 1885 697 1926 in
738 1884 859 1925 illam
902 1887 1038 1926 totam
1077 1886 1242 1937 partem
1288 1884 1476 1938 potuisse

253 1991 271 2021 1
299 1986 447 2021 elamidi
472 1986 509 2020 Β
610 1990 630 2021 6
657 1986 834 2021 allanticfi
858 1986 903 2028 P,
928 1986 1172 2020 athlanticum
1196 1986 1232 2020 Β
1334 1989 1355 2020 8
1379 1986 1478 2021 terra

158 2034 263 2077 signu
287 2032 333 2066 fit
355 2032 425 2066 PB
564 2036 584 2066 9
611 2032 720 2076 possit
742 2044 780 2066 m
805 2032 930 2077 partes
949 2043 1013 2067 om.
1040 2032 1076 2066 P
1205 2036 1248 2067 10
1275 2031 1401 2067 breuia
1426 2030 1475 2066 P'

159 2080 326 2115 assentur
350 2079 386 2113 Β
471 2080 512 2112 15
538 2078 669 2113 demde
694 2079 731 2112 B
811 2082 853 2113 16
880 2077 1052 2122 acceptos
1075 2078 1111 2111 P
1192 2081 1234 2113 18
1260 2079 1359 2113 certo
1383 2079 1476 2112 tem-

159 2137 246 2172 pore
271 2126 307 2159 Β
390 2127 434 2160 20
459 2125 560 2170 glam
583 2122 630 2158 P'
714 2123 852 2167 alsequl
876 2124 913 2159 P
985 2123 1126 2169 possum
1148 2128 1229 2168 post
1251 2124 1400 2159 uirtutis
1419 2125 1477 2158 in·
1524 2167 1526 2171 ἢ

159 2173 305 2208 ductum
328 2172 369 2206 in
387 2171 424 2205 P
514 2174 559 2205 24
581 2180 744 2215 proemio
770 2171 807 2205 P
890 2174 975 2215 post
999 2181 1072 2214 qua
1097 2170 1180 2205 add.
1206 2169 1236 2204 86
1259 2173 1300 2205 ut
1322 2170 1397 2206 uid.
1424 2170 1461 2204 P

160 2218 369 2264 appetenda
392 2218 428 2252 Β
501 2220 544 2252 25
570 2216 717 2262 pobtan
741 2217 778 2251 P
845 2220 889 2252 28
914 2216 1117 2252 disserendo
1142 2227 1206 2252 om.
1235 2216 1272 2250 P
