1526 2444
498 57 514 92 1
541 60 563 92 4
598 56 633 91 Π
660 59 750 92 1-3
787 54 840 91 111
865 59 956 91 1—3
1309 53 1395 96 655

19 166 238 210 ‘naturali
269 179 481 208 summam
512 164 593 207 tibi
617 164 793 207 fatalem
820 163 1095 219 confecerint,
1124 163 1168 205 in
1194 165 1238 206 te
1263 177 1394 205 unum

14 221 178 283 {atque
219 225 266 267 in
307 227 431 267 tuum
470 238 625 266 nomen
665 238 710 266 se
747 225 842 266 tota
879 225 1099 265 conuertet
1135 222 1308 265 ciuitas:
1351 223 1395 263 te

15 302 23 317 τ
51 286 239 339 senatus,
270 286 314 325 te
340 297 487 326 omnes
513 283 628 337 boni,
652 284 695 324 te
722 282 839 338 socii,
863 284 907 324 te
933 281 1078 324 Latini
1102 281 1397 336 intuebuntur,

6 343 99 386 ‘'t-u
142 343 225 385 eris
268 357 397 397 unus,
439 342 485 384 in
530 356 613 397 quo
651 342 815 383 nitatur
852 341 1041 383 ciuitatis
1080 341 1214 396 salus,
1258 354 1307 382 ac
1342 353 1396 381 ne

11 405 35 455 J·
49 402 204 456 multa,
248 401 434 444 dictator
471 415 561 443 rem
598 400 816 456 publicam
855 400 1090 443 constituas
1129 401 1319 454 oportet,
1360 397 1398 440 si

15 460 202 516 ssimpias
241 461 579 516 propinquorum
617 474 770 502 manus
809 458 1036 515 effugeris?
1098 459 1169 501 hic
1200 472 1294 500 cum
1328 459 1438 501 ex-3

49 520 325 563 clamauisset
385 519 581 574 Laelius,
642 518 1036 574 ingemuissentque
1098 516 1397 560 uehementius

16 581 18 586 “
48 579 197 634 ceteri,
234 579 388 620 leniter
425 578 616 620 arridens
649 576 791 632 Scipio
831 576 903 619 ‘stl
943 577 1118 632 quaeso'
1156 576 1298 631 inquit
1328 575 1397 617 ‘ne

35 646 117 680 'me
149 652 171 680 e
203 652 354 680 somno
387 637 599 690 excitetis,
631 639 675 679 et
705 650 936 692 parumper
969 636 1112 678 audite
1144 638 1296 678 cetera.

11 754 13 756 -
169 718 252 762 Sed
285 734 368 775 quo
402 719 474 774 sis,
505 717 721 772 Africane,
754 718 937 760 alacrior
969 718 1022 760 ad
1047 718 1272 760 tutandam
1298 731 1388 759 rem
1401 717 1468 760 III

6 822 7 826 ,
47 779 284 833 publicam,
322 778 382 820 sic
419 777 598 819 habeto:
639 778 856 831 omnibus,
895 777 967 831 qui
1004 777 1190 832 patriam
1230 789 1397 818 conser-

6 846 8 857 '
47 838 248 880 uauerint
291 837 535 879 adiuuerint
579 836 794 890 auxerint,
844 838 1006 878 certum
1051 850 1143 878 esse
1188 836 1233 877 in
1276 835 1395 877 caelo

5 910 8 956 ζ
49 896 267 939 definitum
303 896 463 949 locum,
499 894 576 937 ubi
607 895 723 937 beati
755 909 861 937 aeuo
895 894 1157 950 sempiterno
1189 895 1397 936 fruantur.

6 967 7 977 ¹
47 955 158 997 nihil
196 958 262 997 est
293 955 406 996 enim
438 953 504 995 illi
533 954 718 1008 principi
749 954 845 1008 deo,
885 954 956 1009 qui
989 968 1158 996 omnem
1190 953 1396 995 mundum

5 1039 23 1072 ρ
49 1015 173 1070 regit,
205 1013 318 1069 quod
351 1013 521 1068 quidem
553 1013 597 1054 in
628 1013 754 1055 terris
780 1013 869 1068 fiat,
901 1013 1115 1068 acceptius
1142 1027 1270 1067 quam
1297 1025 1395 1054 con-

15 1088 19 1093 ’
48 1073 149 1116 cilia
187 1078 417 1127 coetusque
454 1071 676 1114 hominum
715 1072 805 1114 iure
844 1072 1009 1123 sociati,
1050 1085 1158 1127 quae
1197 1071 1395 1114 ciuitates

47 1134 269 1174 uocantur.
331 1131 484 1173 harum
515 1133 704 1173 rectores
736 1133 779 1173 et
810 1133 1136 1173 conseruatores
1167 1130 1267 1173 hinc
1298 1144 1395 1185 pro-

47 1191 151 1233 fecti
181 1191 265 1233 huc
296 1189 597 1232 reuertuntur?
652 1189 723 1232 hic
756 1203 848 1246 ego,
880 1190 961 1231 etsi
993 1204 1108 1232 eram
1140 1190 1437 1244 perterritus2

6 1256 7 1307 J
46 1264 136 1293 non
166 1253 258 1293 tam
288 1249 439 1291 mortis
472 1250 589 1291 metu
621 1262 748 1303 quam
779 1248 1034 1291 insidiarum
1066 1263 1091 1290 a
1116 1249 1236 1304 meis,
1269 1262 1396 1303 quae-

6 1311 23 1359 Ῑι
48 1309 132 1352 siui
174 1311 338 1362 tamen,
385 1307 608 1350 uiueretne
651 1308 744 1363 ipse
789 1310 832 1350 et
868 1307 1029 1350 Paulus
1067 1310 1191 1362 pater
1229 1309 1272 1349 ct
1311 1307 1396 1358 alii,

48 1382 156 1423 quos
187 1382 267 1410 nos
300 1367 511 1409 extinctos
543 1366 863 1409 arbitraremur.
925 1365 1072 1409 ‘immo
1104 1366 1223 1409 uero'
1256 1365 1397 1421 inquit

48 1425 109 1469 ‘hi
139 1427 306 1482 uiuunt,
337 1425 411 1481 qui
443 1440 465 1467 e
496 1440 723 1481 corporum
748 1425 904 1468 uinclis
929 1428 1153 1481 tamquam
1180 1440 1203 1468 e
1228 1439 1396 1468 carcere

6 1485 25 1541 ’Δ
48 1486 344 1540 euolauerunt,
381 1486 528 1527 uestra
564 1499 668 1527 uero
707 1499 814 1540 quae
852 1485 1008 1528 dicitur
1044 1485 1138 1527 uita
1169 1499 1285 1528 mors
1317 1486 1395 1527 est.

6 1560 8 1576 ι
48 1545 150 1600 quin
193 1547 243 1587 tu
288 1544 470 1599 aspicias
515 1543 568 1586 ad
611 1546 654 1586 te
692 1544 936 1587 uenientem
975 1544 1161 1586 Paulum
1197 1542 1394 1599 patrem.>

6 1604 23 1656 f*
49 1618 176 1658 quem
213 1606 261 1646 ut
292 1603 400 1659 uidi,
438 1603 634 1658 equidem
665 1603 753 1645 uim
785 1603 1058 1646 lacrimarum
1089 1602 1280 1659 profudi,
1319 1602 1436 1646 ille3

6 1677 8 1718 j
48 1666 192 1705 autem
229 1677 297 1704 me
336 1661 566 1717 conplexus
599 1664 727 1717 atque
760 1663 960 1704 osculans
990 1662 1091 1704 flere
1121 1661 1396 1717 prohibebat.

6 1730 8 1758 τ
47 1725 175 1777 atque
225 1735 323 1777 ego,
373 1723 421 1763 ut
469 1721 659 1776 primum
707 1721 811 1763 fletu
860 1735 1057 1777 represso
1108 1721 1228 1777 loqui
1268 1735 1395 1776 posse

6 1786 8 1834 ξ
46 1781 185 1836 coepi,
246 1779 439 1836 ‘quaeso'
502 1780 678 1834 inquam
741 1780 880 1836 ‘pater
942 1780 1211 1823 sanctissime
1267 1782 1395 1836 atque

6 1841 8 1857 l

141 1901 160 1931 1
188 1896 390 1932 confecerit
416 1894 466 1930 P'
560 1900 580 1930 2
608 1897 719 1940 atque
745 1907 784 1931 m
808 1900 1038 1933 euanuerunt
1061 1897 1103 1932 in
1129 1897 1165 1932 Β
1255 1900 1276 1932 5
1302 1909 1330 1932 r.
1357 1909 1393 1941 p.

5 1951 9 1999 Ιι
43 1944 88 1986 Ρ,
113 1955 176 1979 re·
231 1943 302 1978 -B
381 1947 401 1978 6
428 1942 560 1979 manus
580 1953 874 1988 propinquorum
898 1943 936 1978 Β
1014 1948 1035 1979 6
1061 1943 1319 1980 exclamamsse
1345 1943 1392 1979 B'

5 1977 9 2024 Ιι
45 1995 65 2027 7
90 1990 203 2026 lelms
226 1990 297 2025 ΡΒ
353 1993 374 2025 8
400 1989 535 2026 leuiter
559 1990 635 2026 BP
685 1992 721 2026 st
747 1991 898 2027 Iunius:
929 1990 959 2026 8z
984 1991 1028 2034 Ρ,
1055 1993 1093 2026 et
1116 1991 1153 2026 Β
1209 1994 1229 2025 9
1256 1993 1393 2027 exclta·

6 2026 9 2053 ¹
42 2038 95 2074 tis
113 2035 163 2073 P'
250 2038 289 2072 et
313 2048 512 2083 parumper
538 2037 762 2074 Bouhierus:
787 2037 817 2073 ὰ
842 2042 934 2095 parsi
961 2018 1041 2083 reb'3
1067 2038 1146 2073 BP
1223 2042 1267 2074 10
1294 2039 1393 2073 affu-

44 2096 135 2121 cane
159 2085 196 2119 Β
310 2096 373 2120 re·
387 2096 434 2130 p·
449 2085 521 2121 PB
638 2088 681 2119 14
706 2085 795 2129 de03.
816 2083 865 2120 P'
982 2067 1062 2132 qui]
1090 2096 1149 2132 q*
1173 2086 1270 2132 (funt
1292 2087 1330 2131 u)
1355 2086 1392 2120 Β

6 2144 10 2195 ἰ
45 2136 89 2168 16
115 2131 257 2181 cetufq3
285 2132 319 2177 (e
346 2132 425 2177 Β,ι
443 2133 528 2169 add.
555 2133 592 2178 b)
615 2132 651 2167 Β
722 2137 763 2168 17
784 2132 1019 2178 appellantur
1038 2134 1074 2169 Β
1146 2137 1188 2168 21
1212 2133 1397 2169 extmctos

6 2201 9 2243 ῗ
44 2203 116 2240 esse
141 2203 178 2238 Β
261 2203 387 2248 lnquit
411 2213 477 2239 om.
504 2200 553 2239 P'
639 2190 677 2250 (91
703 2203 742 2239 h1
767 2214 858 2240 corr.
884 2215 928 2241 eoe
952 2205 1018 2240 ubi
1042 2205 1083 2240 in
1109 2204 1158 2249 P)
1236 2207 1281 2238 22
1308 2207 1393 2239 ante

6 2275 9 2296 ς
44 2261 64 2286 e
89 2251 173 2287 add.
199 2250 229 2286 Sc
253 2249 301 2286 B'
417 2251 559 2296 tanqua,
583 2251 621 2286 P
718 2255 763 2287 23
790 2252 987 2288 euolarunt
1011 2252 1047 2287 Β
1133 2255 1179 2287 26
1206 2248 1337 2296 eoplex
1359 2251 1395 2286 P

6 2310 10 2379 ἰ
43 2301 87 2334 27
115 2308 186 2344 ego
211 2308 277 2335 om.
303 2297 340 2333 P
411 2302 455 2334 28
482 2309 565 2347 cepi
589 2298 626 2333 Β
