1526 2444
626 55 695 92 XX
721 59 814 91 3-8
1313 54 1398 98 221

46 164 230 220 pausia
259 164 434 220 paulia
465 163 640 206 radius
674 162 968 207 Sallentina
1000 163 1250 220 Sergiana
1282 163 1403 206 Ter-

47 225 222 275 mutia,
278 223 389 266 sicut
443 237 624 266 uuarum
673 222 759 266 ista
809 225 912 266 sunf.
941 237 1120 280 ‘genera
1168 222 1404 279 Aminea,

48 283 214 326 scilicet
257 297 282 324 a
325 282 521 339 regione,
564 297 665 324 nam
708 282 913 324 Aminei
955 283 1132 325 fuerunt
1173 283 1248 325 ubi
1289 289 1442 331 nunc7

48 341 322 384 Falernum
366 343 449 396 est,
496 341 737 384 asinusca
778 344 986 384 abrusca
1027 342 1290 384 albiuerus
1332 342 1403 384 al-

15 402 181 444 sbena
219 401 407 455 apiana
436 399 621 456 Apicia
660 401 945 443 bumamma
980 426 1029 431 —
1066 403 1141 443 aut
1170 403 1219 444 ut
1251 400 1404 444 Graeci

49 459 198 502 dicuni:
240 460 498 515 βούμασθος
541 484 597 490 -
637 459 881 503 duracina
917 460 1158 503 labrusca
1200 461 1404 503 melam-

48 518 248 574 psithia
291 518 523 561 Maronia
564 518 814 562 Mareotis
858 518 1185 562 Numentana
1232 519 1406 575 precia

49 578 283 632 pramnia
312 577 511 632 psithia
541 579 818 634 pilleolata
848 577 1050 622 Rhodia
1082 579 1403 634 sssephanitis

49 637 301 679 uenucula
332 636 534 680 uariola
564 637 740 694 lagea.'
812 637 928 680 inter
958 638 1066 681 haec
1097 637 1444 687 Praetextatusg

0 714 32 739 ιο
52 695 225 738 ‘uellem
260 694 457 738 Seruium
486 699 682 739 nostrum
707 696 867 739 diutius
900 696 1047 739 audire
1080 697 1153 738 sed
1184 697 1293 740 hora
1323 712 1403 740 nos

52 755 209 810 quietis
247 755 466 811 admonet,
503 757 552 797 ut
588 759 738 798 exorto
769 755 918 797 iubare
951 755 1123 811 eloquio
1156 754 1405 811 Symmachi

51 815 169 857 domi
201 828 301 856 suae
332 813 552 857 fruamur.'
614 817 743 871 atque
774 815 837 857 ita
867 813 985 857 faessa
1017 814 1221 858 discessio
1254 818 1333 859 est.

146 958 167 989 2
193 939 385 1001 Ammqnssa
409 953 446 989 Ρ
515 957 538 989 4
575 954 695 990 abena
714 954 752 990 P
831 959 851 990 6
871 955 1122 991 melamfithia
1143 955 1180 991 P
1255 958 1276 991 8
1296 956 1404 993 rotha

54 1002 90 1037 P
158 1006 179 1037 9
205 1002 416 1038 uennucula
440 1001 477 1037 P
550 1007 590 1038 11
618 1003 775 1039 exhorto
800 1004 843 1039 ni
867 1004 979 1047 fallor
998 1001 1046 1039 P'
