1526 2444
114 39 195 81 138
625 39 727 75 SAT.
752 39 882 75 LIBRI
904 40 938 75 11

110 147 176 200 ut,
213 146 351 200 siquid
389 159 440 187 ex
477 146 613 199 epulis
649 146 944 201 superfuisset,
980 146 1078 202 igne
1109 147 1438 188 consumeretur.

110 204 209 246 hinc
240 202 452 246 Catonis
483 203 601 245 iocus
633 206 708 246 est.
756 219 939 259 namque
964 204 1186 246 Albidium
1218 203 1441 258 quendam,

111 262 183 316 qui
219 262 331 303 bona
367 275 442 303 sua
480 262 733 304 comedisset
770 265 813 304 et
842 263 1074 305 nouissime
1105 262 1296 315 domum,
1333 275 1439 327 quae

114 320 152 360 ei
187 320 348 373 reliqua
387 321 495 373 erat,
530 320 723 362 incendio
759 320 1028 375 perdidisset,
1065 322 1274 375 propter
1308 319 1440 360 uiam

113 377 263 419 fecisse
304 376 487 418 dicebat:
532 378 660 432 quod
702 393 922 420 comesse
964 392 1062 420 non
1105 377 1349 433 potuerit,
1391 376 1439 417 id
1475 392 1492 420 5

114 434 478 477 combussisse'.
1496 448 1498 452 ’

73 494 102 536 5
233 491 512 546 Symmachus
562 492 709 535 deinde
759 493 910 536 ‘mater
953 494 1008 535 M.
1051 494 1174 535 Bruti
1223 491 1442 534 Seruilia

116 564 213 591 cum
243 551 480 604 pretiosum
511 565 606 593 aere
636 565 770 606 paruo
800 552 977 593 fundum
1010 551 1259 593 abstulisset
1289 565 1314 592 a
1339 549 1440 592 Cae-

116 622 208 649 sare
234 608 470 650 subiciente
494 609 644 651 hastae
669 610 782 651 bona
808 609 976 664 ciuium,
998 624 1083 651 non
1109 609 1259 664 effugit
1283 608 1441 650 dictum
1500 611 1503 614 ’

116 666 205 707 tale
231 665 445 708 Ciceronis
471 666 697 720 equidem
729 682 823 721 quo
855 667 1035 710 melius
1067 669 1284 721 emptum
1317 666 1441 708 scia·
1462 682 1494 708 ιο

114 724 200 775 tis,
249 725 566 779 comparauit
608 724 827 766 Seruilia
867 725 997 767 hunc
1039 725 1244 766 fundum
1286 723 1442 765 tertia
1500 738 1503 739 ⁷

115 781 339 824 deducta.
407 782 496 823 filia
533 785 674 824 autem
712 782 915 824 Seruiliae
953 786 1044 825 erat
1079 782 1225 825 Iunia
1261 781 1436 837 Tertia

115 839 343 894 eademque
376 838 419 881 G.
447 838 581 882 Cassii
611 855 730 895 uxor,
759 841 1007 883 lasciuiente
1040 841 1246 883 dictatore
1276 842 1366 881 tam
1397 839 1442 880 in

114 900 296 939 matrem
329 911 457 951 quam
488 899 534 940 in
564 899 761 953 puellam.
811 902 914 941 tunc
938 900 1149 941 luxuriam
1182 898 1294 939 senis
1326 897 1444 939 adul-

115 955 196 996 teri
233 955 385 997 ciuitas
424 956 602 1010 subinde
638 957 878 999 rumoribus
916 957 1106 1012 iocisque
1140 956 1359 1010 carpebat,
1394 957 1441 996 ut
1461 969 1493 996 15

115 1013 229 1054 mala
259 1027 346 1054 non
376 1015 544 1055 tantum
575 1015 686 1056 seria
715 1014 883 1057 forent'.

73 1072 100 1113 6
231 1070 335 1112 Post
363 1071 476 1114 hunc
508 1071 691 1115 Caecina
722 1073 905 1115 Albinus
937 1071 1175 1114 ‘Plancus
1210 1072 1255 1113 in
1285 1070 1439 1112 iudicio
1507 1115 1509 1118 Α

114 1128 224 1170 forte
267 1129 393 1170 amici
442 1144 536 1172 cum
580 1131 804 1172 molestum
846 1133 1001 1172 testem
1044 1130 1258 1172 destruere
1301 1129 1442 1179 uellet,

115 1187 415 1241 interrogauit,
458 1189 558 1243 quia
601 1191 787 1230 sutorem
831 1189 1007 1243 sciebat,
1049 1202 1132 1242 quo
1171 1187 1353 1230 artificio
1397 1200 1441 1228 se

114 1247 314 1287 tueretur.
388 1246 458 1287 ille
502 1246 662 1288 urbane
710 1246 928 1300 respondit
977 1246 1183 1301 gallam
1233 1245 1440 1299 subigo.
1460 1259 1493 1285 20

116 1302 325 1344 sutorium
351 1303 432 1345 hoc
456 1304 637 1345 habetur
656 1305 996 1358 instrumentum,
1022 1304 1134 1358 quod
1152 1318 1240 1345 non
1260 1302 1440 1344 infacete

115 1361 160 1401 in
214 1360 413 1402 adulterii
468 1362 835 1416 exprobrationem
887 1363 1168 1417 ambiguitate
1218 1361 1441 1403 conuertit.

116 1432 215 1459 nam
239 1418 424 1461 Plancus
457 1420 502 1461 in
528 1419 728 1462 Maeuia
753 1420 902 1462 Galla
921 1424 1056 1475 nupta
1080 1421 1190 1462 male
1216 1417 1439 1460 audiebat?

76 1477 99 1518 7
233 1474 410 1519 Secutus
460 1481 525 1518 est
572 1477 724 1520 Furius
769 1478 948 1520 Albinus
998 1478 1110 1532 post
1157 1476 1440 1519 Mutinensem

116 1533 274 1588 fugam
300 1536 598 1589 quaerentibus
635 1537 734 1590 quid
771 1539 917 1591 ageret
958 1535 1230 1589 Antonius,
1271 1549 1440 1589 respon—
1460 1545 1494 1572 25

117 1591 228 1633 disse
263 1593 488 1635 familiaris
527 1594 615 1635 eius
652 1594 883 1648 ferebatur,
921 1594 1050 1648 quod
1086 1594 1226 1636 canis
1263 1593 1312 1634 in
1348 1592 1439 1632 Ae-

116 1652 288 1703 gypto:
307 1651 442 1692 bibit
462 1654 510 1692 et
528 1651 681 1706 fugit,
713 1652 879 1705 quando
904 1652 948 1692 in
972 1651 1057 1693 illis
1082 1651 1327 1706 regionibus
1348 1663 1442 1691 con-

118 1709 204 1748 stat
215 1721 337 1750 canes
349 1711 474 1762 raptu
485 1709 788 1751 corcodilorum
800 1709 1025 1751 exterritos
1037 1723 1203 1751 currere
1215 1711 1257 1749 et
1269 1706 1441 1749 bibere'.

75 1767 102 1808 8
232 1766 486 1808 Eustathius
530 1766 678 1808 deinde
718 1766 909 1808 ‘Publius
951 1766 1166 1808 Mucium
1208 1767 1251 1807 in
1292 1765 1439 1820 primis
1519 1751 1526 1812 ξ

117 1823 366 1865 maliuolum
398 1839 492 1866 cum
523 1825 702 1866 uidisset
733 1825 858 1866 solito
890 1825 1125 1867 tristiorem
1157 1826 1241 1866 aut
1276 1823 1439 1865 Mucio
1459 1837 1493 1862 εο
1518 1826 1526 1892 ᾗ

117 1880 257 1935 inquit
286 1882 457 1923 nescio
490 1883 606 1936 quid
636 1883 939 1925 incommodi
970 1883 1185 1925 accessit
1216 1885 1300 1924 aut
1330 1895 1440 1922 nes-
1522 1925 1526 1944 a

119 1939 200 1981 cio
232 1941 309 1981 cui
341 1940 532 1993 aliquid
563 1940 715 1983 boni'.

210 2081 230 2111 2
258 2076 317 2111 hic
342 2078 379 2112 B
460 2081 482 2111 4
506 2077 600 2121 reliq
601 2078 707 2112 uerat
731 2077 900 2112 1ncend10
926 2074 972 2112 B'
1055 2081 1074 2112 7
1100 2086 1212 2111 marc]
1237 2076 1313 2111 PB
1398 2079 1442 2110 10
1519 2051 1526 2116 l

117 2132 264 2168 quoquo
290 2124 326 2158 Β
403 2122 549 2158 famaus
567 2089 614 2157 Β’
695 2127 737 2158 13
763 2135 824 2169 gal
849 2125 928 2159 BP
997 2125 1040 2157 15
1063 2122 1203 2166 10101sq.
1228 2126 1270 2157 ut
1293 2123 1368 2158 uid.
1394 2120 1440 2158 B'

117 2175 162 2205 23
187 2180 311 2205 meula
335 2171 371 2205 Β
429 2171 578 2218 ,pnupta
601 2170 643 2205 ‘m'
666 2171 777 2214 fallor
802 2171 849 2205 P'
911 2174 956 2206 26
981 2171 1107 2217 egipto
1127 2168 1163 2203 P
1217 2172 1261 2204 28
1280 2170 1386 2213 rapto
1409 2169 1445 2202 P

117 2240 350 2286 corcodrillo}
359 2240 402 2284 P,
417 2225 695 2286 grocoldilorum
708 2240 743 2275 Β
775 2244 819 2276 30
832 2250 991 2275 mocium
1001 2236 1046 2274 B'
1085 2242 1128 2274 31
1142 2237 1260 2274 nesolo
1273 2239 1394 2282 mqmt
1405 2237 1441 2272 Β
