1526 2444
131 70 217 112 244
625 69 723 106 SAT.
748 70 876 106 LIBRI
899 70 970 106 IIII

65 178 117 220 16
131 177 324 219 nascitur
373 178 540 231 praeter
590 176 695 219 haec
738 176 789 218 de
831 177 1051 218 nimietate
1087 177 1155 218 uel
1199 177 1455 218 amatorium
1525 182 1526 185 ’

130 235 199 276 uel
231 235 406 277 alterius
437 234 603 290 generis
633 234 791 289 pathos

189 316 226 357 si
258 315 364 356 mihi
394 329 480 357 non
509 314 614 357 haec
644 315 717 356 lux
748 317 841 357 toto
874 316 960 357 iam
991 316 1161 370 longior
1192 329 1302 357 anno
1333 317 1398 356 est

132 399 175 437 et
205 396 310 437 illud
342 410 533 438 seorsum

411 477 548 518 maria
579 480 677 518 ante
708 490 881 518 exurere
912 477 1067 531 Turno,
1492 496 1509 521 5

190 549 318 589 quam
350 548 493 578 sacras
524 534 694 576 dabitur
724 535 861 589 pinos,

131 595 174 634 et

411 665 500 693 non
531 650 568 692 si
598 650 796 692 tellurem
827 650 1016 691 effundat
1046 650 1090 691 in
1121 649 1267 691 undas.

65 734 116 775 17
133 731 455 785 exclamatio,
498 745 604 785 quae
643 731 753 785 apud
792 730 977 772 Graecos
1016 729 1260 784 ἐκφώνησις
1295 730 1460 784 dicitur,
1520 758 1526 781 ‚2

135 792 279 830 mouet
314 789 480 842 pathos,
537 789 643 830 haec
679 789 728 830 fit
764 789 976 830 interdum
1008 803 1058 830 ex
1087 802 1268 842 persona
1297 790 1460 843 poetae,
1478 808 1513 833 10

131 861 218 888 non
261 861 495 901 numquam
539 861 589 888 ex
631 847 784 900 ipsius,
834 861 959 901 quem
1001 846 1164 888 inducit
1205 846 1461 900 loquentem.
1516 859 1526 923 1·

67 907 119 949 18
137 918 186 945 ex
210 907 361 958 poetae
394 904 564 958 quidam
595 918 780 958 persona
810 906 876 946 est

191 984 369 1027 Mantua
398 999 478 1026 uae
510 985 692 1026 miserae
723 985 904 1026 nimium
935 985 1077 1026 uicina
1108 983 1359 1026 Cremonae!

194 1043 363 1084 infelix!
396 1045 624 1097 utcumque
654 1043 794 1084 ferent
824 1057 873 1085 ea
903 1043 1016 1084 facta
1045 1044 1234 1097 nepotes,

196 1101 356 1142 crimen
386 1115 505 1142 amor
535 1101 741 1142 uestrum!
1480 1083 1526 1145 1⁵·³

71 1186 123 1227 19
139 1183 180 1223 et
212 1181 298 1223 alia
329 1181 494 1223 similia.
556 1195 606 1222 ex
636 1195 820 1235 persona
851 1195 950 1222 uero
983 1180 1154 1222 alterius

420 1239 463 1280 di
493 1239 623 1294 capiti
653 1239 788 1294 ipsius
820 1238 1046 1293 generique
1070 1239 1303 1280 reseruent!

138 1299 182 1338 et

420 1354 474 1408 di,
503 1354 609 1396 talia
639 1352 762 1395 Grais

192 1413 441 1467 instaurate,
470 1412 541 1466 pio
574 1411 610 1453 si
640 1425 799 1465 poenas
831 1426 903 1453 ore
933 1413 1127 1466 reposco!

139 1473 182 1512 et
418 1527 460 1568 di
490 1528 621 1568 talem
651 1527 777 1569 terris
810 1528 990 1569 auertite
1016 1530 1200 1582 pestem!

66 1614 122 1656 20
137 1609 351 1651 contraria
392 1608 490 1650 huic
525 1608 688 1663 figurae
726 1608 1042 1663 ἀποσιώπησις,
1086 1609 1199 1663 quod
1237 1612 1302 1650 est
1337 1609 1461 1650 taci-

135 1667 376 1708 turnitas.
435 1680 536 1708 nam
572 1668 621 1707 ut
656 1667 744 1708 illic
782 1667 925 1720 aliqua
962 1666 1235 1708 exclamando
1272 1666 1463 1720 dicimus,

135 1725 198 1766 ita
241 1725 309 1766 hic
346 1724 489 1778 aliqua
524 1724 703 1766 tacendo
741 1724 1031 1778 subducimus,
1074 1738 1180 1778 quac
1218 1727 1362 1766 tamen
1399 1724 1460 1766 in-

67 1782 336 1836 21tellegere
378 1782 514 1836 possit
557 1781 734 1823 auditor.
808 1782 888 1823 hoc
932 1784 1074 1823 autem
1115 1782 1338 1836 praecipue
1379 1781 1460 1823 ira—

138 1840 353 1881 scentibus
385 1839 598 1892 conuenit,
628 1842 676 1881 ut
706 1839 929 1893 Neptunus
1504 1838 1507 1840 ’

231 1992 251 2022 3
278 1987 393 2031 eclog.
419 1987 487 2022 VII
511 1990 556 2022 43
634 1990 655 2021 5
679 1987 769 2022 Aen.
794 1987 897 2022 V1111
924 1991 989 2022 115
1061 1993 1082 2024 8
1107 1988 1156 2023 ib.
1182 1988 1249 2023 XII
1276 1991 1345 2024 204
1417 1991 1459 2022 13

138 2033 253 2078 eclog.
279 2032 383 2067 VIIH
406 2036 451 2068 28
525 2036 567 2067 14
592 2036 680 2069 Aen.
706 2033 756 2068 VI
775 2037 842 2069 823
917 2038 957 2069 15
983 2034 1031 2070 ib.
1052 2035 1084 2070 X
1106 2038 1171 2070 188
1247 2039 1288 2070 17
1308 2034 1356 2069 ib.
1381 2034 1462 2070 VIII

138 2083 207 2114 484
281 2082 322 2113 19
348 2079 396 2114 ib.
423 2079 474 2114 VI
499 2083 565 2114 529
637 2083 682 2114 22
707 2080 756 2115 ib.
781 2079 832 2113 III
861 2084 928 2115 620

233 2222 253 2252 9
280 2218 454 2253 ecfonefif
472 2219 509 2253 P
590 2222 633 2253 13
658 2228 704 2253 ue
728 2218 764 2253 P
840 2223 881 2255 17
907 2219 1064 2254 reseruet
1090 2219 1139 2254 P'
1219 2223 1263 2254 20
1287 2219 1403 2264 penas
1426 2218 1461 2253 P

140 2267 184 2299 23
209 2264 429 2310 aposlopesls
449 2265 486 2300 Ρ
551 2268 595 2300 26
620 2267 743 2310 pcipie
771 2263 819 2300 P'
1340 2275 1342 2277 ·
1483 2291 1486 2293 Α
