1526 2444
159 58 245 100 532
457 57 603 93 ΟΟΜΜ.
628 57 680 93 IN
705 57 851 94 SOMN.
875 58 985 94 SCIP.
1010 58 1137 95 LIBRI
1160 59 1176 94 Ι

158 163 282 205 Plato
327 164 496 205 notauit
538 164 581 204 in
618 163 842 205 Phaedone
879 163 1064 205 animam
1099 165 1141 206 in
1179 179 1329 219 corpus
1365 167 1477 208 trahi

158 236 272 264 noua
322 222 525 262 ebrietate
574 221 877 275 trepidantem,
931 223 1077 263 uolens
1125 237 1282 264 nouum
1329 228 1477 277 potum

160 279 397 320 materialis
430 278 657 320 alluuionis
682 279 884 333 intellegi,
916 294 996 333 quo
1022 279 1209 335 delibuta
1235 283 1276 322 et
1301 284 1478 335 grauata

121 337 390 378 Scleducitur.
440 337 582 377 arcani
613 336 738 377 huius
768 336 970 378 indicium
1001 340 1064 378 est
1095 341 1138 379 et
1166 337 1312 380 Crater
1337 338 1478 381 Liberi

159 395 294 448 patris
338 394 410 434 ille
448 394 633 434 sidereus
669 394 713 434 in
753 393 942 448 regione,
981 409 1086 449 quae
1122 395 1234 436 inter
1271 394 1477 438 Cancrum
1515 409 1526 435 5

161 455 228 493 est
254 454 296 493 et
319 451 503 493 Leonem
528 452 704 505 locatus,
730 452 979 492 ebrietatem
1003 453 1091 493 illie
1110 453 1292 506 primum
1313 454 1478 495 descen-

95 515 98 517 ’
161 510 270 551 suris
309 510 461 551 animis
499 509 667 558 euenire
705 508 1044 559 sima-influente
1075 510 1334 564 significans,
1370 512 1478 553 unde

160 571 204 609 et
252 580 391 609 comes
437 567 654 608 ebrietatis
699 567 858 608 obliuio
896 567 984 608 illic
1021 567 1171 608 animis
1209 568 1358 622 incipit
1393 569 1479 610 iam

121 625 343 666 9latenter
380 625 591 678 obrepere.
652 639 751 665 nam
791 624 827 664 si
865 625 1029 665 animae
1065 625 1310 666 memoriam
1340 641 1479 668 rerum

161 683 419 735 diuinarum,
459 697 638 736 quarum
674 683 719 722 in
756 683 870 723 caelo
906 685 1028 723 erant
1058 684 1266 736 consciae,
1307 684 1358 724 ad
1390 699 1479 725 cor-
1500 696 1526 721 1(

160 755 264 795 pora
308 754 439 794 usque
485 739 712 794 deferrent,
752 740 871 780 nulla
906 740 1017 781 inter
1053 740 1246 782 homines
1283 741 1394 782 foret
1430 742 1480 782 de

162 798 385 839 diuinitate
438 798 660 850 dissensio,
711 797 782 838 sed
826 797 1082 838 obliuionem
1126 798 1293 851 quidem
1336 813 1481 841 omnes

162 855 450 897 descendendo
481 855 692 908 hauriunt,
727 855 834 896 aliae
865 869 965 896 uero
997 855 1152 909 magis,
1189 856 1330 897 minus
1362 857 1482 898 aliae.

163 916 206 955 et
249 913 342 954 ideo
389 913 431 954 in
476 913 600 954 terris
643 927 790 953 uerum
827 927 922 953 cum
958 926 1043 954 non
1079 913 1272 954 omnibus
1309 915 1482 968 liqueat,

163 974 309 1012 tamen
347 970 575 1024 opinantur
605 984 749 1011 omnes
781 970 879 1023 quia
911 970 1122 1023 opinionis
1155 973 1272 1011 ortus
1303 975 1368 1013 est
1397 986 1481 1013 me·
1503 983 1526 1008 ιε

96 1028 152 1070 10
167 1029 324 1071 moriae
356 1027 554 1069 defectus.
614 1027 659 1068 hi
689 1030 832 1069 tamen
862 1028 942 1069 1100
973 1028 1109 1082 magis
1141 1028 1382 1083 inueniunt,
1412 1030 1483 1083 qui

164 1087 302 1129 minus
334 1085 562 1127 obliuionis
592 1085 838 1140 hauserunt,
869 1086 969 1139 quia
998 1085 1122 1126 facile
1147 1086 1507 1140 reminiscuntur,.

165 1145 276 1199 quod
306 1145 393 1185 illic
420 1146 516 1184 ante
542 1143 832 1198 cognouerint.
879 1143 978 1184 hinc
1003 1145 1080 1197 est,
1110 1143 1219 1197 quod
1244 1158 1349 1197 quae
1374 1145 1485 1198 apud

164 1203 339 1244 Latinos
364 1201 504 1253 lectio,
530 1201 639 1254 apud
665 1200 850 1242 Graecos
874 1203 1053 1242 uocatur
1076 1201 1258 1254 repetita
1283 1203 1484 1256 cognitio,

167 1261 266 1314 quia
291 1274 384 1301 cum
410 1273 510 1300 uera
536 1258 747 1312 discimus,
780 1273 828 1299 ea
853 1258 1204 1313 recognoscimus,
1234 1273 1339 1312 quae
1365 1262 1485 1301 natu·
1502 1273 1526 1297 2(

167 1318 311 1358 raliter
348 1330 619 1370 noueramus‚
655 1316 772 1370 prius
811 1330 937 1370 quam
976 1316 1207 1358 materialis
1238 1317 1410 1358 influxio
1441 1317 1486 1358 in

99 1374 151 1415 11
168 1390 319 1429 corpus
361 1374 578 1415 uenientes
623 1374 784 1415 animas
829 1374 1021 1415 ebriaret.
1090 1374 1193 1415 haec
1236 1378 1301 1415 est
1344 1377 1485 1416 autem

165 1434 276 1488 hyle,
302 1446 408 1486 quae
435 1445 559 1473 omne
587 1445 737 1485 corpus
762 1432 919 1486 mundi,
948 1431 1060 1485 quod
1084 1432 1334 1486 ubicumque
1359 1431 1485 1474 cerni-

167 1505 275 1544 mus,
306 1490 411 1531 ideis
444 1490 635 1543 inpressa
664 1489 877 1531 formauit.
938 1490 1010 1530 sed
1041 1489 1251 1531 altissima
1281 1493 1323 1531 et
1353 1491 1485 1544 puris-

168 1550 276 1591 sima
293 1562 391 1602 pars
411 1548 513 1600 eius,
532 1561 614 1601 qua
633 1547 701 1588 uel
720 1549 1013 1588 sustentantur
1033 1547 1177 1589 diuina
1195 1548 1265 1588 uel
1281 1551 1488 1602 constant,
1506 1559 1526 1586 21

167 1609 317 1648 nectar
347 1607 523 1647 uocatur
554 1607 596 1645 et
624 1605 807 1646 creditur
833 1619 923 1646 esse
948 1607 1075 1659 potus
1101 1605 1286 1659 deorum,
1316 1605 1490 1647 inferior

169 1679 270 1706 uero
315 1666 441 1718 atque
484 1662 693 1704 turbidior
735 1665 860 1716 potus
904 1663 1152 1705 animarum.
1218 1665 1260 1704 et
1296 1663 1376 1705 1100
1413 1666 1489 1717 est,

98 1721 157 1762 -12
173 1722 283 1776 quod
326 1725 490 1762 ueteres
527 1719 761 1761 Lethaeum
802 1720 979 1761 fluuium
1015 1723 1285 1762 uocauerunt.
1350 1722 1489 1775 ipsum
1523 1745 1526 1775 3

1520 1797 1526 1826 2

199 1864 202 1867 ·
263 1849 281 1879 1
309 1846 495 1892 phedrone
521 1845 564 1888 P,
589 1845 775 1890 phedrone
801 1856 890 1881 corr.
915 1856 959 1881 ex
981 1845 1160 1890 phetrone
1184 1845 1219 1879 Β
1332 1848 1352 1879 3
1378 1846 1490 1880 mete·
1518 1841 1526 1883 1

168 1892 271 1926 riahs
293 1891 501 1927 ablumoms
521 1890 567 1925 B'
652 1895 674 1925 4
699 1891 848 1927 archani
874 1892 910 1926 P
989 1895 1009 1925 9
1035 1891 1200 1936 obripere
1224 1891 1260 1926 Β
1339 1895 1381 1926 10
1406 1902 1491 1927 0011-
1517 1891 1526 1897 '

169 1972 321 2018 scientle
347 1973 383 2007 Β
454 1972 502 2006 ad
522 1982 677 2015 corpora
693 1972 805 2015 usque
826 1972 1009 2007 deferrent
1027 1983 1092 2007 om.
1112 1973 1148 2007 B
1226 1975 1267 2006 12
1294 1949 1442 2008 dni'slan
1461 1972 1496 2007 P

217 2017 385 2053 dissentio
411 2017 455 2052 f&
473 2018 508 2052 Β
578 2022 620 2052 13
647 2020 793 2052 annunt
817 2017 864 2053 B'
930 2021 974 2052 15
999 2018 1220 2062 oppmantur
1242 2019 1278 2054 B
1345 2023 1386 2054 18
1406 2019 1510 2060 hinc?

172 2064 225 2099 est
243 2068 275 2099 et
290 2066 332 2098 19
347 2064 444 2107 apud
459 2063 620 2099 Graecos
633 2068 859 2100 euanueruwt
868 2065 909 2099 in
921 2064 956 2099 Β
1005 2067 1049 2098 20
1063 2075 1149 2108 quia
1162 2075 1244 2099 cum
1256 2075 1344 2100 uera
1355 2076 1492 2100 euomu-

170 2114 277 2146 erunt
300 2111 341 2144 in
365 2110 401 2144 Β
471 2110 764 2155 recognoscimus
785 2114 943 2154 (praeter
967 2111 1140 2155 recogno)
1162 2120 1256 2155 quae
1275 2111 1493 2147 naturaliter

170 2159 399 2192 euanuerunt
423 2157 464 2191 in
489 2156 525 2191 Β
614 2160 656 2190 21
684 2156 915 2191 matheriahf
939 2155 988 2190 P'
1078 2160 1122 2191 23
1147 2157 1296 2201 ubicfiq3
1322 2157 1358 2191 Β
1446 2160 1490 2192 25

171 2202 311 2238 constat
333 2200 379 2236 B'
483 2206 528 2238 27
554 2203 665 2246 atque
690 2203 743 2238 B.-
767 2202 798 2237 85
820 2203 857 2238 Ρ
942 2206 986 2237 28
1011 2203 1174 2238 letheum
1199 2203 1247 2237 P'
1337 2213 1490 2239 uocaue-

170 2249 258 2284 runt
270 2258 440 2285 ******
458 2250 470 2293 ΙΙ
489 2248 605 2293 lpsum
629 2249 666 2283 P
1494 2253 1500 2262 ³
