1526 2444
134 49 221 91 450
623 51 723 87 SAT.
750 51 878 87 LIBRI
900 51 968 86 VlI

134 155 329 209 partibus
379 156 432 196 ad
481 156 719 198 satietatem
768 157 872 199 dicit
920 157 1194 212 abutendum,
1247 158 1454 212 optimum

135 213 281 254 uinum
312 213 402 253 sine
433 213 560 255 dubio
592 214 850 270 significans,
880 216 990 270 quod
1023 216 1067 256 in
1097 215 1201 257 dolii
1230 215 1455 258 medietate

136 271 398 312 consisteret.
463 270 537 312 sed
580 274 623 312 et
664 272 744 314 hoc
786 286 864 313 usu
900 273 1126 327 probatum
1165 275 1245 327 est,
1284 274 1327 314 in
1364 273 1454 315 oleo

137 328 343 381 optimum
387 342 495 379 esse,
538 329 648 382 quod
691 332 955 385 supernatat,
996 331 1042 371 in
1077 330 1220 385 melle,
1263 330 1374 385 quod
1411 332 1455 371 in

136 385 222 426 imo
262 388 338 426 est.
399 400 553 439 quaero
590 386 738 441 igitur,
776 402 848 428 cur
879 388 1036 442 oleum,
1074 388 1183 442 quod
1214 389 1259 428 in
1290 402 1453 429 summo
1489 401 1526 427 5«

138 444 214 496 est,
245 446 390 483 uinum
415 444 526 497 quod
552 444 598 485 in
623 445 773 499 medio,
804 446 888 486 mel
914 445 1026 500 quod
1050 446 1096 486 in
1120 445 1263 500 fundo,
1294 446 1455 499 optima

138 514 230 541 csse
261 500 536 542 credantur?'
1520 530 1526 553 ,¹

70 556 124 598 14
253 557 343 600 Nec
379 561 599 600 cunctatus
630 558 824 601 Disarius
856 559 917 601 ait
947 559 1068 615 ‘mel‚
1106 560 1216 614 quod
1247 561 1454 615 optimum

138 618 214 669 est,
238 616 400 670 reliquo
426 617 703 671 ponderosius
729 619 804 671 est,
829 617 873 658 in
899 632 1000 659 uase
1025 618 1156 672 igitur
1180 618 1319 659 mellis
1343 633 1455 672 pars,

138 687 245 727 quae
287 674 331 714 in
374 675 459 715 imo
504 676 585 728 est,
628 675 775 728 utique
817 678 1010 729 praestat
1052 675 1232 730 pondere
1276 679 1319 716 et
1360 675 1454 717 ideo
1475 687 1508 713 ιο

141 734 397 785 supernante
434 732 662 785 pretiosior
699 735 774 775 est.
834 736 980 774 contra
1016 733 1059 774 in
1095 747 1198 774 uase
1234 733 1323 774 uini
1359 748 1457 787 pars

137 789 311 830 inferior
355 789 612 830 admixtione
655 790 784 832 faecis
821 804 907 832 non
944 791 1069 832 modo
1105 791 1349 832 turbulenta
1386 790 1458 831 sed

138 849 182 887 et
213 860 362 900 sapore
393 846 576 889 deterior
606 849 682 901 est,
712 862 812 901 pars
843 862 944 889 uero
977 862 1141 890 summa
1166 848 1276 889 aeris
1301 848 1457 889 uicinia

72 902 124 944 15
140 905 434 958 corrumpitur,
466 905 582 946 cuius
613 905 871 947 admixtione
902 906 951 946 fit
976 905 1158 946 dilutior.
1213 905 1322 946 unde
1348 907 1457 960 agri-

140 962 255 1003 colae
298 962 412 1003 dolia
449 976 535 1003 non
571 963 761 1004 contenti
799 963 877 1004 sub
918 965 1030 1004 tecto
1068 963 1307 1016 reposuisse
1345 963 1456 1004 defo·
1477 965 1526 1026 1ῡῇ

140 1019 261 1060 diunt
321 1022 363 1060 et
423 1020 694 1073 operimentis
759 1020 1017 1062 extrinsecus
1076 1020 1209 1061 inlitis
1263 1021 1459 1062 muniunt

138 1080 406 1119 remouentes
437 1077 481 1118 in
512 1080 716 1131 quantum
747 1078 840 1119 fieri
870 1081 1013 1131 potest
1044 1093 1069 1119 a
1098 1078 1198 1119 uino
1230 1078 1340 1119 aeris
1366 1091 1459 1119 con-

140 1135 373 1189 tagionem,
417 1150 442 1176 a
485 1149 566 1188 quo
610 1138 697 1176 tam
740 1135 961 1177 manifeste
1002 1135 1184 1176 laeditur
1225 1137 1273 1176 ut
1309 1135 1380 1176 uix
1417 1149 1460 1176 se
1514 1177 1518 1181 ,

139 1195 310 1234 tueatur
357 1193 401 1233 in
448 1206 549 1234 uase
591 1193 716 1246 pleno
766 1196 808 1233 et-
849 1193 942 1234 ideo
987 1193 1074 1234 aeri
1116 1193 1257 1234 minus
1303 1193 1461 1246 peruio.
1514 1188 1516 1199 '

74 1249 127 1290 16
141 1253 324 1291 ceterum
370 1250 406 1291 si
445 1249 542 1291 inde
579 1250 770 1291 hauseris
809 1254 851 1292 et
888 1251 1025 1292 locum
1064 1251 1173 1292 aeris
1212 1250 1460 1291 admixtioni

141 1308 403 1361 patefeceris,
433 1308 655 1360 reliquum,
688 1307 799 1361 quod
830 1308 1046 1362 remansit,
1077 1322 1202 1350 omne
1233 1307 1462 1362 corrumpi-

141 1372 221 1406 tur.
281 1365 419 1406 media
462 1365 593 1420 igitur
634 1379 734 1420 pars
780 1368 984 1419 quantum
1028 1381 1052 1407 a
1088 1365 1271 1407 confinio
1310 1365 1462 1408 summi

142 1423 382 1478 utriusque,
416 1425 583 1464 tantum
615 1438 639 1464 a
670 1437 780 1464 noxa
811 1426 974 1466 remota
1005 1426 1087 1476 est,
1107 1424 1239 1477 ²quasi
1269 1437 1346 1464 nec
1376 1426 1462 1464 tur-

142 1481 320 1522 bulenta
349 1495 427 1522 nec
458 1480 617 1522 diluta.'

76 1537 127 1578 17
259 1538 428 1580 Adiecit
447 1537 637 1580 Auienus
658 1538 753 1579 ‘cur
772 1538 915 1579 eadem
934 1539 1051 1592 potio
1071 1539 1276 1580 meracior
1295 1538 1463 1579 uidetur
1495 1578 1499 1582 .

143 1596 296 1650 ieiuno,
327 1611 452 1650 quam
484 1597 535 1648 ei,
567 1596 640 1650 qui
671 1596 812 1637 cibum
845 1595 1076 1650 sumpsit?'
1137 1598 1179 1637 et
1208 1596 1280 1637 ille
1311 1595 1463 1637 euenas
1503 1645 1507 1648 ²

143 1654 286 1695 inedia
315 1654 563 1708 uacuefacit,
595 1654 795 1695 saturitas
828 1654 1023 1696 obstruit.
1070 1653 1202 1707 igitur
1227 1667 1322 1695 cum
1345 1653 1463 1708 potio

143 1726 220 1766 per
250 1712 502 1753 inanitatem
532 1711 701 1765 penitus
731 1711 883 1763 influit,
917 1712 1015 1765 quia
1044 1725 1131 1753 non
1162 1712 1336 1753 obtusas
1369 1711 1463 1752 cibo

145 1783 275 1811 uenas
313 1770 493 1824 inuenit,
528 1783 664 1824 neque
699 1769 750 1810 fit
785 1769 1042 1810 admixtione
1080 1768 1270 1823 dilutior,
1312 1771 1354 1809 et
1390 1782 1464 1822 per

145 1841 326 1868 uacuum
356 1841 501 1869 means
533 1829 709 1881 gustatu
739 1827 916 1868 fortiore
947 1825 1153 1868 sentitur?

80 1881 133 1923 18
265 1883 379 1926 ‘Hoc
427 1899 593 1939 quoque
644 1884 859 1926 sciendum
901 1884 1006 1925 mihi
1047 1882 1132 1926 est'
1175 1883 1362 1925 Auienus
1405 1883 1465 1924 ait

150 1942 243 1983 ecur
281 1943 354 1995 qui
391 1943 578 1983 esuriens
617 1942 773 1983 biberit
810 1942 1138 1996 aliquantulum,
1180 1941 1335 1982 famem
1372 1940 1463 1982 sub·
1496 1987 1497 1990 Ἴ

148 2001 282 2053 leuat,
320 2000 392 2053 qui
429 2014 530 2040 uero
568 2000 714 2041 sitiens
751 2000 890 2041 cibum
928 1999 1172 2053 sumpserit,
1207 2013 1293 2040 non
1330 1999 1494 2045 solum,

1520 924 1526 944 .·.
1519 862 1526 920 ψη.-
1517 810 1526 859 ει..-

244 2151 264 2182 5
291 2158 383 2190 quur
415 2147 451 2181 P
545 2150 585 2181 11
612 2146 770 2192 pelosius
794 2147 831 2182 P
922 2150 964 2182 16
989 2146 1108 2181 inlitis
1133 2148 1301 2181 mumunt
1324 2149 1467 2191 praeter

150 2205 190 2228 111
220 2197 252 2228 et
281 2196 298 2228 t
327 2195 368 2228 in
397 2204 468 2229 ras.
499 2194 540 2228 in
566 2193 603 2227 P
718 2195 762 2227 25
793 2195 966 2228 meratior
989 2193 1026 2228 P
1139 2196 1181 2227 27
1207 2193 1412 2228 uacuefecit
1434 2190 1489 2226 1²:-

150 2243 196 2276 28
221 2239 371 2275 obturas
390 2239 439 2275 P'
535 2243 578 2274 32
603 2239 802 2286 allquanllfi
829 2239 865 2274 P
