1526 2444
632 39 667 75 11
692 42 830 76 25-32
1323 37 1407 79 371

122 149 281 192 diuersi
312 162 469 205 magno
500 162 577 192 eeu
609 148 826 204 quondam
857 147 1028 190 turbine
1059 147 1179 190 uenti
1423 145 1480 188 28

119 208 370 276 confligunt·
389 208 689 264 zephyrusque
721 209 935 262 notusque
968 209 1011 249 et
1040 207 1180 249 laetus
1211 205 1318 248 Eois

118 281 244 310 eurus
275 281 407 322 equls.

58 349 223 392 Ennius
254 349 300 391 in
332 349 517 405 septimo
549 349 713 392 decimo

23 435 39 461 5
118 423 378 463 concurrunt
408 421 543 463 ueluti
575 420 693 463 uenti
726 434 822 462 eum
856 420 1035 475 spiritus
1069 419 1205 462 austri

115 479 356 522 imbricitor
387 479 618 535 aquiloque
651 494 729 522 suo
762 494 858 522 cum
890 478 1065 521 flamine
1097 479 1248 520 eontra

115 538 220 580 indu
252 539 361 580 mari
392 552 552 595 magno
583 539 739 582 fluetus
773 538 978 580 extollere
1010 539 1192 580 certant.

112 631 204 675 Nee
248 635 394 674 tamen
431 632 537 675 haee
575 647 671 675 eum
713 632 801 675 sint
840 631 1151 731 hominunliqge
1188 630 1404 686 boumque
1419 629 1475 672 29

1066 704 1092 731 a
1125 704 1219 732 ores

1 764 36 790 ιο
114 749 326 792 uersando
357 752 519 792 terram
551 749 732 805 experti,
764 749 873 791 nihil
905 748 1129 804 improbus
1162 762 1301 791 anser.

52 831 278 874 Lucretius
308 832 356 874 in
387 831 538 887 quinto

112 902 185 945 sed
216 905 364 945 tamen
394 902 612 945 interdum
643 916 803 958 magno
836 902 1034 958 quaesita
1065 902 1213 945 labore

111 976 208 1004 cum
244 962 331 1004 iam
366 976 443 1017 per
478 964 616 1004 terras
653 961 858 1004 frondent
895 964 1024 1017 atque
1063 961 1209 1004 omnia
1240 961 1399 1004 florent
1449 994 1452 996 »

110 1023 186 1063 aut
214 1021 361 1063 nimiis
391 1022 562 1064 torrens
594 1020 839 1063 feruoribus
872 1021 1087 1064 aetherius
1121 1020 1186 1063 sol

0 1092 34 1119 1⁵
113 1083 189 1122 aut
219 1079 354 1123 subiti
385 1080 602 1135 perimunt
632 1080 792 1122 imbres
825 1079 1081 1137 gelidaeque
1111 1079 1310 1135 pruinae,

109 1139 328 1193 flabraque
359 1141 587 1182 uentorum
618 1139 807 1182 uiolento
839 1138 1014 1182 turbine
1045 1141 1213 1182 uexant.

50 1223 153 1263 sunt
196 1220 269 1263 alii
312 1221 398 1264 loei
441 1221 725 1276 plurimorum
769 1236 993 1273 uersuum,
1038 1236 1144 1278 quos
1182 1221 1306 1264 Maro
1351 1222 1395 1264 in
1410 1219 1467 1262 30

49 1295 156 1336 opus
197 1294 321 1322 suum
359 1294 456 1322 eum
492 1294 728 1335 paucorum
764 1281 1066 1324 immutatione
1102 1282 1333 1324 uerborum
1370 1297 1396 1324 a

47 1339 268 1382 ueteribus
305 1339 540 1382 transtulit.
603 1341 648 1381 et
685 1339 786 1394 quia
822 1339 1002 1395 longum
1041 1343 1107 1382 est
1142 1354 1395 1382 numerosos

0 1409 30 1437 ιο
48 1411 196 1441 uersus
228 1412 280 1440 ex
311 1401 494 1453 utroque
525 1399 826 1453 transcribere,
856 1398 991 1441 libros
1024 1402 1192 1442 ueteres
1218 1399 1395 1454 notabo,

46 1459 107 1512 ut,
138 1457 213 1513 qui
242 1457 375 1511 uolet,
405 1457 496 1499 illie
526 1457 709 1513 legendo
739 1458 1048 1513 aequalitatem
1074 1458 1267 1501 locorum
1292 1472 1393 1500 con-

45 1515 221 1558 ferendo
253 1517 441 1558 miretur.
497 1515 542 1557 in
573 1516 832 1572 principio
866 1515 1124 1559 Aeneidos
1155 1520 1391 1573 tempestas
1406 1515 1465 1557 31

47 1574 314 1630 describitur,
339 1577 383 1617 et
405 1574 554 1618 Venus
581 1575 697 1630 apud
721 1575 871 1618 Iouem
898 1576 1092 1631 queritur
1118 1576 1168 1618 de
1193 1577 1395 1632 perieulis

45 1633 136 1686 filii,
161 1636 205 1676 et
223 1633 417 1689 Iuppiter
442 1649 538 1676 eam
563 1634 614 1676 de
639 1634 886 1677 futurorum
906 1635 1198 1691 prosperitate
1220 1636 1394 1678 solatur.

0 1702 27 1731 ιε
45 1692 115 1735 hie
140 1694 260 1735 locus
284 1695 402 1736 totus
429 1695 626 1749 sumptus
653 1708 678 1736 a
703 1693 889 1737 NAEvm
918 1697 982 1736 est
1008 1709 1059 1736 ex
1084 1706 1227 1738 Pmmo
1252 1706 1393 1737 LIBRo

44 1763 183 1794 BELLI
207 1751 386 1795 PVNIOI.
437 1752 529 1795 illie
562 1752 674 1794 enim
711 1767 846 1809 aeque
877 1752 1024 1796 Venus
1050 1753 1249 1796 Troianis
1287 1756 1393 1796 tem-

42 1813 209 1865 pestate
253 1811 553 1854 laborantibus
598 1826 694 1854 eum
731 1811 835 1855 Ioue
881 1813 1074 1868 queritur
1111 1815 1155 1855 et
1192 1815 1394 1856 secuntur

42 1869 174 1912 uerba
210 1869 328 1913 Iouis
373 1870 508 1912 filiam
550 1871 813 1913 consolantis
852 1886 927 1927 spe
965 1871 1220 1915 futurorum.
1287 1873 1391 1915 item
1407 1869 1464 1911 32

138 2013 155 2044 1
182 2009 274 2044 Aen.
299 2009 333 2044 ΙΙ
357 2011 426 2045 416
512 2012 533 2045 5
559 2013 627 2045 423
654 2010 698 2046 V.
724 2014 792 2047 488
818 2011 867 2046 M.
948 2015 968 2048 8
995 2011 1127 2057 Georg.
1155 2013 1170 2047 I
1198 2016 1263 2049 118
1346 2019 1389 2052 12

42 2055 75 2089 V
100 2059 170 2091 214
241 2059 287 2091 25
312 2055 416 2091 XVII
440 2057 529 2092 Luc.
556 2057 683 2093 Muell.

135 2189 155 2221 2
180 2186 458 2232 **zeph1rusq.
489 2177 634 2234 notusq.
663 2189 700 2224 P
818 2193 840 2225 4
867 2188 1010 2224 ··XVII
1036 2190 1073 2224 P
1194 2195 1212 2226 7
1239 2192 1326 2228 inde
1354 2193 1393 2228 P

0 2246 3 2247 ⁷
42 2235 86 2267 10
110 2233 214 2269 anser
237 2234 280 2269 in
303 2245 376 2270 ras.
395 2235 437 2270 in
462 2234 499 2269 P
563 2201 622 2271 11q
634 2236 699 2271 -V·
728 2237 765 2271 P
832 2239 876 2272 14
893 2236 1007 2272 nlmls
1028 2234 1074 2272 P'
1150 2241 1194 2274 22
1214 2250 1387 2276 m1**re-

39 2281 101 2315 tur
124 2280 162 2315 P
229 2284 274 2317 25
299 2292 409 2317 nemo
436 2282 474 2317 P
544 2287 588 2319 27
614 2283 770 2329 seqffim·
796 2284 833 2319 P

1030 2344 1102 2378 24*
