1526 2444
201 71 286 113 640
496 71 643 108 COMM.
668 73 722 108 IN
746 72 888 109 SOMN.
914 73 1026 110 SCIP.
1049 74 1179 110 LIBRI
1196 75 1231 110 ΙΙ
1513 0 1526 120 l

201 177 273 218 sed
314 177 406 231 ipse
450 177 531 218 sibi
574 179 647 219 aut
689 179 881 221 intulisse
924 181 997 221 aut
1037 181 1301 234 praestitisse
1348 178 1526 240 dicatur}

201 235 262 276 sic
296 237 338 276 et
369 235 418 275 de
449 234 715 292 αὐτοκινήτῳ
746 251 841 278 cum
871 237 1026 278 dicitur
1057 252 1107 279 se
1137 238 1306 293 ipsum
1338 241 1526 281 mouet¹

202 292 255 333 ad
297 292 377 333 hoc
421 291 589 348 dicitur,
631 296 680 334 ut
720 294 1059 336 aestimationem
1100 296 1272 337 alterius
1310 297 1497 338 mouenti

132 351 189 393 20
203 349 407 390 excludat.
467 364 593 403 quam
629 351 778 392 uolens
809 351 930 393 Plato
969 352 1019 394 de
1053 353 1310 407 cogitatione
1340 249 1526 413 legentii

204 407 384 462 egini-ere
421 406 505 460 his,
549 422 654 462 quae
690 410 926 463 praemisit,
962 410 1178 464 expressit.
1243 425 1353 453 nam
1393 410 1526 514 quo}

204 477 398 518 semper
464 465 525 506 ait
591 469 838 517 mouetur,
911 469 1167 509 aeternum
1233 471 1328 522 est,
1395 483 1488 523 quo

203 523 367 563 autem
416 525 600 564 motum
651 523 814 565 adfert
862 524 1035 579 alicui,
1083 525 1311 581 quodque
1360 526 1473 580 ipsu

202 581 430 621 mouetur
473 580 690 635 aliunde,
734 582 927 635 quando
965 582 1117 624 finem
1154 583 1307 624 habet
1343 586 1504 626 motus

133 636 409 680 2luiuendi
458 637 612 679 finem
659 639 846 681 habeat
893 653 1096 682 necesse
1145 643 1229 682 est.
1310 641 1408 694 quid
1455 641 1502 682 hi

202 695 343 736 uerbis
415 695 656 738 inuenietur
728 698 965 751 expressius
1039 698 1151 739 clara
1216 698 1498 752 signification

202 752 459 794 testantibus
489 767 577 794 non
607 754 775 796 aliunde
806 755 968 796 moueri
999 756 1110 809 quod
1136 770 1179 797 se
1203 756 1343 810 ipsum
1367 758 1515 798 mouet

203 823 297 851 cum
335 811 519 851 animam
556 811 610 852 ob
647 812 727 853 hoc
764 812 877 853 dicat
914 815 1145 867 aeternam,
1182 814 1280 867 quia
1311 827 1356 854 se
1386 814 1479 867 ipsa

202 870 347 908 mouet
377 870 420 909 et
449 883 535 910 non
565 873 758 910 mouetur
789 870 984 911 aliunde?
1039 884 1139 925 ergo
1171 885 1215 911 se
1246 885 1414 912 mouere
1442 871 1498 913 ho

205 924 341 966 solum
390 925 621 980 significat,
669 941 756 968 non
804 928 856 968 ab
906 928 989 969 alio
1038 929 1214 982 moueri,
1263 942 1339 970 nec
1386 927 1516 982 putes⁴

204 982 315 1035 quod
364 982 474 1023 idem
518 987 687 1025 moueat
729 984 921 1039 idemque
962 988 1200 1040 moueatur,
1249 986 1320 1027 sed
1362 985 1526 1034 moueri

134 1042 191 1084 22
206 1040 296 1081 sine
335 1040 420 1082 alio
459 1043 654 1082 mouente
691 1055 735 1082 se
774 1056 943 1084 mouere
979 1044 1055 1084 est.
1115 1044 1258 1096 aperte
1295 1056 1396 1097 ergo
1427 1057 1507 1086 con

205 1098 333 1151 stitit,
374 1098 472 1152 quia
501 1113 589 1140 non
620 1113 760 1152 omne,
798 1100 909 1154 quod
940 1102 1149 1154 mouetur,
1187 1100 1238 1142 ab
1270 1100 1353 1142 alio
1384 1114 1498 1142 mou·

203 1158 284 1196 tur.
351 1169 452 1211 ergo
497 1156 779 1210 αὐτοκίνητον
821 1159 961 1211 potest
1002 1172 1088 1200 non
1131 1158 1183 1199 ab
1228 1158 1309 1200 alio
1351 1172 1474 1200 moue
1515 1167 1518 1168 ’

205 1212 277 1254 sed
306 1227 359 1254 ne
392 1228 416 1254 a
447 1227 490 1254 se
522 1214 688 1268 quidem
720 1215 780 1256 sie
812 1218 1016 1270 mouetur,
1046 1218 1094 1256 ut
1124 1215 1169 1256 in
1198 1215 1292 1269 ipso
1318 1215 1431 1263 aliud
1457 1217 1514 1257 si

204 1271 315 1324 quod
360 1274 504 1313 mouet
546 1272 659 1313 aliud
697 1273 806 1326 quod
843 1275 1054 1326 mouetur,
1096 1287 1173 1314 nec
1210 1287 1266 1314 ex
1301 1275 1416 1315 toto·
1446 1287 1513 1326 11·.ἓ

202 1342 291 1382 pro
320 1331 483 1382 parte,
513 1332 560 1370 ut
584 1330 658 1371 ille
682 1330 893 1384 proponit,
925 1330 995 1372 sed
1019 1330 1100 1372 hoc
1125 1331 1263 1372 solum
1289 1345 1338 1372 se
1362 1331 1473 1384 ipsu
1491 1351 1510 1368 ιι

134 1388 404 1429 2310011010
436 1386 606 1441 dicitur,
636 1401 689 1428 ne
721 1388 774 1429 ab
807 1389 890 1430 alio
922 1389 1084 1430 moueri
1116 1389 1390 1430 existimetur.
1451 1402 1509 1430 se·

203 1446 246 1486 et
287 1444 362 1485 illa
407 1444 456 1485 de
500 1446 686 1486 motibus
723 1444 1000 1487 Aristotelica
1041 1446 1190 1488 diuisio
1231 1460 1357 1500 quam
1395 1460 1506 1500 supr

202 1502 456 1556 rettulimus,
487 1503 738 1556 subripienti
769 1504 906 1559 magis
939 1506 1038 1557 apta
1068 1506 1134 1545 est
1161 1518 1287 1558 quam
1311 1503 1510 1558 probant

202 1560 246 1600 in
283 1574 366 1614 qua
403 1560 462 1602 ait
498 1561 628 1602 sicut
664 1563 740 1602 est
777 1561 905 1615 quod
941 1563 1170 1603 mouetur
1207 1563 1254 1603 et
1288 1575 1386 1602 non
1421 1575 1514 1603 mo

202 1620 302 1670 uet,
363 1618 435 1659 ita
495 1620 572 1659 est
626 1618 756 1672 quod
810 1621 976 1660 mouet
1029 1621 1078 1660 et
1130 1633 1228 1660 1100
1282 1621 1507 1660 mouetu

136 1676 191 1718 24
206 1677 372 1717 constat
420 1676 530 1716 011110
578 1676 689 1730 quod
737 1690 860 1717 omne
903 1676 1100 1731 quicquid
1142 1679 1338 1718 mouetur
1382 1690 1495 1718 mou

205 1732 307 1787 alia,
349 1735 397 1774 ut
439 1733 593 1775 dicitur
636 1735 708 1775 aut
744 1735 1074 1789 gubernaculum
1110 1734 1254 1775 nauim
1292 1736 1366 1775 aut
1400 1733 1500 1775 naui

203 1790 500 1832 circumfusum
550 1791 631 1832 sibi
679 1805 819 1833 aerem
866 1792 934 1833 uel
982 1791 1117 1833 undas
1165 1805 1345 1833 mouere.
1423 1790 1507 1845 qui

203 1850 345 1889 autem
370 1851 445 1902 est,
470 1849 583 1903 quod
607 1863 693 1891 non
716 1850 854 1903 possit
878 1849 1004 1903 aliud,
1030 1849 1127 1891 dum
1153 1850 1291 1903 ipsum
1317 1851 1459 1890 mouet
1499 1859 1508 1883 ι’

201 1905 431 1959 inpellere?
482 1920 582 1962 ergo
614 1907 650 1948 si
678 1921 822 1949 uerum
847 1921 934 1949 non
958 1909 1035 1962 est,
1065 1921 1125 1962 ea,
1155 1921 1261 1962 quae
1286 1908 1498 1948 1001101115

297 2034 313 2063 1
340 2034 372 2064 et
396 2034 440 2065 22
465 2030 520 2066 set
542 2031 579 2064 Β
712 2035 732 2065 2
759 2032 1039 2067 ΑΥΤΟΚΙΝΗΤΟ
1064 2032 1106 2066 in
1129 2042 1199 2067 ras.
1225 2032 1267 2067 in
1289 2030 1333 2075 P,
1359 2029 1525 2067 aussow

201 2076 321 2110 ΝΗΤΟ
346 2076 383 2110 Β
478 2081 497 2111 7
523 2077 629 2111 affert
651 2077 687 2111 B
776 2081 796 2111 9
821 2078 969 2112 01110οᾱ1
994 2078 1030 2113 P
1116 2081 1157 2112 12
1184 2089 1266 2112 cum
1291 2080 1322 2111 et
1346 2076 1382 2111 fe
1406 2075 1471 2121 ips
1492 2093 1504 2114 ιγ

199 2125 234 2157 et
259 2125 301 2156 16
334 2121 368 2156 se
400 2133 546 2158 mouere
572 2122 624 2157 est
648 2128 874 2159 euanuerwnt
896 2124 937 2158 in
961 2124 998 2159 B
1140 2127 1182 2158 18
1208 2123 1500 2158 ΑΥΤΟΚΙΝΗΤΟ

194 2170 341 2212 praeter
365 2169 425 2202 ΛΥ
448 2169 491 2204 in
513 2179 584 2204 ras.
610 2170 651 2204 in
675 2170 719 2213 P,
745 2172 808 2205 aut
832 2170 1046 2205 ΟΕΙΝΕΤΟΝ
1071 2169 1108 2204 Β
1178 2174 1222 2204 22
1248 2169 1459 2204 aestimetur
1490 2179 1516 2215 ᾗ,

201 2217 247 2248 24
269 2214 463 2249 retulimus
477 2216 544 2260 pP
634 2220 678 2251 27
704 2216 801 2260 quod
826 2227 891 2252 om.
917 2213 963 2251 B'
1057 2219 1101 2251 28
1125 2219 1219 2250 naue
1245 2214 1291 2250 P'
1383 2217 1426 2250 31
1450 2225 1518 2251 iu:-

199 2259 336 2304 pellere
361 2260 432 2296 PB
503 2272 547 2296 ea
570 2262 612 2297 in
634 2272 706 2297 ras.
730 2263 772 2298 in
795 2262 832 2297 P
1495 2271 1525 2295 22<-
