1526 2444
627 51 733 88 V1111
757 55 873 88 2-—11
1326 49 1414 91 403

0 212 3 217 y
62 162 310 205 bidennes
359 161 549 217 primum
598 161 736 204 dictae
779 162 880 203 sunt
924 159 1048 216 quasi
1091 159 1320 214 biennes,
1371 161 1414 201 et

60 221 192 278 longo
224 235 304 263 usu
335 220 538 277 loquendi
570 222 773 275 corrupta
804 222 872 262 est
903 233 989 262 uox
1021 233 1072 261 ex
1097 218 1410 261 bidennibus

0 292 5 319 1
59 280 104 323 in
148 279 402 323 bidentes.
468 278 683 322 HYGINVS
720 281 886 334 tamen,
929 278 1003 334 qui
1040 278 1106 320 ius
1144 278 1411 334 pontificium

2 341 7 345 ’
58 353 146 382 non
182 339 417 395 ignorauit,
460 339 504 381 in
543 350 719 390 va'ro
757 342 1017 393 mmmmm,
1059 352 1167 393 quos
1206 336 1255 379 de
1292 335 1412 379 VER-

0 393 187 445 '³5G1L10
229 397 347 454 fecit,
392 397 632 440 bidentes
678 397 936 455 appellari
979 396 1154 452 scripsit
1188 396 1413 448 hostias,

59 471 186 513 quae
229 471 317 512 per
359 458 581 499 aetatem
618 457 742 499 duos
781 457 960 499 dentes
1001 456 1219 498 altiores
1257 455 1413 498 habe-

57 518 188 567 rent,
233 530 322 571 per
365 530 490 570 quos
535 531 592 558 ex
635 516 831 559 minore
869 516 920 557 in
960 515 1202 558 maiorem
1239 517 1411 557 trans-

58 575 294 617 cendisse
326 577 596 618 constaret
629 573 879 617 aetatem?

175 633 340 676 Iterum
372 634 543 689 quaerit
575 633 768 676 Auienus
798 634 843 676 in
874 633 945 675 his
978 633 1174 675 uersibus
1425 638 1451 680 8

6 736 41 764 ιο
117 716 241 758 frena
271 716 539 759 Pelethronii
570 715 782 771 Lapithae
815 729 1029 770 gyrosque
1061 715 1213 757 dedere

117 775 314 830 impositi
347 774 475 818 dorso
509 778 636 830 atque
668 775 857 830 equitem
890 774 1072 817 docuere
1104 775 1184 816 sub
1219 775 1351 817 armis

116 834 328 876 insultare
362 834 455 877 solo
487 836 531 876 et
562 847 737 890 gressus
770 833 1014 889 glomerare
1047 834 1258 888 superbos

57 931 132 960 cur
161 916 382 973 Vergilius
415 916 513 971 equi
545 916 734 958 officium
766 915 902 971 equiti
933 915 1129 958 dederit?
1186 915 1302 959 ‘nam
1333 917 1410 958 in-

19 1015 22 1018 ,
57 976 252 1018 sultare
290 976 399 1018 solo
439 978 483 1017 et
520 976 810 1032 glomerare
848 989 1062 1032 gressus
1101 975 1199 1031 equi
1238 978 1411 1019 constat

5 1049 168 1090 nesse,
209 1049 299 1077 non
342 1033 526 1090 equitis.'
594 1033 733 1077 ‘bene'
773 1034 917 1090 inquit
955 1033 1129 1077 Seruius
1166 1033 1288 1078 ‘haec
1327 1035 1450 1082 tibi9

0 1138 6 1139 ff
57 1094 252 1150 quaestio
296 1096 402 1136 nata
442 1096 508 1136 est
545 1108 597 1136 ex
631 1094 798 1136 incuria
834 1094 993 1136 ueteris
1030 1094 1241 1136 lectionis.
1309 1109 1410 1137 nam

56 1152 158 1208 quia
189 1153 408 1195 saeculum
438 1155 635 1195 nostrum
667 1153 720 1195 ab
747 1153 891 1196 Ennio
925 1155 968 1195 et
998 1153 1117 1196 omni
1141 1153 1411 1196 bibliotheca

55 1214 202 1254 uetere
241 1211 439 1267 desciuit,
474 1212 614 1254 multa
644 1212 912 1267 ignoramus,
952 1226 1061 1267 quae
1092 1227 1180 1254 non
1211 1213 1410 1267 laterent,

0 1287 1 1291 ¹
57 1270 94 1312 si
125 1273 320 1313 ueterum
351 1270 478 1314 lectio
509 1271 635 1313 nobis
668 1274 782 1313 esset
812 1271 1053 1314 familiaris.
1112 1285 1261 1314 omnes
1294 1272 1410 1314 enim

0 1318 223 1395 looantiqui
262 1329 495 1385 scriptores
534 1332 583 1372 ut
618 1330 839 1373 hominem
878 1344 986 1385 equo
1025 1330 1306 1384 insidentem,
1346 1332 1410 1373 ita

0 1395 16 1451 ξ’
58 1390 100 1431 et
143 1403 317 1445 equum,
361 1403 458 1431 cum
501 1391 698 1445 portaret
734 1389 973 1443 hominem,
1016 1389 1243 1445 equitem
1281 1404 1409 1432 uoca-

56 1450 223 1503 uerunt,
254 1450 297 1490 et
329 1448 562 1503 equitare
594 1463 682 1490 non
706 1448 927 1490 hominem
952 1451 1122 1490 tantum
1148 1449 1223 1491 sed
1250 1463 1408 1504 equum

0 1511 30 1564 ,ᾗ
57 1521 226 1562 quoque
257 1507 469 1550 dixerunt.
518 1507 689 1549 Ennius
721 1508 834 1550 libro
862 1507 1098 1549 Annalium
1130 1508 1316 1562 septimo
1347 1508 1408 1550 ait
1425 1513 1480 1555 10

117 1589 297 1645 denique
327 1590 373 1631 ui
403 1604 564 1646 magna
597 1590 839 1646 quadrupes
872 1604 999 1645 eques
1033 1593 1161 1645 atque
1188 1590 1410 1646 elephanti

117 1648 335 1703 proiciunt
366 1663 470 1691 sese.

7 1747 10 1765 ε
54 1730 260 1787 numquid
287 1731 462 1773 dubium
487 1734 565 1786 est,
590 1732 692 1787 quin
718 1732 944 1787 equitem
971 1732 1015 1773 in
1040 1732 1121 1774 hoc
1146 1732 1242 1774 loco
1262 1733 1408 1787 ipsum

56 1803 212 1845 equum
262 1789 434 1842 dixerit,
485 1805 582 1834 cum
626 1790 862 1834 addidisset
904 1791 970 1832 illi
1013 1790 1236 1847 epitheton
1282 1806 1407 1847 qua-

57 1847 269 1903 drupes?
325 1849 387 1892 sic
419 1851 462 1891 et
493 1849 746 1905 equitare,
779 1849 893 1905 quod
924 1850 1107 1893 uerbum
1140 1864 1162 1892 e
1194 1851 1405 1893 uocabalo
1422 1856 1476 1899 11

58 1908 250 1962 equitis
283 1908 538 1951 inclinatum
570 1911 636 1951 est
668 1911 711 1951 et
741 1909 872 1952 homo
906 1911 1030 1952 utens
1064 1923 1174 1964 equo
1203 1912 1245 1951 et
1272 1925 1405 1965 equus

151 2063 195 2094 10
224 2060 357 2105 Georg.
383 2059 433 2094 111
461 2064 527 2095 115
601 2064 646 2096 ‘24
671 2073 706 2096 u.
734 2063 800 2096 237
829 2060 937 2096 Vahl.
965 2064 1033 2096 249
1059 2060 1145 2099 Luc.
1171 2060 1301 2098 Muell.

150 2205 171 2236 3
195 2200 394 2246 pontificlfi
422 2203 459 2237 P
574 2207 618 2238 10
642 2203 876 2248 prel&hron13
903 2203 940 2238 P
1060 2206 1104 2238 12
1131 2214 1343 2249 gromerare
1371 2204 1409 2238 P

58 2250 100 2283 13
127 2238 315 2284 dededit*
339 2246 390 2284 P'
475 2253 518 2285 15
543 2245 674 2295 mquid
701 2251 738 2285 P
811 2254 853 2285 18
880 2250 1013 2286 desiuit
1038 2251 1076 2286 P
1144 2251 1255 2297 quae]
1284 2254 1346 2296 qffi
1372 2251 1410 2286 P

56 2297 100 2331 27
126 2295 184 2331 1111
208 2306 275 2332 om.
300 2296 338 2331 P
407 2297 594 2342 epith8mn
617 2294 666 2332 P'

1049 2358 1121 2393 26*
