1526 2444
143 81 201 122 42
655 82 754 119 SAT.
780 82 909 118 LIBRI
931 83 949 118 1

144 187 344 229 Patrem
377 188 498 242 quasi
534 188 705 230 deorum
742 189 883 244 deum,
920 188 1185 231 Iunonium
1220 190 1343 244 quasi
1378 204 1463 232 non
1494 212 1497 225 a

145 246 283 287 solum
314 246 471 286 mensis
502 245 689 287 Ianuarii
725 247 797 288 sed
833 245 1042 288 mensium
1079 247 1267 289 omnium
1303 248 1462 302 ingres-

145 317 216 344 sus
247 305 478 344 tenentem:
515 303 559 344 in
596 303 757 346 dicione
795 307 936 346 autem
971 304 1144 346 Iunonis
1182 309 1281 346 sunt
1317 319 1462 347 omnes

143 360 371 409 Kalendae,
401 360 512 402 unde
542 362 585 402 et
614 361 776 404 VARRO
811 374 949 405 Lumo
989 374 1161 412 va'ro
1192 362 1358 405 RERVM
1388 364 1463 404 Di-

142 430 352 460 VINARVM
376 418 523 460 scribit
550 418 669 462 Iano
696 419 954 462 duodecim
985 434 1097 462 aras
1128 434 1217 475 pro
1249 421 1464 462 totidem

143 477 399 517 mensibus
431 475 708 531 dedicatas3
740 476 1031 519 Consiuium
1071 492 1097 519 a
1127 478 1383 520 conserendo
1420 479 1463 520 id
1498 488 1500 490 ’

144 536 210 574 est
246 548 271 575 a
300 533 533 588 propagine
572 535 738 589 generis
774 535 967 589 humani,
1009 549 1115 589 quae
1152 536 1255 578 Iano
1293 538 1462 578 auctore
1498 543 1500 546 ’

142 592 396 645 conseritur,
441 591 702 641 Quirinum
745 593 866 646 quasi
904 593 1115 634 bellorum
1149 595 1366 648 potentem
1409 594 1462 635 ab

141 648 309 703 hasta,
353 664 479 704 quam
523 648 667 692 Sabini
707 651 846 692 curin
887 652 1059 705 uocant,
1101 651 1383 693 Patultium
1421 653 1463 693 et

142 705 435 762 Clusiuium,
464 707 564 762 quia
594 708 707 749 bello
738 708 882 750 caulae
914 709 1002 749 eius
1033 710 1193 763 patent,
1222 723 1325 762 pace
1351 709 1461 751 clau·
1480 729 1498 758 ι,

141 764 308 806 duntur.
368 765 491 806 huius
524 768 666 807 autem
696 766 757 807 rei
786 766 891 807 haec
921 780 1048 807 causa
1076 768 1286 808 narratur.

74 823 126 865 17
263 821 381 864 Cum
400 823 535 864 bello
557 822 761 878 Sabino,
786 823 914 878 quod
933 824 1185 878 uirginum
1203 826 1461 878 raptarum

141 881 309 934 gratia
345 881 662 922 commissum
700 883 792 935 est,
834 880 1045 923 Romani
1079 884 1295 935 portam,
1339 896 1461 936 quae
1500 895 1504 906 2

141 938 231 981 sub
256 938 512 980 radicibus
532 939 681 981 collis
702 938 972 981 Viminalis
993 941 1119 994 erat,
1144 953 1266 993 quae
1286 941 1462 993 postea

140 1010 203 1036 ex
239 997 420 1037 euentu
450 996 677 1038 Ianualis
714 1000 894 1039 uocata
924 999 1016 1052 est,
1053 997 1285 1038 claudere
1315 997 1460 1038 festi·

139 1056 337 1104 narent,
381 1054 496 1108 quia
538 1054 589 1095 in
630 1054 790 1108 ipsam
831 1055 1005 1096 hostes
1045 1055 1276 1109 ruebant,
1317 1057 1460 1109 post·
1504 1079 1506 1082 ·

140 1125 279 1165 quam
321 1113 397 1152 est
438 1112 627 1167 clausa,
675 1126 784 1153 mox
827 1114 1011 1167 sponte
1059 1113 1318 1166 patefacta
1367 1115 1460 1167 est,
1504 1117 1510 1145 ἕ

139 1183 345 1224 cumque
377 1169 561 1211 iterum
592 1184 646 1211 ac
676 1171 830 1212 tertio
863 1170 991 1212 idem
1023 1170 1347 1225 contigisset,
1385 1185 1460 1212 ar·
1506 1186 1508 1191 ⁸

138 1227 260 1268 mati
289 1227 497 1280 plurimi
527 1242 615 1282 pro
646 1227 840 1282 limine,
877 1228 992 1282 quia
1023 1228 1257 1269 claudere
1286 1228 1460 1282 nequi-

137 1285 274 1338 bant,
311 1285 544 1326 custodes
578 1287 847 1339 steterunt‚
879 1299 1084 1339 cumque
1110 1300 1167 1326 ex
1192 1285 1292 1327 alia
1315 1287 1460 1339 parte

139 1342 382 1384 acerrimo
413 1343 608 1396 proelio
642 1346 940 1397 certaretur,
977 1343 1148 1384 subito
1187 1343 1318 1385 fama
1347 1357 1458 1397 per-

72 1400 254 1443 18tulit
288 1399 429 1441 fusos
463 1415 487 1441 a
518 1399 664 1442 Tatio
701 1403 919 1443 nostros.
979 1415 1123 1454 quam
1160 1401 1219 1442 ob
1258 1415 1456 1443 causam
1504 1446 1508 1447 ⁷

137 1458 365 1512 Romani,
415 1458 499 1513 qui
547 1458 737 1500 aditum
786 1459 1078 1510 tuebantur,
1127 1458 1297 1500 territi
1344 1473 1456 1513 pro-

137 1516 387 1571 fugerunt.
437 1530 643 1571 cumque
670 1515 843 1558 Sabini
868 1531 955 1571 per
979 1519 1175 1570 portam
1199 1519 1456 1570 patentem

137 1574 395 1628 inrupturi
432 1576 618 1627 essent,
653 1574 787 1615 fertur
823 1588 880 1615 ex
917 1574 1034 1615 aede
1070 1573 1180 1615 Iani
1214 1588 1300 1628 per
1330 1574 1457 1616 hanc

135 1634 334 1685 portam
364 1645 592 1686 magnam
623 1632 723 1673 uim
753 1632 1055 1673 torrentium
1085 1631 1230 1672 undis
1262 1634 1458 1673 scaten-

135 1690 272 1731 tibus
299 1689 526 1743 erupisse
552 1690 834 1743 multasque
862 1689 1199 1743 perduellium
1225 1692 1458 1731 cateruas
1503 1714 1510 1732 ὲ

137 1749 221 1788 aut
257 1749 460 1788 exustas
498 1747 720 1788 feruenti
751 1749 836 1788 aut
867 1747 1134 1788 deuoratas
1165 1747 1342 1801 rapida
1372 1761 1458 1789 uo-

136 1804 312 1858 ragine
344 1805 612 1857 deperisse.
662 1819 711 1846 ea
741 1819 785 1846 re
815 1805 1032 1858 placitum,
1062 1807 1111 1845 ut
1139 1805 1240 1846 belli
1265 1807 1458 1859 tempore

135 1863 253 1903 uelut
277 1861 329 1903 ad
354 1862 470 1903 urbis
497 1862 699 1904 auxilium
721 1862 910 1916 profecto
931 1862 1007 1904 deo
1027 1862 1139 1905 fores
1159 1865 1456 1905 reserarentur.

135 1920 238 1961 haec
270 1920 319 1960 de
350 1919 465 1962 Iano.

228 2048 248 2078 2
275 2055 437 2080 omnium
467 2045 644 2080 mensium
671 2044 809 2090 gressus
828 2046 1017 2089 regentem
1043 2045 1080 2080 P
1171 2049 1192 2079 3
1216 2045 1388 2079 indicione
1412 2045 1457 2090 P,

133 2101 173 2124 m
198 2090 338 2125 ditione
361 2092 398 2126 Β
467 2093 590 2126 autem
609 2103 674 2127 om.
694 2092 730 2127 Β
801 2096 822 2127 8
844 2091 1048 2133 Qummum
1067 2092 1145 2126 BP
1213 2094 1234 2126 9
1254 2091 1458 2136 patulcium
1503 2134 1507 2138 ᾗ

133 2137 171 2170 Ρ
240 2140 283 2172 10
304 2137 388 2180 caul
433 2140 469 2174 Β
541 2141 583 2173 13
605 2137 830 2173 cummissum
849 2135 894 2172 B‘
969 2141 1013 2171 14
1033 2137 1148 2173 colms
1163 2136 1209 2172 B'
1281 2141 1322 2172 15
1343 2138 1458 2172 euntu
1504 2140 1507 2143 ”

133 2180 178 2216 B'
270 2187 312 2219 16
338 2183 386 2219 ho
404 2184 505 2220 tibus
524 2182 569 2219 B'
661 2188 703 2219 19
729 2184 907 2228 nequ1bat
930 2183 974 2218 P'
1063 2187 1106 2219 21
1133 2183 1271 2228 praelio
1297 2183 1334 2218 P
1411 2187 1456 2218 22
1500 2183 1504 2189 '

134 2230 248 2311 taFmB
257 2230 294 2264 P
361 2235 405 2266 25
430 2232 607 2276 irruptum
631 2231 700 2275 bP,
772 2230 860 2265 esset
885 2227 930 2265 B'
1004 2230 1131 2265 exrede
1156 2230 1234 2265 BP
1302 2233 1346 2265 28
1372 2240 1457 2265 exu-

133 2277 172 2310 ta
