1526 2444
167 76 252 117 578
465 77 611 115 COMM.
637 79 690 113 IN
715 79 857 116 SOMN.
883 79 993 116 SCIP.
1019 80 1146 116 LIBRI
1169 81 1186 115 I

169 184 301 224 solem
333 183 377 224 in
407 183 534 224 terris
566 197 657 225 esse
689 184 824 226 dicere
855 185 1056 240 solemus,
1095 187 1211 229 cuius
1242 187 1382 230 radius
1414 189 1485 230 ad-

167 241 285 282 uenit
316 244 358 282 et
383 240 552 294 recedit,
581 241 642 282 ita
674 242 910 284 animorum
935 245 1056 297 origo
1082 245 1272 286 caelestis
1305 247 1381 300 est,
1413 247 1485 288 sed

167 298 261 353 lege
298 298 543 352 temporalis
579 298 886 353 hospitalitatis
926 301 995 342 hic
1033 303 1184 344 exulat.
1250 302 1353 344 haec
1384 317 1484 358 ergo

166 356 284 409 regio
311 355 500 397 diuinum
524 356 631 397 nihil
655 357 785 398 habet
809 357 913 412 ipsa,
938 359 1011 400 sed
1035 360 1197 414 recipit,
1223 363 1265 401 et
1295 361 1394 414 quia
1423 375 1485 402 re-

167 414 280 466 cipit,
311 416 354 454 et
378 413 571 468 remittit,
601 415 818 468 proprium
843 418 982 456 autem
1014 416 1168 458 habere
1199 418 1417 472 diceretur,
1449 419 1484 460 si
1519 433 1526 459 ε

97 469 152 511 35
167 471 205 511 ei
231 484 395 524 semper
419 473 560 512 tenere
585 472 787 514 licuisset.
836 472 909 514 sed
935 474 1034 527 quid
1060 475 1224 526 mirum,
1257 476 1292 516 si
1318 476 1484 518 animus

166 528 216 569 de
253 528 332 569 hac
363 528 537 583 regione
567 543 655 570 non
692 532 878 583 constat,
915 545 1008 572 cum
1045 545 1122 573 nec
1159 533 1324 585 corpori
1359 533 1484 575 fabri-

165 586 298 627 cando
342 587 434 628 sola
477 586 720 629 suffecerit?
762 602 861 629 nam
899 589 998 642 quia
1039 593 1150 630 terra
1188 604 1295 645 aqua
1332 594 1374 631 et
1415 605 1485 633 aer

163 643 274 684 infra
298 644 444 685 lunam
475 648 586 698 sunt,
617 659 666 686 ex
697 645 764 686 his
791 645 891 687 solis
924 660 1075 700 corpus
1099 647 1192 688 fieri
1221 662 1306 689 non
1331 649 1483 702 potuit,

164 701 276 755 quod
306 702 503 743 idoneum
532 706 645 743 esset
676 703 725 744 ad
754 703 899 757 uitam,
931 704 1002 745 sed
1034 718 1140 758 opus
1165 705 1246 746 fuit
1270 706 1480 760 praesidio
1501 718 1526 746 ii

162 758 275 812 ignis
308 759 496 813 aetherii,
527 760 599 814 qui
629 761 809 802 terrenis
841 762 1039 803 membris
1064 763 1200 804 uitam
1231 765 1273 804 et
1297 763 1482 805 animam
1523 798 1526 799 ν

163 817 399 858 sustinendi
430 818 720 859 commodaret
749 818 958 872 uigorem,
989 820 1059 874 qui
1089 821 1264 861 uitalem
1300 821 1481 863 calorem

92 872 148 914 36
163 876 205 915 et
236 874 394 915 faceret
420 877 462 915 et
493 875 634 916 ferret.
687 875 791 917 haec
817 878 858 917 et
884 877 933 917 de
959 891 1054 919 aere
1084 877 1242 919 dixisse
1271 892 1348 919 nos
1375 879 1481 920 satis

163 930 229 972 sit.
288 933 439 985 restat,
475 935 524 973 ut
561 933 611 974 de
648 935 780 986 terra,
823 947 928 987 quae
971 935 1243 988 sphaerarum
1285 950 1397 977 nona
1438 939 1482 978 et

161 988 308 1030 mundi
339 989 491 1030 ultima
522 993 598 1044 est,
629 990 742 1032 dictu
772 991 1009 1033 necessaria
1039 992 1306 1049 disseramus.
1499 1005 1526 1035 ιε

89 1078 214 1121 XXII
331 1080 455 1122 Nam
486 1096 560 1136 ea,
591 1096 715 1136 quae
753 1085 830 1123 est
867 1083 1025 1124 media
1057 1086 1105 1125 et
1141 1098 1287 1138 nona,
1324 1085 1479 1126 tellus
1520 1090 1526 1120 ’τ

158 1137 298 1191 inquit
333 1152 493 1193 neque
530 1142 762 1181 mouetur
798 1143 846 1181 et
881 1141 1062 1182 infima
1093 1143 1169 1182 est
1205 1144 1253 1182 et
1287 1141 1336 1183 in
1374 1156 1480 1184 eam

118 1194 395 1237 2feruntur
439 1197 606 1238 omnia
648 1200 771 1238 nutu
816 1212 902 1239 suo
945 1199 1178 1252 pondera.
1244 1199 1341 1240 illae
1381 1214 1479 1242 uere
1513 1197 1526 1261 {l

158 1252 409 1294 insolubiles
435 1268 585 1296 causae
617 1257 728 1308 sunt,
758 1269 864 1309 quae
889 1256 1046 1297 mutuis
1076 1256 1120 1297 in
1145 1257 1278 1298 uicem
1303 1258 1478 1299 nexibus

158 1310 411 1365 uinciuntur‚
441 1314 484 1352 et
514 1312 612 1353 dum
644 1313 776 1354 altera
808 1314 983 1354 alteram
1007 1314 1111 1355 facit
1142 1328 1190 1355 ac
1218 1315 1403 1356 uicissim
1429 1315 1478 1357 de

159 1382 203 1409 se.
245 1371 493 1423 nascuntur,
539 1384 770 1424 numquam
813 1385 838 1411 a
878 1372 1084 1412 naturalis
1129 1371 1342 1413 societatis
1392 1387 1478 1414 am-

156 1426 352 1479 plexibus
379 1432 639 1481 separantur.
687 1428 791 1469 talia
823 1431 922 1470 sunt
945 1429 1113 1470 uincula
1139 1429 1291 1484 quibus
1322 1433 1477 1472 terram
1507 1434 1511 1435 ⁷

156 1485 310 1525 natura
335 1485 599 1526 constrinxit.
658 1499 756 1527 nam
787 1486 880 1528 ideo
910 1487 955 1528 in
986 1501 1076 1528 eam
1102 1487 1293 1528 feruntur
1324 1489 1476 1543 omnia,
1508 1519 1509 1522 η

157 1541 258 1595 quia
288 1544 336 1582 ut
360 1542 499 1583 media
522 1557 607 1584 non
633 1546 841 1598 mouetur,
866 1543 959 1585 ideo
991 1547 1132 1586 autem
1161 1559 1247 1586 non
1272 1547 1477 1599 mouetur,

156 1599 254 1653 quia
278 1599 424 1640 infima
450 1602 527 1653 est,
556 1614 635 1641 nec
665 1603 833 1654 poterat
858 1602 1003 1643 infima
1025 1617 1113 1643 non
1138 1617 1242 1656 esse,
1271 1603 1315 1643 in
1347 1618 1474 1657 quam

156 1656 300 1698 omnia
329 1656 534 1699 feruntur.
593 1658 746 1700 horum
777 1659 962 1714 singula,
999 1674 1106 1714 quae
1136 1660 1474 1714 inseparabiliter

154 1714 351 1756 inuoluta
380 1729 521 1756 rerum
558 1715 604 1756 in
641 1730 685 1757 se
715 1718 944 1759 necessitas
975 1717 1129 1770 iunxit,
1164 1719 1371 1759 tractatus
1408 1733 1474 1759 ex·
1500 1727 1502 1729 ’

115 1771 141 1812 3
157 1772 310 1825 pediat.
383 1787 481 1815 non
523 1776 754 1815 mouetur
797 1775 868 1816 ait.
934 1777 999 1816 est
1046 1775 1156 1816 enim
1200 1778 1390 1828 centron,
1429 1777 1475 1817 in
1501 1775 1504 1791 ²

155 1829 335 1881 sphaera
377 1833 516 1872 autem
558 1831 696 1873 solum
740 1834 913 1874 centron
957 1832 1137 1873 diximus
1173 1847 1259 1874 non
1300 1835 1473 1888 moueri,
1495 1888 1499 1889 ⁷

248 1991 265 2021 1
293 1989 475 2024 diceretur
498 1994 539 2025 ut
561 1991 636 2026 uid.
663 1988 710 2026 B'
782 1995 802 2027 2
828 1991 974 2027 recedet
1000 1989 1049 2026 P'
1121 1992 1175 2028 [et
1194 1992 1231 2026 Β
1301 1996 1323 2026 4
1341 1993 1472 2038 recipit

152 2035 311 2068 remittit
334 2035 371 2069 P
445 2039 464 2069 5
492 2038 615 2071 autem
641 2037 712 2071 bP:
739 2048 826 2082 ergo
850 2038 887 2073 Β
964 2041 984 2072 6
1009 2038 1062 2072 set
1086 2039 1123 2072 B
1204 2041 1245 2073 11
1272 2038 1412 2086 etherei
1434 2038 1472 2073 B
1491 2063 1499 2082 χ

171 2082 176 2085 “
199 2080 360 2116 menbris
380 2081 417 2115 P
497 2086 538 2116 13
563 2093 630 2117 nos
655 2083 745 2118 satis
770 2084 833 2129 sit]
860 2083 1016 2119 sufficiat
1039 2084 1076 2119 B
1161 2086 1204 2119 14
1227 2084 1410 2129 sperarum
1433 2084 1470 2119 B
1495 2087 1497 2091 ⁴

153 2129 195 2162 17
223 2126 274 2160 est
297 2137 338 2160 in
362 2138 443 2162 eam
467 2128 536 2162 PB
631 2132 675 2163 20
700 2131 895 2164 uincuntur
922 2130 958 2164 P
1043 2131 1222 2175 posterior
1245 2140 1268 2164 a
1289 2131 1330 2166 in
1355 2131 1471 2166 altera

150 2173 192 2207 in
215 2183 286 2208 ras.
311 2174 353 2208 in
377 2174 414 2208 P
513 2184 592 2210 *ac
619 2174 656 2208 P
759 2178 803 2211 24
829 2177 952 2211 autem
977 2186 1041 2212 om.
1067 2177 1104 2212 P
1203 2179 1247 2212 25
1271 2178 1410 2221 poterit
1435 2175 1472 2210 P

152 2222 196 2253 28
222 2230 259 2254 in
285 2219 387 2264 spera
413 2221 535 2256 autem
559 2230 632 2255 non
656 2221 771 2256 solum
796 2223 948 2258 centron
973 2223 1056 2259 add.
1081 2224 1146 2258 Bm
1245 2226 1290 2258 29
1316 2221 1474 2258 diximus
1487 2251 1492 2270 5

149 2275 224 2300 non
249 2276 390 2301 moueri
415 2277 502 2309 quia
525 2266 665 2303 necesse
690 2268 742 2303 est
766 2269 897 2305 iterata
920 2269 961 2304 in
985 2269 1022 2304 B
