1526 2444
512 99 582 134 XII
608 101 746 135 16—18
780 97 867 133 XIII
895 101 984 133 1-6
1335 94 1424 139 535

75 208 213 250 niam
238 207 361 251 haec
393 210 470 250 est
494 209 622 264 uita,
653 209 707 250 ul]
730 205 1032 249 Africanum
1058 205 1208 248 audio
1235 204 1424 260 dicere,

77 266 195 322 quid
228 281 395 310 moror
432 267 484 308 in
519 266 704 309 terris?
767 266 890 322 quin
919 265 1014 307 huc
1041 264 1100 307 ad
1126 278 1217 308 uos
1242 264 1422 306 uenire

75 326 326 381 propero?
392 340 492 369 non
529 328 608 368 est
645 326 736 381 ita,
774 324 946 380 inquit
983 324 1085 366 ille.
1145 323 1251 366 nisi
1289 323 1422 365 enim

78 398 185 427 cum
236 385 358 427 deus
409 385 469 441 is,
519 385 661 428 cuius
711 385 806 427 hoc
847 384 1094 439 templum
1138 385 1216 425 est
1259 396 1422 438 omne,

42 443 209 499 5quod
267 444 543 500 conspicis,
599 443 719 486 istis
771 445 823 485 te
878 442 1111 498 corporis
1168 441 1422 485 custodiis

75 502 400 558 liberauerit,
430 503 527 545 huc
559 503 659 545 tibi
692 502 864 545 aditus
895 505 1074 557 patere
1104 515 1205 543 non
1235 502 1421 555 polest.

74 561 305 604 homines
360 562 493 604 enim
550 564 669 604 sunt
722 562 815 604 hac
863 562 978 616 lege
1029 560 1281 616 generati,
1338 559 1466 614 qui4

74 622 344 663 tuerentur
381 621 525 678 illum
562 621 789 677 globum,
826 634 970 676 quem
1007 620 1059 661 in
1096 619 1289 674 templo
1327 618 1422 661 hoc

74 679 292 722 medium
322 679 485 734 uides,
523 694 650 735 quae
681 682 820 722 terra
853 679 1060 722 dicitur:
1099 679 1284 733 hisque
1317 677 1422 719 ani—

19 752 180 780 iomus
232 738 381 781 datus
431 740 508 782 est
557 753 614 781 ex
655 739 765 781 illis
820 737 1150 792 sempiternis
1195 737 1422 792 ignibus,

76 811 202 852 quae
241 797 410 840 sidera
447 800 498 839 et
535 797 719 840 stellas
758 796 979 851 uocatis,
1015 810 1141 851 quae
1174 795 1421 850 globosae

74 857 124 897 et
159 856 406 898 rotundae
445 856 638 899 diuinis
677 856 933 899 animatae
964 855 1222 897 mentibus
1255 855 1420 897 circos

75 929 191 957 suos
235 915 484 970 orbesque
528 914 816 958 conficiunt
863 914 1140 957 celeritate
1178 913 1420 956 mirabili.

74 988 226 1028 quare
265 976 314 1016 et
351 974 469 1030 tibi,
507 974 676 1030 Publi,
713 976 762 1016 el:
792 973 895 1029 piis
927 973 1162 1017 omnibus
1193 973 1421 1015 retinen-

12 1046 54 1073 =15
74 1032 163 1074 dus
211 1033 408 1076 animus
446 1036 524 1075 est
560 1034 610 1076 in
648 1033 884 1076 custodia
922 1033 1172 1088 corporis,
1215 1046 1307 1074 nec
1345 1032 1422 1074 in-

73 1091 216 1134 iussu
248 1092 374 1144 eius,
405 1107 431 1134 a
462 1106 557 1147 quo
582 1093 672 1134 ille
699 1095 775 1135 est
801 1093 948 1135 uobis
975 1091 1143 1147 datus,
1175 1105 1233 1133 ex
1258 1091 1421 1133 homi-

1 1173 7 1176 ·
73 1165 189 1192 num
215 1151 324 1193 uita
344 1151 669 1207 migrandum
689 1154 783 1207 est,
813 1166 874 1194 ne
894 1165 1072 1194 munus
1093 1150 1420 1205 adsignatum

75 1224 99 1251 a
138 1209 227 1252 deo
266 1210 528 1266 defugisse
564 1211 856 1254 uideamini.
921 1210 1028 1253 haec
1067 1211 1184 1252 secta
1222 1212 1264 1251 et
1299 1211 1461 1264 prae-5

73 1269 215 1323 ceptio
252 1268 461 1312 Platonis·
484 1271 568 1322 est,
605 1270 679 1325 qui
714 1270 760 1311 in
797 1269 1026 1312 Phaedone
1063 1269 1213 1311 definit
1250 1268 1419 1311 homini

13 1340 58 1368 <no
76 1341 162 1370 non
194 1342 285 1370 esse
313 1343 390 1370 sua
416 1331 568 1384 sponte
594 1328 873 1371 moriendum.
929 1328 1002 1370 sed
1028 1329 1074 1370 in
1099 1327 1247 1370 eodem
1273 1330 1420 1371 tamen

73 1386 244 1443 dialogo
278 1387 391 1429 idem
423 1387 528 1430 dicit
558 1390 741 1430 mortem
774 1387 1182 1443 philosophantibus
1215 1386 1419 1442 adpeten-

0 1469 4 1496 ,5
72 1445 171 1487 dam
218 1448 261 1488 et
303 1446 440 1501 ipsam
478 1446 798 1502 philosophiam
835 1446 1161 1489 meditassionem
1199 1460 1292 1488 esse
1330 1461 1419 1488 mo-

0 1510 20 1555 st*
71 1505 219 1547 riendi.
285 1505 391 1548 haec
436 1506 519 1547 sibi
561 1519 663 1561 ergo
702 1506 920 1548 contraria
956 1505 1176 1560 uidentur,
1220 1505 1293 1547 sed
1331 1519 1419 1548 non

0 1548 6 1582 ’ἔ
71 1563 134 1605 ita
166 1566 242 1606 est.
303 1579 400 1606 nam
434 1564 559 1607 Plato
594 1565 700 1607 duas
734 1568 894 1607 morbes
925 1564 1113 1607 hominis
1144 1563 1279 1606 nouit.
1340 1579 1419 1608 nec

14 1634 52 1663 ιε
72 1622 153 1664 hoc
184 1637 298 1665 nunc
327 1626 488 1679 repeto,
519 1623 631 1679 quod
664 1623 859 1679 superius
892 1623 1054 1666 dictum
1083 1625 1161 1675 est,
1192 1622 1298 1665 duas
1326 1637 1419 1667 esse

5 1698 7 1707 ¹
73 1684 248 1737 mortes,
293 1697 423 1724 unam
461 1683 648 1738 animae,
691 1683 889 1725 animalis
929 1683 1127 1724 alteram:
1171 1682 1245 1724 sed
1282 1681 1419 1738 ipsius

5 1759 10 1806 ὲ
73 1755 242 1796 quoque
268 1741 480 1796 animalis,
507 1741 589 1784 hoc
616 1745 681 1784 est
704 1742 903 1797 hominis,
929 1742 1033 1783 duas
1060 1740 1221 1783 adserit
1246 1743 1419 1797 mor'ces,

6 1809 9 1814 ⁴
74 1814 255 1855 quarum
309 1815 439 1842 unam
490 1803 664 1855 natura,
718 1802 903 1843 uirtutes
954 1801 1133 1848 alteram
1181 1803 1417 1856 praestant.

72 1856 201 1901 homo
235 1859 347 1901 enim
378 1859 572 1914 moritur,
604 1874 700 1901 cum
725 1861 868 1902 anima
896 1874 1050 1914 corpus
1075 1859 1283 1914 relinquit
1307 1860 1417 1903 solu·
1433 1862 1460 1904 6

15 1928 54 1957 πο
73 1920 165 1959 tum
206 1918 301 1973 lege
343 1920 544 1960 naturae:
589 1919 699 1961 mori
743 1919 874 1961 ebiam
921 1918 1094 1972 dicitur,
1138 1931 1235 1961 cum
1273 1919 1418 1962 anima

73 1975 209 2019 adhuc
233 1976 280 2018 in
305 1991 483 2032 corpore
509 1978 746 2020 constituta
772 1992 998 2034 corporeas
1018 1977 1259 2020 inlecebras
1278 1978 1418 2033 philo-

72 2035 227 2089 sophia
264 2035 443 2078 docente
482 2036 734 2092 contemnit,
771 2039 814 2079 et
850 2037 1132 2093 cupiditatum
1170 2036 1315 2080 dulces
1353 2039 1418 2080 in-

72 2094 203 2136 sidias
245 2095 517 2151 reliquasque
561 2110 709 2138 omnes
747 2096 916 2138 exuitur
952 2095 1195 2151 passiones.'
1254 2099 1298 2139 et
1333 2097 1418 2140 hoc

71 2155 154 2207 est,
185 2153 299 2209 quod
330 2154 525 2209 superius
558 2169 608 2196 ex
640 2155 826 2198 secundo
857 2155 1068 2198 uirtutum
1100 2153 1269 2211 ordine,
1307 2170 1418 2211 quae

165 2297 186 2328 3
212 2292 277 2329 ille
302 2303 368 2330 om.
394 2293 431 2328 P
522 2297 546 2329 4
568 2294 618 2341 is]
643 2294 705 2330 hlc
733 2296 770 2330 P
859 2295 878 2331 7
905 2294 988 2330 funt
1012 2305 1078 2331 om.
1104 2293 1154 2330 P'
1241 2299 1283 2331 18
1310 2296 1417 2331 diffu-

71 2339 162 2386 gisse
191 2339 228 2374 P
288 2343 330 2376 19
356 2341 547 2389 phedrone
573 2341 610 2376 P
665 2345 709 2377 31
735 2341 968 2387 ph1losoph1e
995 2340 1042 2377 P'
1108 2345 1152 2378 32
1174 2344 1367 2388 contEpmt
1385 2342 1431 2378 P
