1526 2444
571 55 640 91 VII
668 58 805 91 10-19
1278 55 1363 98 157

16 165 166 222 pulum
204 178 339 219 usque
377 163 432 205 ad
464 163 736 219 aequalitatis
768 164 1091 206 contentionem
1124 163 1364 206 eruditione

16 224 226 279 prouexit.
298 223 484 278 populus
528 222 680 265 deinde
722 222 836 265 inter
883 224 1107 278 utriusque
1152 222 1364 278 suffragia
1382 223 1435 266 13

17 283 179 324 diuisus
212 284 290 335 est,
321 285 364 324 et
394 296 490 325 cum
522 281 735 324 canticum
768 282 982 336 quoddam
1008 282 1189 324 saltaret
1213 280 1365 337 Hylas,

18 341 136 384 cuius
163 341 353 383 clausula
385 343 477 382 erat
506 340 585 382 τὸν
615 338 755 395 μέγαν
782 337 1101 396 Ἀγαμέμνονα,
1137 339 1365 383 sublimem

17 401 317 456 ingentemque
342 399 478 454 Hylas
511 400 631 441 uelut
662 399 933 442 metiebatur.
988 414 1076 442 non
1108 400 1212 441 tulit
1241 398 1366 454 Pyla-

19 458 105 513 des,
136 461 180 501 et
204 459 465 502 exclamauit
491 473 512 500 e
538 473 670 500 cauea
696 460 751 500 σὺ
777 459 946 514 μακρὸν
972 458 1026 501 οὐ
1052 458 1191 513 μέγαν
1213 465 1365 508 ποιεῖς.

17 520 120 560 tunc
152 532 248 559 eum
279 518 463 572 populus
496 518 638 573 coegit
669 518 782 559 idem
809 519 964 560 saltare
989 518 1217 572 canticum,
1249 532 1364 560 cum·
1381 516 1438 559 14

18 591 99 632 que
132 576 186 618 ad
216 577 358 618 locum
389 576 590 628 uenisset,
622 591 749 631 quem
774 577 1120 632 reprehenderat,
1154 576 1367 632 expressit

20 635 300 690 cogitantem,
338 635 448 677 nihil
486 635 625 691 magis
663 638 785 678 ratus
816 649 976 691 magno
1008 635 1105 678 duci
1137 635 1365 677 conuenire

0 709 148 750 ·quam
190 708 270 749 pro
315 695 515 736 omnibus
559 694 762 750 cogitare.
830 694 1020 737 saltabat
1062 693 1201 749 Hylas
1243 693 1366 736 Oedi·
1382 693 1437 736 15

18 753 192 808 podem,
242 755 286 794 et
328 753 512 808 Pylades
561 753 642 795 hac
691 767 796 795 uoce
846 753 1121 795 securitatem
1166 753 1366 795 saltantis

18 812 251 867 castigauit
288 813 342 854 σὺ
379 809 564 866 βλέπεις.
631 825 727 853 cum
759 812 805 854 in
840 811 1026 854 Hercule
1062 812 1232 854 furente
1269 826 1365 866 pro·
1383 811 1437 854 16

20 870 171 926 disset,
205 873 248 912 et
276 885 363 913 non
395 871 523 913 nullis
554 871 770 913 incessum
802 871 1006 913 histrioni
1037 871 1367 913 conuenientem

19 943 107 971 non
139 943 311 971 seruare
349 929 584 982 uideretur,
622 929 819 985 deposita
856 944 1040 984 persona
1075 930 1265 972 ridentes
1302 929 1365 971 in·

0 988 185 1043 *crepuit
222 990 382 1043 μωροί,
419 990 689 1043 μαινόμενον
727 988 957 1045 ὀρχοῦμαι.
1017 989 1100 1031 hac
1136 988 1287 1030 fabula
1324 990 1368 1030 et
1384 988 1437 1031 17

21 1047 202 1102 sagittas
245 1047 346 1089 iecit
388 1048 434 1089 in
475 1048 696 1103 populum.
771 1049 952 1090 eandem
996 1062 1225 1102 personam
1270 1061 1366 1090 cum

18 1105 139 1148 iussu
171 1106 359 1161 Augusti
390 1106 434 1148 in
465 1107 654 1149 triclinio
687 1110 835 1162 ageret
868 1110 911 1149 et
940 1107 1126 1149 intendit
1152 1121 1297 1149 arcum
1323 1108 1369 1148 et

21 1165 188 1220 spicula
218 1165 397 1208 inmisit.
451 1180 530 1208 nec
560 1166 809 1223 indignatus
842 1169 907 1209 est
938 1165 1110 1221 Caesar,
1142 1166 1291 1208 eodem
1322 1179 1367 1207 se

22 1223 118 1265 loco
144 1223 310 1278 Pyladi,
336 1238 420 1279 quo
445 1225 653 1279 populum
678 1225 933 1279 Romanum,
963 1226 1109 1268 fuisse.
1158 1225 1242 1279 hie,
1267 1225 1369 1279 quia
1383 1224 1438 1267 18

0 1281 241 1325 »ferebatur
277 1285 467 1325 mutasse
498 1284 614 1326 rudis
646 1284 761 1326 illius
795 1284 1038 1327 saltationis
1069 1285 1217 1338 ritum,
1258 1297 1369 1338 quae

22 1341 134 1395 apud
159 1341 345 1384 maiores
371 1342 522 1396 uiguit,
552 1346 595 1384 et
619 1346 846 1385 uenustam
871 1343 1090 1385 induxisse
1115 1344 1369 1397 nouitatem,

20 1400 312 1501 ἰῑιί-,εηοέῗήιιε
353 1401 407 1442 ab
439 1401 658 1457 Augusto,
696 1417 805 1457 quae
844 1402 1068 1444 saltationi
1099 1401 1370 1456 contulisset,

20 1473 176 1513 respon
209 1475 222 1500 1

81 1540 230 1583 αὐλῶν
262 1543 486 1597 συρίγγων
516 1540 552 1584 τ’
592 1541 758 1598 ἐνοπὴν
789 1543 959 1598 ὅμαδόν
989 1541 1025 1584 τ’
1064 1541 1329 1599 ἀνθρώπων.

0 1623 134 1666 ‚idem
171 1638 267 1666 cum
303 1626 479 1679 propter
515 1625 663 1679 populi
696 1625 952 1668 seditionem
983 1640 1062 1680 pro
1094 1626 1368 1668 contentione
1385 1625 1438 1667 19

20 1682 134 1724 inter
170 1697 215 1724 se
251 1681 495 1738 Hylamque
535 1683 687 1726 habita
724 1686 987 1727 concitatam
1024 1685 1368 1741 indignationem

22 1741 260 1796 excepisset
301 1740 510 1798 Augusti,
560 1744 782 1798 respondit
830 1742 904 1786 ναὶ
954 1743 1201 1800 ἀχαριστεΐς
1243 1746 1368 1798 βασι-

23 1802 118 1842 λεῦ·
150 1801 282 1843 ἔασον
314 1800 475 1851 αὐτοὺς
504 1800 604 1857 περὶ
635 1801 748 1858 ἡμᾶς
778 1802 1093 1859 ἀσχολεῖσθαι.’

115 1914 161 1946 24
185 1910 294 1947 Hom.
321 1911 363 1946 ΙΙ.
391 1912 416 1946 Κ
444 1915 486 1947 13

115 2015 136 2046 2
162 2010 325 2055 utrisque
350 2010 397 2046 B'
467 2016 487 2047 3
514 2011 614 2047 hilar
632 2012 710 2047 BP
775 2018 797 2049 4
822 2013 1162 2059 ΔΓΑΜΕΝῙΝΟΝΔ·
1188 2014 1225 2048 Ρ
1290 2017 1311 2048 6
1331 2013 1370 2048 et

22 2066 90 2094 om.
117 2058 153 2092 P
244 2062 264 2093 9
291 2058 547 2103 mag1stratru1
571 2060 625 2104 B,
658 2060 778 2095 maius
804 2063 906 2096 ratus
933 2062 953 2096 b
1052 2065 1096 2096 10
1121 2064 1309 2109 quantos&
1335 2061 1372 2096 P

22 2104 120 2141 lulas
144 2105 180 2139 P
235 2110 276 2140 11
304 2106 450 2150 pilades
465 2106 500 2140 P
555 2111 598 2142 12
626 2108 807 2144 ΒΛΕΝΕΙΕ
825 2108 862 2143 Β
921 2107 1080 2143 Hercule
1106 2109 1252 2143 furente
1278 2111 1367 2144 Gro-

21 2152 173 2187 nonius:
198 2151 397 2187 Herculem
421 2153 604 2189 furentem
631 2155 733 2199 (BP)
819 2158 863 2190 15
890 2156 1176 2191 ΜΑΝΕΜΕΝΟΝ
1197 2156 1233 2190 Β
1324 2158 1367 2190 17

21 2203 291 2236 *****arcf1
316 2200 354 2235 P
412 2203 455 2235 18
481 2200 581 2236 misit
609 2202 646 2236 P
704 2202 740 2237 se
765 2213 832 2238 om.
858 2199 906 2238 P'
983 2206 1029 2238 20
1054 2202 1302 2243 salutatiossms
1321 2201 1367 2237 B'

24 2248 69 2281 22
94 2245 327 2282 salutatioms
347 2244 394 2282 B'
456 2251 502 2283 24
527 2249 678 2284 ΛΥΛΟΝ
706 2250 743 2284 P
799 2251 982 2286 ΕΝΟΠΕΝ
1008 2250 1044 2284 Β
1093 2251 1367 2285 ΔΝΔΡωΠωΝ

25 2291 62 2328 Β
98 2296 142 2329 27
155 2295 216 2330 ναὶ
228 2294 422 2340 Hauptius
434 2306 555 2340 opusc.
569 2295 652 2331 III
662 2299 751 2333 633:
767 2299 827 2332 καὶ
840 2298 946 2343 (ΒΡ)
977 2300 1023 2332 28
1038 2297 1369 2333 ΑΕΧΟΛΕΙΕΤΑΙΒ
