1526 2444
456 654 679 698 LIBER
723 653 994 697 SEXTVS

165 749 249 792 Hic
285 749 584 791 Praetextatus
617 747 804 790 ‘mirum'
846 748 989 804 inquit
1025 747 1084 790 ‘in
1121 748 1297 791 modum
1334 749 1394 791 di-

50 809 185 865 gessit
210 808 479 863 Eustathius,
510 822 617 863 quae
650 807 700 849 de
725 806 889 849 Graeca
921 807 1180 863 antiquitate
1213 809 1394 850 carmini

50 882 126 910 suo
167 867 385 923 Vergilius
422 867 613 909 inseruit.
681 865 755 908 sed
792 866 1084 921 meminimus,
1127 867 1243 909 uiros
1280 867 1393 909 inter

49 941 195 969 omnes
233 928 384 968 nostra
421 927 561 968 aetate
592 925 720 981 longe
751 924 1043 977 doctissimos,
1079 924 1258 968 Furium
1290 924 1393 969 Gae-

13 1003 30 1030 5
50 985 274 1041 cinamque
317 984 521 1040 Albinos,
569 984 838 1039 promisisse,
890 998 934 1026 se
979 984 1243 1040 prodituros,
1290 985 1392 1040 quid

47 1043 159 1086 idem
191 1043 313 1086 Maro
346 1043 396 1085 de
429 1043 617 1099 antiquis
649 1042 856 1085 Romanis
889 1043 1174 1099 scriptoribus
1201 1044 1392 1099 traxerit,

0 1099 5 1115 ³
47 1103 161 1158 quod
191 1117 307 1145 nunc
331 1104 379 1144 ut
403 1103 480 1145 fiat
503 1104 672 1157 tempus
700 1101 930 1144 admonet.'
981 1116 1161 1157 cumque
1188 1102 1387 1145 omnibus

0 1165 2 1170 '
45 1161 160 1204 idem
195 1162 400 1216 placeret,
437 1163 529 1203 tum
569 1161 723 1203 Furius
757 1161 942 1203 Albinus
982 1161 1079 1203 ‘etsi
1117 1175 1286 1217 uereor,
1323 1176 1390 1216 ne,

46 1220 145 1262 dum
196 1220 420 1263 ostendere
464 1220 589 1274 cupio
634 1222 840 1275 quantum
886 1219 1105 1276 Vergilius
1149 1222 1297 1263 noster
1339 1235 1390 1263 ex

0 1297 27 1325 ιο
46 1279 334 1334 antiquiorum
370 1279 553 1321 lectione
590 1279 837 1334 profecerit,
876 1281 920 1321 et
958 1293 1064 1334 quos
1103 1293 1154 1321 ex
1189 1280 1389 1322 omnibus

43 1337 171 1380 flores
207 1339 276 1380 uel
313 1351 423 1393 quae
458 1338 505 1380 in
542 1338 743 1380 carminis
782 1338 849 1380 sui
886 1338 1081 1380 decorem
1120 1352 1171 1380 ex
1205 1338 1387 1380 diuersis

45 1399 298 1439 ornamenta
347 1397 565 1451 libauerit‚
615 1396 883 1439 occasionem
932 1397 1270 1451 reprehendendi
1318 1398 1387 1439 uel

43 1455 240 1510 inperitis
265 1456 335 1497 uel
359 1456 562 1511 malignis
589 1455 843 1511 ministrem,
873 1455 1235 1510 exprobrantibus
1261 1458 1384 1498 tanto

0 1555 5 1559 ,
43 1514 136 1556 uiro
181 1514 308 1556 alieni
350 1515 675 1569 usurpationem
718 1528 796 1556 nec
840 1513 1231 1569 considerantibus,
1275 1514 1388 1557 hunc

0 1587 25 1623 ψ
44 1587 137 1615 esse
168 1573 352 1615 fructum
377 1573 550 1629 legendi
576 1573 784 1614 aemulari
809 1588 870 1626 ea,
896 1587 1003 1627 quae
1029 1573 1074 1614 in
1100 1573 1196 1615 aliis
1216 1573 1386 1628 probes,

16 1632 86 1674 'et
122 1646 231 1687 quae
269 1632 454 1675 maxime
490 1631 604 1674 inter
642 1632 824 1674 aliorum
861 1631 976 1674 (licta
1007 1632 1194 1687 mireris,
1232 1633 1277 1674 in
1309 1633 1385 1675 ali-

9 1694 14 1699 ’
43 1705 168 1746 quem
204 1705 330 1733 usum
374 1693 498 1732 tuum
539 1693 782 1746 opportuna
818 1690 1082 1732 deriuatione
1123 1694 1387 1746 conuertere,

42 1749 154 1804 quod
186 1752 228 1791 et
258 1750 397 1792 nostri
428 1753 519 1792 tam
550 1750 664 1791 inter
696 1764 740 1791 se
772 1764 901 1805 quam
933 1764 958 1791 a
983 1749 1157 1792 Graecis
1183 1752 1227 1792 et
1253 1749 1386 1792 Grae-

43 1821 189 1850 corum
227 1809 480 1851 excellentes
517 1809 631 1850 inter
668 1822 712 1850 se
751 1823 878 1864 saepe
916 1808 1120 1851 fecerunt.
1181 1811 1224 1850 et
1254 1812 1303 1850 ut
1334 1810 1385 1852 de

0 1866 297 1924 »alienigenis
325 1870 504 1922 taceam,
533 1881 704 1923 possem
731 1868 927 1922 pluribus
954 1867 1142 1923 edocere,
1175 1871 1385 1923 quantum

42 1939 87 1967 se
136 1929 284 1969 mutuo
334 1927 594 1982 conpilarint
637 1926 924 1969 bibliothecae
972 1927 1128 1968 ueteris
1173 1929 1384 1982 auctores,

42 1985 153 2038 quod
183 1987 331 2027 tamen
361 1988 601 2041 opportune
633 1986 752 2040 alias,
785 1986 822 2027 si
853 1985 1097 2028 uolentibus
1129 1986 1254 2028 uobis
1287 1987 1382 2039 erit,

41 2043 244 2097 probabo.
305 2058 438 2086 unum
474 2059 589 2087 nunc
625 2045 867 2099 exemplum
902 2044 1137 2100 proferam,
1176 2045 1290 2100 quod
1330 2045 1383 2087 ad

41 2101 262 2156 probanda
287 2117 395 2158 quae
421 2103 572 2146 adsero
598 2118 732 2159 paene
758 2103 953 2146 sufficiet.
1000 2103 1240 2147 AFRANIVS
1267 2104 1383 2146 enim

134 2220 155 2253 8
180 2220 257 2254 tsi*
282 2220 318 2254 P
411 2223 454 2254 12
479 2219 656 2255 huauerit
682 2220 718 2255 P
811 2224 854 2254 13
879 2219 1067 2264 lmperltls
1088 2220 1124 2255 P
1214 2223 1257 2255 14
1281 2219 1382 2254 usur-

41 2265 190 2309 patione
213 2267 250 2301 P
357 2270 400 2302 16
426 2266 622 2303 *mahta
645 2267 682 2302 P
788 2270 830 2301 17
858 2267 1080 2302 dmuatione
1107 2267 1144 2301 P
1244 2271 1290 2302 20
1316 2268 1382 2302 ah-

40 2323 146 2368 gemf
167 2324 216 2360 P'
290 2329 334 2361 21
360 2314 567 2373 b1bho*i·ece
593 2325 629 2360 P

1425 755 1447 796 I

1421 1109 1448 1150 2

1417 1816 1444 1857 3

1414 2110 1443 2151 4
