1526 2444
182 60 268 102 334
683 62 780 98 SAT.
805 63 933 98 LIBRI
959 62 991 97 V

182 165 434 220 Symaethus
466 167 638 222 fluuius,
669 168 784 210 cuius
815 168 860 209 in
889 168 957 210 his
988 169 1182 210 uersibus
1214 170 1423 224 meminit,
1451 171 1496 212 in

182 222 324 265 Sicilia
362 227 440 277 est,
476 224 536 265 ita
574 227 616 266 et
651 226 692 266 di
722 225 856 267 Palici
886 227 931 267 in
962 225 1106 268 Sicilia
1139 227 1352 292 coluntur,
1390 203 1495 281 q'uos

179 282 340 334 primus
397 282 583 323 omnium
637 282 919 337 Aeschylus
973 285 1179 338 tragicus,
1234 285 1299 325 uir
1351 286 1495 339 utique

180 338 360 393 Siculus,
403 340 448 380 in
495 340 660 382 litteras
710 341 843 395 dedit,
890 341 1281 395 interpretationem
1330 357 1496 397 quoque

177 397 361 438 nominis
394 411 551 451 eorum,
583 412 709 452 quam
741 398 888 440 Graeci
920 398 1202 452 ἐτυμολογιάν
1232 402 1397 453 uocant,
1428 414 1494 441 ex-

177 454 333 507 pressit
362 455 554 496 uersibus
587 455 684 496 suis.
739 456 812 497 sed
842 457 1088 510 priusquam
1118 471 1264 498 uersus
1295 457 1494 523 Aeschyli

111 512 162 552 18
177 525 347 566 ponam,
376 513 522 565 paucis
554 513 817 567 explananda
848 517 913 555 est
943 514 1121 556 historia
1151 514 1396 556 Palicorum.
1449 516 1495 556 in

179 569 322 611 Sicilia
363 568 615 624 Symaethus
658 571 810 612 fluuius
854 574 928 613 est.
994 572 1113 613 iuxta
1155 572 1268 613 hunc
1307 572 1495 627 nympha

177 627 332 668 Thalia
362 641 593 682 conpressu
618 627 733 670 Iouis
765 629 941 683 grauida
969 633 1084 671 metu
1110 629 1283 671 Iunonis
1315 630 1493 684 optauit,

177 687 223 726 ut
260 685 341 726 sibi
377 687 490 727 terra
527 686 772 728 dehisceret.
832 686 989 728 factum
1027 690 1102 728 est.
1164 688 1235 728 sed
1272 688 1344 728 ubi
1375 688 1492 729 uenit
1512 705 1526 729 1

175 746 344 796 tempus
369 744 628 785 maturitatis
653 743 875 798 infantum,
901 759 1005 798 quos
1027 745 1123 786 aluo
1143 744 1218 786 illa
1237 748 1491 799 gestauerat,

175 801 338 842 reclusa
367 803 483 842 terra
508 804 583 854 est,
614 804 655 842 et
680 801 761 843 duo
787 802 970 843 infantes
998 802 1047 843 de
1074 803 1169 844 aluo
1195 802 1370 844 Thaliae
1395 817 1492 856 pro-

177 859 311 912 gressi
349 861 626 912 emerserunt,
663 859 948 925 appellatique
980 862 1077 901 sunt
1106 860 1270 901 Palici
1301 859 1383 901 ἀπὸ
1413 866 1492 902 τοῦ

174 915 306 956 πάλιν
339 914 528 969 ἱκέσθαι,
560 917 758 971 quoniam
788 917 903 971 prius
935 918 978 958 in
1009 920 1167 958 terram
1198 918 1324 958 mersi
1355 918 1490 959 denuo

109 973 274 1015 191nde
309 975 468 1015 reuersi
500 977 608 1015 sunt.
667 989 745 1015 nec
774 975 902 1030 longe
933 975 1031 1016 inde
1063 975 1179 1016 lacus
1210 976 1358 1016 breues
1391 979 1491 1017 sunt
1511 993 1524 1017 1

175 1031 279 1072 sed
267 1045 311 1071 m
329 1032 567 1072 inmensum
586 1032 792 1086 profundi,
813 1047 1015 1087 aquarum
1035 1032 1313 1088 scaturrigine
1329 1047 1492 1087 semper

174 1089 443 1143 ebullientes,
487 1103 592 1143 quos
631 1090 794 1131 incolae
831 1094 1016 1132 crateras
1053 1093 1208 1131 uocant
1245 1092 1286 1131 et
1321 1091 1491 1131 nomine

174 1145 348 1188 Dellos
375 1148 601 1201 appellant,
626 1147 864 1202 fratresque
890 1162 961 1189 eos
987 1148 1222 1189 Palicorum
1250 1148 1492 1202 aestimant,

174 1206 216 1245 et
267 1204 478 1245 habentur
530 1205 575 1245 in
630 1206 745 1246 cultu
799 1205 982 1247 maximo
1032 1205 1333 1260 praecipueque
1381 1206 1491 1248 circa

174 1262 424 1316 exigendum
454 1262 572 1303 iuxta
603 1276 673 1304 eos
705 1263 770 1304 ius
802 1263 1024 1305 iurandum
1050 1277 1248 1317 praesens
1274 1266 1316 1304 et
1340 1263 1489 1304 efficax
1509 1281 1526 1307 2

103 1321 159 1361 20
173 1333 329 1360 numen
367 1319 613 1361 ostenditur.
672 1334 771 1361 nam
809 1335 903 1362 cum
938 1321 1042 1362 furti
1082 1321 1227 1375 negati
1255 1321 1324 1362 uel
1355 1321 1490 1362 cuius·
1520 1331 1523 1333 ’

173 1391 253 1431 que
302 1377 416 1419 modi
463 1377 525 1418 rei
574 1378 674 1419 fides
724 1379 958 1433 quaeritur,
1006 1381 1048 1420 et
1090 1379 1155 1420 ius
1197 1378 1420 1419 iurandum
1467 1393 1494 1420 a

173 1437 368 1489 suspecto
405 1436 581 1489 petitur,
617 1438 793 1490 uterque
829 1437 882 1478 ab
917 1436 1031 1478 omni
1062 1436 1314 1491 contagione
1344 1436 1489 1477 mundi

173 1492 226 1533 ad
258 1495 441 1534 crateras
473 1493 689 1548 accedunt,
720 1497 891 1548 accepto
922 1495 1038 1550 prius
1069 1494 1311 1536 fideiussore
1342 1509 1367 1535 a
1395 1507 1487 1548 per-

173 1564 288 1605 sona,
314 1565 421 1605 quae
446 1551 637 1593 iuratura
661 1554 726 1593 est
752 1552 800 1593 de
826 1552 1030 1594 soluendo
1057 1566 1105 1594 eo
1131 1551 1242 1606 quod
1264 1553 1487 1606 peteretur,
1506 1569 1526 1597 m

103 1610 155 1650 21
173 1608 209 1649 si
263 1608 493 1650 addixisset
541 1612 728 1652 euentus.
806 1610 893 1652 illic
941 1610 1139 1652 inuocato
1187 1609 1271 1651 loci
1317 1609 1489 1650 numine

171 1668 376 1708 testatum
412 1666 596 1708 faciebat
632 1681 723 1708 esse
763 1668 925 1709 iurator
955 1668 1005 1709 de
1037 1681 1118 1721 quo
1149 1668 1319 1708 iuraret.
1379 1666 1490 1721 quod

172 1724 208 1765 si
233 1724 415 1765 fideliter
438 1724 595 1766 faceret
621 1725 862 1767 discedebat
886 1725 1085 1779 inlaesus,
1111 1725 1147 1766 si
1171 1739 1271 1766 uero
1298 1725 1489 1766 subesset

170 1781 252 1822 iuri
282 1782 459 1824 iurando
492 1783 604 1824 mala
635 1783 905 1837 conscientia,
935 1796 1033 1824 mox
1063 1783 1108 1823 111
1138 1782 1234 1823 lacu
1265 1782 1488 1823 amittebat

171 1838 306 1880 uitam
339 1840 470 1881 falsus
502 1841 675 1882 iurator.
723 1841 828 1883 haec
859 1855 924 1882 res
949 1841 1011 1882 ita
1034 1840 1283 1895 religionem
1307 1840 1486 1881 fratrum
1504 1855 1526 1884 a·

266 1992 283 2022 1
322 1988 499 2032 sym&hus
530 1989 574 2032 P,
610 1988 760 2024 rimetur
791 1989 827 2023 R
969 1993 988 2023 3
1020 1967 1172 2023 aefcssus
1197 1988 1241 2031 P,
1278 1987 1429 2023 aesciluf
1452 1987 1490 2022 R
1524 1983 1526 2013 l

170 2072 191 2103 5
222 2035 493 2104 ΕΘΙΥΜΟΛῼΓΙΑΝ
523 2069 560 2103 Ρ
675 2073 695 2104 6
725 2069 875 2104 aesch1h
904 2069 948 2111 P,
979 2069 1101 2104 aescili
1129 2069 1166 2104 R
1283 2072 1303 2103 8
1333 2046 1424 2112 sylha
1451 2067 1490 2102 R
1522 2026 1526 2098 l

169 2114 347 2159 sym&hus
367 2115 403 2150 P
494 2119 515 2150 9
538 2115 632 2150 talia
658 2114 737 2150 PR'
830 2119 873 2150 10
899 2115 1072 2150 deisceret
1096 2115 1144 2150 P'
1239 2119 1279 2149 12
1304 2116 1417 2150 taliae
1440 2110 1486 2149 R‘
1521 2102 1526 2141 l

172 2165 214 2196 15
238 2161 371 2196 breues
390 2172 456 2197 om.
482 2159 527 2196 R'
643 2165 685 2196 16
709 2161 924 2196 lmmenl'um
948 2161 1016 2196 PR
1124 2165 1166 2196 21
1193 2162 1364 2205 cuiusque
1389 2159 1491 2195 modi
1520 2143 1526 2203 l

168 2208 314 2252 scripsi:
341 2207 584 2242 culuscemodl
606 2208 678 2243 PR
801 2211 846 2242 24
872 2218 894 2242 a
916 2207 1071 2252 persona
1095 2218 1159 2243 om.
1185 2208 1222 2242 P
1342 2211 1386 2242 26
1410 2205 1488 2242 illie.
1502 2179 1526 2263 fl

173 2254 495 2299 Cantabriyiensis:
519 2253 583 2290 1lle
608 2254 678 2289 PR
749 2257 792 2289 28
817 2253 941 2289 illesus
960 2254 997 2288 P

1516 2355 1519 2392 l

1502 2422 1518 2444 ι
