1526 2444
0 0 17 15 Y

0 25 13 43 η

0 52 10 105 3
499 51 603 87 V1111
629 54 744 87 9—10
781 50 815 86 X
841 54 931 86 1-7
1302 45 1386 89 617

43 161 236 213 diffundi,
270 161 306 203 si
338 160 510 216 quidem
537 159 720 215 Gangen
745 162 970 202 transnare
994 157 1064 200 uel
1089 155 1389 199 transcendere

43 220 279 264 Caucasum
316 219 503 262 Romani
548 219 735 262 nominis
773 218 890 260 fama
928 231 1016 259 non
1058 215 1214 270 ualuit,
1258 228 1390 270 spem,

42 294 170 335 quam
203 279 252 321 de
284 279 566 335 propaganda
595 279 683 320 late
715 278 852 334 gloria
878 278 977 318 ante
1009 276 1155 318 oculos
1191 273 1389 329 ponendo

8 348 12 354 '
42 338 181 381 nostri
213 338 328 380 orbis
361 338 585 394 angustias
612 336 857 392 amputauit
893 335 989 377 uult
1020 336 1063 376 et
1089 332 1388 376 diuturnitatis

0 397 231 458 ,fn-auferre,
268 400 317 439 ut
348 397 471 452 plene
511 397 654 439 animo
692 396 863 451 nepotis
896 395 1190 448 contemptum
1224 391 1415 448 gloriae

1 494 6 504 ,
43 471 219 512 compos
264 455 484 498 dissuasor
526 455 727 497 insinuet.
796 456 840 496 et
877 454 938 496 ait
975 467 1055 494 nec
1091 452 1136 493 in
1174 451 1255 493 hac
1294 450 1434 506 ipsa4

3 519 6 525 “
41 517 177 570 parte,
208 515 254 557 in
286 529 415 570 quam
447 515 653 569 sapientis
686 517 729 555 et
758 512 884 555 fortis
916 512 999 554 uiri
1029 525 1186 553 nomen
1219 524 1389 565 serpere

0 573 2 578 ’
42 577 200 629 potest,
231 573 530 616 aeternitatem
561 572 750 615 nominis
781 586 908 627 posse
935 571 1100 625 durare,
1132 584 1229 611 cum
1261 569 1390 611 modo

0 682 2 684 v
45 634 267 675 exustione
300 633 427 675 modo
455 633 654 674 eluuione
685 634 898 673 terrarum
931 628 1216 672 diuturnitate
1247 642 1391 669 rerum

0 691 282 734 &intercedat
325 705 514 734 occasus.
581 690 694 746 quod
738 690 864 745 quale
909 689 964 730 sit
1009 688 1277 730 disseremus.
1345 685 1435 728 1115

6 753 11 756 ”
43 751 125 793 hac
150 750 264 792 enim
295 753 419 806 parte
451 751 666 793 tractatus
697 749 775 790 illa
810 747 1006 802 quaestio
1032 747 1218 788 latenter
1250 745 1391 787 absol-

43 810 172 860 uitur,
198 823 307 864 quae
326 809 559 851 multorum
580 808 866 863 cogitationes
892 807 943 848 de
964 805 1224 861 ambigenda
1243 804 1392 846 mundi

45 868 300 910 aeternitate
321 867 539 910 sollicitat.
587 882 690 909 nam
717 866 812 922 quis
837 865 964 907 facile
991 864 1196 906 mundum
1222 863 1434 919 semper6
1491 894 1494 896 -

44 927 179 969 fuisse
211 926 472 981 consentiat,
510 940 606 968 cum
638 928 682 968 et
711 925 807 980 ipsa
837 924 1117 966 historiarum
1147 922 1253 964 fides
1284 923 1414 988 mUII„

0 996 28 1044 [ὗ
46 989 190 1028 larum
241 1000 385 1027 rerum
441 986 604 1027 Gustum
653 983 1081 1038 emendationemque
1130 982 1200 1023 uel
1252 981 1393 1036 ipsam
1431 967 1522 1006 &³

2 1058 7 1089 ζ
45 1045 338 1087 inuentionem
380 1046 595 1086 recentem
644 1057 736 1085 esse
791 1042 997 1097 fateatur,
1044 1054 1222 1096 cumque
1265 1039 1392 1082 rudes

8 1119 11 1121 ·
45 1104 233 1159 primum
269 1103 467 1146 homines
506 1106 550 1145 et
585 1102 750 1150 incuria
794 1101 982 1156 siluestri
1019 1115 1105 1143 non
1144 1099 1329 1141 multum
1369 1113 1394 1140 a

46 1163 234 1205 ferarum
266 1162 499 1217 asperitate
532 1161 764 1204 dissimiles
800 1160 1043 1202 meminerit
1074 1159 1144 1201 uel
1175 1158 1393 1200 fabuletur

49 1221 298 1277 antiquitas,
328 1220 571 1276 tradatque,
602 1235 681 1262 nec
712 1220 827 1262 hunc
858 1219 933 1272 eis,
964 1233 1047 1274 quo
1074 1232 1187 1260 nunc
1218 1216 1393 1267 utimur,

0 1281 211 1323 nuictum
253 1280 386 1322 fuisse
435 1280 510 1322 sed
553 1278 708 1335 glande
748 1278 867 1334 prius
907 1280 951 1320 et
994 1277 1113 1319 bacis
1152 1277 1263 1318 altos
1297 1290 1392 1317 sero

47 1353 238 1395 sperasse
277 1339 327 1380 de
372 1339 502 1381 sulcis
541 1338 813 1393 alimoniam,
855 1351 1033 1392 cumque
1071 1337 1134 1378 ita
1173 1334 1394 1377 exordium

46 1412 188 1440 rerum
221 1401 266 1440 et
296 1398 433 1453 ipsius
458 1397 672 1439 humanae
697 1396 886 1439 nationis
913 1397 1151 1451 opinemur,
1181 1397 1232 1435 ut
1264 1407 1395 1435 aurea

45 1457 232 1512 primum
264 1456 436 1498 saecula
471 1456 603 1498 fuisse
641 1456 888 1510 credamus,
930 1458 973 1497 et
1002 1454 1100 1495 inde
1131 1457 1287 1495 natura
1317 1466 1396 1507 per

7 1533 11 1535 -
47 1516 226 1558 metalla
275 1515 433 1557 uiliora
482 1514 744 1570 degenerans
787 1514 901 1556 ferro
958 1513 1129 1555 saecula
1177 1514 1396 1567 postrema

0 1585 30 1614 ιε
49 1573 316 1617 foedauerit‘?
365 1589 414 1616 ac
439 1589 493 1616 ne
517 1576 658 1616 totum
683 1573 906 1615 uideamur
933 1572 983 1614 de
1009 1571 1168 1614 fabulis
1194 1570 1395 1623 mutuari,
1411 1571 1436 1612 7

50 1633 146 1689 quis
177 1648 265 1676 non
294 1633 397 1675 hinc
429 1634 640 1687 aestimet,
673 1632 881 1674 mundum
914 1631 1166 1686 quandoque
1192 1629 1397 1684 coepisse,

50 1695 93 1734 et
129 1707 206 1735 nec
238 1693 413 1747 longam
443 1695 558 1734 retro
598 1691 687 1733 eius
721 1692 919 1741 aetatem,
950 1705 1047 1732 cum
1089 1688 1244 1731 abhinc
1282 1688 1398 1729 ultra

51 1751 134 1793 duo
160 1753 276 1793 retro
303 1765 512 1793 annorum
533 1750 652 1792 milia
678 1750 729 1792 de
756 1750 982 1792 excellenti
1006 1763 1149 1790 rerum
1175 1749 1397 1804 gestarum

52 1810 261 1852 memoria
285 1824 340 1851 ne
367 1809 531 1852 Graeca
558 1809 730 1865 quidem
757 1811 873 1850 extet
898 1807 1111 1850 historia?
1142 1821 1242 1848 nam
1268 1820 1399 1860 supra

0 1881 35 1909 so
52 1867 228 1923 Ninum,
260 1884 284 1910 a
316 1883 399 1924 quo
432 1868 679 1911 Semiramis
712 1867 946 1909 secundum
972 1866 1181 1922 quosdam
1212 1865 1399 1907 creditur

149 1978 165 2008 1
194 1972 349 2007 diffendi
374 1970 426 2007 P'
497 1982 658 2018 gangem
682 1972 724 2007 ‘ni
747 1972 861 2016 fallor
878 1970 926 2029 ξ’
999 1969 1342 2006 transcenscendere
1362 1969 1399 2003 Β

52 2059 72 2090 2
101 2054 287 2091 causarum
313 2053 360 2090 B‘
387 2058 419 2089 et
442 2054 485 2090 ni
506 2055 621 2098 fallor
646 2052 694 2089 P'
768 2057 791 2088 4
816 2029 1048 2098 ᾶιιιιῖῐιέιὴῆὺιΐ
1064 2053 1109 2096 Ρ,
1136 2051 1399 2088 diuturnitat1*

53 2103 148 2148 (fuit
171 2102 205 2147 Γ)
230 2102 267 2136 Β
364 2105 384 2137 5
412 2103 587 2137 contentu
615 2102 652 2136 P
746 2105 767 2137 6
793 2112 838 2137 ao
865 2100 915 2136 P'
1017 2103 1038 2134 9
1064 2101 1303 2135 d1uturn1tat1
1326 2099 1398 2133 PB

55 2153 98 2185 12
122 2149 226 2184 madi
253 2148 302 2183 P'
421 2153 463 2184 13
488 2149 603 2184 mudfi
627 2148 677 2184 P'
794 2152 838 2184 17
863 2147 1028 2184 lucunas
1046 2145 1095 2182 P‘
1212 2150 1258 2182 20
1283 2147 1337 2181 set
1362 2146 1399 2180 Β

52 2200 99 2232 24
124 2196 307 2242 degerans
326 2194 372 2231 B'
494 2198 540 2230 25
564 2196 748 2232 fedauent
772 2196 815 2240 P,
841 2196 1027 2244 fedauent
1050 2195 1088 2229 Β
1203 2195 1341 2229 mutan
1365 2193 1402 2227 P

54 2242 362 2325 26scep1ffelll3²3B
424 2246 469 2278 29
494 2253 562 2279 nec
586 2244 624 2278 P
715 2248 761 2279 30
785 2254 876 2278 mnv
896 2246 1043 2289 praeter
1067 2253 1108 2277 m
1131 2242 1173 2276 in
1197 2252 1269 2278 ras.
1295 2242 1338 2276 in
1365 2241 1402 2274 P

117 2301 268 2326 amiram
