1526 2444
151 59 208 99 34
672 57 769 94 SAT.
795 58 923 94 LIBRI
947 58 964 92 Ι

152 167 348 207 rentur:
372 164 424 205 hi
451 177 567 218 ergo
594 178 700 206 cum
727 179 751 205 a
775 165 1065 206 latronibus
1085 165 1472 220 infestarentur,

153 224 400 277 occupato
446 222 578 263 edito
622 221 750 263 colle
788 221 1052 264 Saturnios
1093 237 1142 264 se
1185 222 1470 264 nominaue-

152 283 288 335 runt,
319 294 411 334 quo
439 281 553 320 ante
583 280 783 320 nomine
817 280 968 321 etiam
998 280 1125 321 idem
1157 280 1298 322 collis
1324 295 1471 323 uoca-

152 339 320 391 batur,
358 339 406 378 et
437 338 552 390 quia
589 351 637 378 se
669 337 815 378 huius
854 337 932 378 dei
973 340 1239 379 senserunt
1274 338 1470 380 nomine
1517 324 1526 371 ¹-

154 410 210 437 ac
246 394 497 449 religione
533 396 692 447 tutos,
733 394 1024 436 instituisse
1064 394 1358 437 Saturnalia
1399 395 1470 436 fe·
1505 375 1526 470 (4

153 455 353 505 runtur,
390 454 443 493 ut
481 454 709 506 agrestes
734 452 1018 494 uicinorum
1057 453 1247 495 animos
1286 453 1344 494 ad
1375 467 1472 494 ma-

152 511 309 552 iorem
342 510 475 551 sacri
504 509 841 550 reuerentiam
873 510 983 565 ipsa
1013 510 1194 552 indicti
1233 510 1357 552 festi
1387 511 1473 552 ob-

154 567 375 610 seruatio
407 569 622 609 uocaret.

84 628 139 669 28
271 625 360 668 Nec
396 625 515 666 illam
552 639 723 666 causam
754 638 859 679 quae
891 623 1185 667 Saturnalibus
1223 624 1473 680 adsignatur

154 684 325 738 ignoro,
361 682 472 736 quod
508 682 727 736 Pelasgi,
764 683 874 724 sicut
910 681 1071 725 VARRO
1112 685 1335 736 memorat,
1365 697 1506 724 cumi

156 741 357 782 sedibus
410 740 514 781 suis
557 740 694 794 pulsi
732 739 959 782 diuersas
996 742 1159 783 terras
1202 741 1473 794 petissent,

1520 610 1526 640 1

1519 744 1526 797 ’ξ

155 798 513 840 confluxerunt
537 797 765 852 plerique
784 798 1042 840 Dodonam
1067 800 1116 839 et
1145 798 1331 839 incerti
1367 799 1474 852 qui·
1517 799 1526 856 j

154 857 245 898 bus
288 856 561 897 haererent
606 856 753 909 locis,
800 855 905 897 eius
948 855 1080 897 modi
1126 870 1360 910 accepere
1400 870 1473 897 re·

157 927 391 968 sponsum

242 995 425 1047 στείχετε
457 995 684 1048 μαιόμενοι
714 996 911 1034 Σικελῶν
941 993 1218 1067 Σατούρνιον
1249 989 1349 1034 αἶαν
1493 963 1526 1038 14

240 1050 310 1111 ἠδ’
342 1049 686 1106 Ἀβορειγενέων,
718 1052 933 1105 Κοτύλην,
966 1047 1019 1092 οὗ
1049 1056 1182 1100 νᾶσος
1212 1050 1387 1104 ὀχεῖται,

242 1111 307 1158 οἱς
337 1107 648 1163 ἀναμιχθέντες
680 1108 863 1163 δεκάτην
895 1107 1123 1162 ἐκπέμπετε
1158 1110 1305 1165 Φοίβω

168 1167 170 1169 ’
240 1165 312 1208 καὶ
342 1167 531 1220 κεφαλὰς
550 1165 676 1221 ΓἈιδῃ
694 1165 767 1208 καὶ
796 1171 855 1222 τῷ
886 1165 1015 1221 πατρὶ
1045 1164 1226 1220 πέμπετε
1258 1172 1382 1220 φῶτα

156 1250 464 1302 acceptaque
526 1249 665 1288 sorte
714 1261 819 1288 oum
866 1246 1064 1288 Latium
1113 1248 1226 1300 post
1280 1260 1474 1288 errores
1514 1221 1526 1300 l

155 1307 404 1361 plurimos
443 1305 777 1359 appulissent,
811 1305 862 1345 in
899 1305 1013 1346 lacu
1050 1303 1325 1346 Cutiliensi
1362 1318 1474 1346 ena·
1493 1311 1526 1366 sq

86 1365 141 1406 29
155 1367 256 1406 tam
274 1363 495 1405 insulam
515 1362 965 1416 deprehenderunt
984 1362 1327 1416 amplissimus
1347 1362 1474 1403 enim
1521 1363 1526 1421 j

156 1435 380 1475 caespes,
412 1420 517 1461 siue
548 1420 637 1461 ille
668 1420 937 1462 continens
974 1419 1125 1461 limus
1157 1434 1242 1461 seu
1272 1419 1474 1474 paludis

154 1479 253 1520 fuit
284 1480 461 1520 coacta
492 1491 734 1533 compage
764 1477 1013 1532 uirgultis
1045 1480 1094 1519 et
1125 1478 1393 1519 arboribus
1423 1477 1474 1518 in
1520 1479 1526 1522 ,’

156 1537 319 1578 siluae
350 1535 612 1577 licentiam
638 1537 886 1589 comptus,
915 1535 1230 1576 iactantibus
1261 1549 1348 1588 per
1378 1549 1476 1576 om·
1520 1529 1526 1550 ²

155 1608 263 1636 nem
287 1594 451 1635 lacum
476 1593 726 1634 fluctibus
752 1593 1051 1647 uagabatur,
1076 1594 1130 1633 ut
1153 1592 1282 1634 fides
1309 1606 1364 1633 ex
1382 1592 1475 1634 hoc
1494 1551 1526 1633 zi

156 1652 306 1693 etiam
354 1651 479 1692 Delo
526 1650 660 1691 facta
711 1650 796 1700 sit,
846 1663 970 1703 quae
1017 1650 1152 1691 celsa
1200 1650 1475 1704 montibus,
1523 1662 1526 1680 -’

85 1712 299 1753 30uasta
330 1708 538 1761 campis,
568 1709 735 1748 tamen
764 1721 851 1762 per
879 1708 1040 1748 maria
1070 1708 1340 1762 migrabat.
1382 1708 1475 1749 hoc

154 1767 316 1821 igitur
370 1765 612 1807 miraculo
673 1765 985 1818 deprehenso
1040 1764 1129 1807 has
1186 1765 1284 1806 sibi
1333 1765 1474 1807 sedes
1521 1759 1526 1776 ⁵

153 1824 444 1878 praedictas
476 1836 585 1864 esse
617 1822 920 1876 didicerunt,
950 1823 1274 1878 uastatisque
1305 1822 1474 1864 Sicili-
1516 1827 1526 1915 i

247 1929 269 1960 4
294 1924 367 1960 dtei
385 1925 422 1959 Β
492 1928 512 1959 5
537 1925 714 1969 rehgmne
732 1935 756 1959 *
774 1925 811 1959 P
877 1929 897 1959 9
918 1924 1118 1968 asfignatur
1138 1924 1175 1959 P
1245 1927 1288 1959 13
1308 1935 1474 1969 acclpere
1520 1925 1526 1959 ἒ

154 1970 200 2007 B'
273 1963 357 2016 φάει
386 1970 594 2015 responsum
623 1974 760 2006 uacant
784 1974 809 2006 2
839 1981 930 2006 ποτε.
956 1974 989 2006 et
1012 1971 1186 2006 dimidius
1205 1971 1391 2016 peryitque
1416 1981 1474 2005 ac·
1519 1973 1526 2008 ’ξ

155 2019 297 2063 ceptaq.
323 2017 471 2052 Graecis
495 2018 632 2052 omissis
655 2018 693 2052 P
766 2019 810 2051 15
835 2017 1025 2052 ΕΤΕΧΕΤΕ
1045 2017 1082 2051 Β
1162 2017 1213 2052 Ε·
1236 2018 1376 2051 ΚΕΛΟΝ
1403 2017 1474 2051 ΕΔ·
1521 2032 1526 2055 ;

153 2064 379 2099 ΤΟΥΝΙΟΝΔ
402 2063 406 2109 l
426 2073 449 2098 *
469 2064 556 2107 (fuit
575 2064 598 2108 Ι)
623 2064 650 2097 Α
670 2064 706 2098 Β
779 2067 821 2098 16
846 2064 908 2098 ΟΥ
927 2063 975 2098 P:
1002 2064 1041 2098 ΟΙ
1061 2064 1098 2098 Β
1170 2066 1211 2098 17
1232 2063 1474 2097 ΔΝΑΜΕΙΧΘ-
1520 2060 1526 2096 ἓ

154 2111 292 2145 ΕΝΤΕΕ
317 2110 353 2144 Β
453 2112 497 2144 18
522 2110 654 2144 ΑΔΑΗΙ
681 2110 717 2144 Β
812 2113 855 2143 22
883 2109 1005 2154 cespes
1023 2109 1103 2144 BP
1199 2112 1243 2143 24
1268 2108 1474 2143 decentiam
1519 2109 1526 2160 j

154 2157 344 2200 Hauptius
361 2166 479 2200 opusc.
498 2156 574 2190 III
591 2158 664 2191 632
736 2165 880 2190 omnem
899 2155 1020 2190 lacum
1039 2155 1227 2200 Hauptius
1251 2156 1273 2191 l.
1294 2156 1315 2190 l.
1336 2165 1380 2190 ex
1397 2155 1472 2190 eod.
1518 2160 1520 2162 ’

157 2203 461 2247 Cantabriyiensi:
493 2212 638 2236 amnem
666 2212 755 2238 corr.
780 2205 821 2237 ut
845 2203 920 2238 uid.
947 2213 990 2238 ex
1015 2212 1159 2237 omnem
1176 2201 1226 2236 P:
1258 2211 1401 2236 omnem
1424 2201 1473 2244 B,
1514 2163 1526 2264 ’1

153 2251 171 2283 1
195 2260 255 2285 am
278 2249 362 2285 add.
389 2249 409 2284 b
482 2252 525 2283 27
552 2259 668 2283 mana
690 2249 732 2283 in
755 2259 827 2284 ras.
852 2249 894 2284 in
918 2249 954 2283 P
1022 2247 1236 2284 ambulabat
1263 2247 1299 2281 P
