1526 2444
0 0 44 155 ἶ
643 63 731 101 V111
755 67 873 100 4-13
1345 63 1433 106 399

0 169 17 207 ὗ
74 175 197 218 dam
235 176 284 216 et
321 176 663 230 temperatum
701 175 792 215 est.
854 173 962 215 bene
995 174 1123 229 atque
1155 173 1325 228 proprie
1356 172 1432 215 Ni-

0 235 16 270 ?
83 234 237 291 gidius
310 248 411 276 nam
460 236 504 276 et
551 233 599 275 in
646 233 845 288 frugibus
897 234 940 274 et
988 232 1034 274 in
1078 233 1219 287 pomis
1263 234 1432 274 matura

0 265 19 356 Ξ
82 293 299 347 dicuntur,
343 307 450 348 quae
496 306 634 347 neque
678 291 810 334 cruda
845 293 898 345 let
940 291 1113 334 inmitia
1157 293 1258 334 sunt
1294 305 1431 346 neque

0 357 15 366 ”
83 352 241 394 caduca
278 354 322 393 et
358 351 540 393 nimium
578 353 700 394 cocta
738 351 812 393 sed
849 353 1045 405 tempore
1084 365 1161 393 suo
1193 352 1431 406 temperate

0 361 20 467 ἓ
47 428 63 455 5
81 410 242 453 adulta.
290 410 403 453 hanc
428 410 831 465 interpretationem
853 409 895 453 Ν
899 409 1136 466 igidianam
1163 410 1312 452 diuus
1331 409 1430 452 Au·
1445 410 1473 452 9

82 472 265 526 gustus
304 469 470 512 duobus
507 469 651 511 uerbis
685 468 860 512 Graecis
897 469 1118 523 eleganter
1150 469 1430 525 exprimebat.

0 528 20 574 ἶ
80 543 182 571 nam
221 531 264 570 et
301 529 439 571 dicere
477 529 523 570 in
558 528 829 570 sermonibus
862 530 904 570 et
937 527 1123 570 scribere
1153 527 1200 570 in
1232 528 1432 583 epist-ulis

2 584 20 631 ’ἔ
82 588 256 630 solitum
288 588 433 630 ferunt
465 588 625 630 σπεῦδε
651 585 862 644 βραδέως,
894 601 970 642 per
996 588 1109 642 quod
1136 588 1353 642 monebat,
1385 591 1434 629 ut

7 658 19 701 ὲ
83 647 135 689 ad
191 661 283 688 rem
337 647 549 702 agendam
600 647 727 689 simul
778 646 1056 688 adhiberetur
1105 649 1149 688 et
1197 646 1432 688 industriae

3 704 66 755 {²²10
85 705 281 748 celeritas
332 709 375 747 et
423 706 607 748 tarditas
653 705 918 760 diligentiae,
970 719 1022 746 ex
1065 705 1221 759 quibus
1266 705 1431 748 duobus

3 736 23 846 {ff}
82 764 309 807 contrariis
341 765 392 806 fit
409 765 663 831 ⁸maturitas.
719 765 781 831 sic
813 778 915 831 ergo
947 765 991 805 et
1016 763 1236 819 Vergilius
1268 764 1432 806 inducit
1449 764 1506 806 10

4 846 22 950 ξ
81 822 1433 938 ἔῖἒωᾱῖἓὲἓᾱἒὲίῗθΒῖέἕᾳῃὲἳὲᾑἳυξῗᾶἷῖῖἣῗὲωίᾶἕέῃἛὲἓέ

10 962 23 986 ,-
81 941 422 983 mediocritatem
453 941 499 982 in
529 955 730 998 regressu
761 943 952 995 teneant,
983 943 1208 996 tamquam
1234 944 1432 984 mature

8 989 63 1057 {215
80 1000 124 1042 id
156 1002 221 1042 est
250 1002 489 1055 temperate
522 1000 740 1043 abeuntes.
802 1003 977 1043 ueretur
1009 1000 1142 1056 enim,
1173 1015 1228 1042 ne
1260 1001 1304 1042 in
1336 1000 1431 1056 ipso

6 1058 27 1149 Ξ
82 1059 273 1101 discessu
315 1059 446 1101 classi
487 1062 690 1114 noceant,
735 1059 835 1101 dum
872 1062 997 1114 raptu
1037 1059 1171 1102 nimio
1209 1062 1432 1115 tamquam

0 1130 21 1169 ἢ,
80 1132 158 1173 per
199 1117 348 1173 fugam
385 1118 575 1160 redeunt.
641 1117 754 1160 idem
792 1117 1013 1174 Vergilius
1053 1118 1136 1160 duo
1174 1119 1259 1161 isto
1299 1119 1500 1161 uerball

10 1172 25 1217 1³⁴
81 1179 338 1219 maturare
382 1179 426 1218 et
468 1191 747 1233 properare
787 1180 1011 1233 tamquam
1048 1178 1175 1232 plane
1214 1179 1432 1221 contraria

83 1235 311 1278 scitissime
343 1236 561 1291 separauit
591 1236 636 1278 in
666 1236 735 1279 his
766 1237 966 1279 uersibus

14 1335 65 1363 1¹20
140 1318 322 1374 frigidus
356 1318 569 1374 agricolas
602 1318 812 1373 siquando
845 1319 1038 1361 continet
1068 1319 1225 1375 imber,

16 1376 22 1392 ‘²
142 1378 292 1432 multa,
322 1377 465 1419 forent
497 1392 607 1432 quae
638 1392 739 1420 mox
770 1377 889 1419 caelo
920 1379 1192 1433 properanda
1224 1393 1387 1435 sereno,

142 1439 358 1479 maturare
391 1436 529 1479 datur.

0 1518 28 1570 zs‘
83 1519 191 1561 bene
230 1522 273 1561 et
311 1519 533 1574 eleganter
570 1519 654 1560 duo
691 1519 826 1561 istaec
856 1519 989 1561 uerba
1022 1519 1182 1562 diuisit.
1243 1534 1429 1576 namque
1448 1521 1503 1563 12

83 1578 129 1619 in
172 1580 433 1633 praeparatu
474 1578 539 1619 rei
581 1578 767 1620 rusticae
811 1592 887 1633 per
928 1580 1207 1634 tempestates
1246 1579 1430 1635 pluuias,

0 1635 64 1712 §33⁶
85 1637 288 1692 quoniam
332 1651 383 1679 ex
426 1637 680 1679 necessitate
723 1637 859 1679 otium
897 1642 980 1691 est,
1022 1638 1232 1680 maturari
1268 1641 1430 1693 potest:

0 1694 34 1755 23?
82 1710 159 1751 per
197 1710 367 1738 serenas
405 1710 526 1752 uero,
571 1696 773 1751 quoniam
810 1698 981 1751 tempus
1018 1697 1171 1753 instat,
1207 1698 1432 1753 properari

0 1753 31 1810 ”515
81 1769 256 1797 necesse
306 1757 383 1796 est.
458 1769 560 1797 sane
611 1769 707 1797 cum
756 1755 1082 1811 significandum
1128 1759 1195 1798 est
1238 1756 1429 1799 coactius
1449 1759 1503 1800 13

83 1813 184 1869 quid
216 1816 259 1856 et
288 1813 565 1856 festinantius
597 1814 774 1870 factum,
804 1815 964 1857 rectius
996 1815 1079 1858 hoc
1106 1815 1261 1858 dicitur
1285 1830 1432 1871 prae-

21 1865 34 1882 ε
83 1875 278 1915 mature
308 1873 472 1915 factum
505 1887 634 1928 quam
666 1875 850 1916 mature:
898 1874 1023 1916 sicuti
1055 1874 1292 1918 AFRANIVS
1326 1875 1434 1917 dixit

6 1931 130 1985 {boin
160 1934 328 1986 togata,
360 1932 427 1974 cui
458 1931 664 1974 TITVLVS
696 1947 854 1974 nomen
886 1936 952 1974 est

180 2058 220 2089 11
246 2053 337 2090 Aen.
364 2054 381 2089 Ι
408 2057 474 2089 137
549 2057 594 2088 20
619 2054 754 2099 Georg.
781 2054 797 2088 Ι
822 2058 890 2090 259

34 2207 37 2210 Α
179 2170 198 2199 1
224 2166 390 2212 proprie]
416 2176 558 2214 &geme
583 2167 619 2201 P
699 2170 720 2201 3
746 2168 907 2203 immitla
932 2168 969 2203 P
1051 2179 1070 2212 c
1094 2179 1180 2213 neq,
1206 2169 1373 2204 cadunca
1398 2169 1435 2204 P

10 2239 13 2242 ⁴
84 2216 104 2248 ’1
131 2212 300 2258 ep1rt011s
318 2213 356 2248 P
446 2218 489 2248 14
513 2215 631 2258 taqua
656 2214 693 2249 P
782 2218 825 2250 15
851 2227 887 2249 in
915 2226 981 2251 om.
1008 2215 1044 2250 P
1130 2219 1172 2251 17
1199 2217 1355 2252 redeant
1379 2213 1427 2250 P'

11 2296 13 2298 .
83 2259 395 2344 Ξέέιξῖιιῗιῗτᾶῇ
419 2264 462 2296 ut
485 2262 562 2296 uid.
587 2258 637 2296 P'
710 2261 855 2298 coatms
877 2261 915 2296 P
985 2265 1029 2298 28
1054 2263 1194 2299 rectms
1215 2284 1257 2289 —
1285 2267 1328 2298 29
1355 2264 1431 2298 fac-

14 2391 54 2444 2»
72 2435 75 2436 γ
