<?xml version="1.0" encoding="UTF-8"?>
<!DOCTYPE html PUBLIC "-//W3C//DTD XHTML 1.0 Transitional//EN"
    "http://www.w3.org/TR/xhtml1/DTD/xhtml1-transitional.dtd">
<html xmlns="http://www.w3.org/1999/xhtml" xml:lang="en" lang="en">
 <head>
  <title>
</title>
<meta http-equiv="Content-Type" content="text/html;charset=utf-8" />
  <meta name='ocr-system' content='tesseract 3.04.00' />
  <meta name='ocr-capabilities' content='ocr_page ocr_carea ocr_par ocr_line ocrx_word'/>
</head>
<body>
  <div class='ocr_page' id='page_1' title='image "./macrobiusfrancis00macruoft_0494.png"; bbox 0 0 1526 2444; ppageno 0'>
   <div class='ocr_carea' id='block_1_1' title="bbox 160 67 1179 122">
    <p class='ocr_par' dir='ltr' id='par_1_1' title="bbox 160 67 1179 122">
     <span class='ocr_line' id='line_1_1' title="bbox 160 67 1179 122; baseline -0.009 -10"><span class='ocrx_word' id='word_1_1' title='bbox 160 72 247 114; x_wconf 80' lang='grc'>482</span> <span class='ocrx_word' id='word_1_2' title='bbox 392 118 397 122; x_wconf 40' lang='grc'><strong>,</strong></span> <span class='ocrx_word' id='word_1_3' title='bbox 464 70 612 107; x_wconf 83' lang='grc' dir='ltr'><strong>ΟΟΜΜ.</strong></span> <span class='ocrx_word' id='word_1_4' title='bbox 636 69 688 105; x_wconf 89' lang='lat' dir='ltr'>IN</span> <span class='ocrx_word' id='word_1_5' title='bbox 713 69 854 106; x_wconf 86' lang='lat' dir='ltr'>SOMN.</span> <span class='ocrx_word' id='word_1_6' title='bbox 879 69 989 105; x_wconf 87' lang='lat' dir='ltr'>SCIP.</span> <span class='ocrx_word' id='word_1_7' title='bbox 1013 68 1139 104; x_wconf 90' lang='lat' dir='ltr'>LIBRI</span> <span class='ocrx_word' id='word_1_8' title='bbox 1161 67 1179 103; x_wconf 89' lang='grc' dir='ltr'>Ι</span> 
     </span>
    </p>
   </div>
   <div class='ocr_carea' id='block_1_2' title="bbox 95 173 1478 232">
    <p class='ocr_par' dir='ltr' id='par_1_2' title="bbox 95 173 1478 232">
     <span class='ocr_line' id='line_1_2' title="bbox 95 173 1478 232; baseline -0.004 -12"><span class='ocrx_word' id='word_1_9' title='bbox 95 179 148 220; x_wconf 84' lang='grc'>12</span> <span class='ocrx_word' id='word_1_10' title='bbox 163 177 506 232; x_wconf 69' lang='lat' dir='ltr'><strong>philosophantis</strong></span> <span class='ocrx_word' id='word_1_11' title='bbox 548 175 748 217; x_wconf 84' lang='lat' dir='ltr'>admittit.</span> <span class='ocrx_word' id='word_1_12' title='bbox 807 189 902 217; x_wconf 85' lang='lat' dir='ltr'>eum</span> <span class='ocrx_word' id='word_1_13' title='bbox 933 175 1066 230; x_wconf 86' lang='lat' dir='ltr'>igitur</span> <span class='ocrx_word' id='word_1_14' title='bbox 1095 174 1255 216; x_wconf 90' lang='lat' dir='ltr'>nullam</span> <span class='ocrx_word' id='word_1_15' title='bbox 1293 173 1478 228; x_wconf 84' lang='lat' dir='ltr'>disputa-</span> 
     </span>
    </p>
   </div>
   <div class='ocr_carea' id='block_1_3' title="bbox 163 231 1526 459">
    <p class='ocr_par' dir='ltr' id='par_1_3' title="bbox 163 231 1526 459">
     <span class='ocr_line' id='line_1_3' title="bbox 163 231 1478 289; baseline -0.004 -12"><span class='ocrx_word' id='word_1_16' title='bbox 163 235 272 277; x_wconf 87' lang='lat' dir='ltr'>tioni</span> <span class='ocrx_word' id='word_1_17' title='bbox 319 235 460 289; x_wconf 87' lang='lat' dir='ltr'>pariat</span> <span class='ocrx_word' id='word_1_18' title='bbox 507 233 703 274; x_wconf 89' lang='lat' dir='ltr'>iniuriam</span> <span class='ocrx_word' id='word_1_19' title='bbox 751 233 820 274; x_wconf 92' lang='lat' dir='ltr'>uel</span> <span class='ocrx_word' id='word_1_20' title='bbox 862 232 923 274; x_wconf 89' lang='lat' dir='ltr'>Er</span> <span class='ocrx_word' id='word_1_21' title='bbox 969 232 1095 273; x_wconf 84' lang='lat' dir='ltr'>index</span> <span class='ocrx_word' id='word_1_22' title='bbox 1144 231 1214 273; x_wconf 89' lang='lat' dir='ltr'>uel</span> <span class='ocrx_word' id='word_1_23' title='bbox 1263 231 1478 273; x_wconf 86' lang='lat' dir='ltr'>somnians</span> 
     </span>
     <span class='ocr_line' id='line_1_4' title="bbox 164 288 1482 343; baseline -0.004 -9"><span class='ocrx_word' id='word_1_24' title='bbox 164 293 406 342; x_wconf 89' lang='lat' dir='ltr'>Africanus,</span> <span class='ocrx_word' id='word_1_25' title='bbox 438 290 510 332; x_wconf 87' lang='lat' dir='ltr'>sed</span> <span class='ocrx_word' id='word_1_26' title='bbox 540 305 682 332; x_wconf 91' lang='lat' dir='ltr'>rerum</span> <span class='ocrx_word' id='word_1_27' title='bbox 712 304 926 332; x_wconf 85' lang='lat' dir='ltr'>sacrarum</span> <span class='ocrx_word' id='word_1_28' title='bbox 964 289 1181 331; x_wconf 81' lang='lat' dir='ltr'>enuntiato</span> <span class='ocrx_word' id='word_1_29' title='bbox 1218 289 1385 343; x_wconf 85' lang='lat' dir='ltr'>integra</span> <span class='ocrx_word' id='word_1_30' title='bbox 1416 288 1482 330; x_wconf 89' lang='lat' dir='ltr'>sui</span> 
     </span>
     <span class='ocr_line' id='line_1_5' title="bbox 166 345 1480 404; baseline -0.002 -14"><span class='ocrx_word' id='word_1_31' title='bbox 166 350 375 404; x_wconf 85' lang='lat' dir='ltr'>dignitate</span> <span class='ocrx_word' id='word_1_32' title='bbox 414 349 481 389; x_wconf 87' lang='lat' dir='ltr'>his</span> <span class='ocrx_word' id='word_1_33' title='bbox 525 348 582 390; x_wconf 90' lang='lat' dir='ltr'>sit</span> <span class='ocrx_word' id='word_1_34' title='bbox 617 350 728 390; x_wconf 87' lang='lat' dir='ltr'>tecta</span> <span class='ocrx_word' id='word_1_35' title='bbox 763 348 1022 401; x_wconf 91' lang='lat' dir='ltr'>nominibus,</span> <span class='ocrx_word' id='word_1_36' title='bbox 1053 349 1272 388; x_wconf 87' lang='lat' dir='ltr'>accusator</span> <span class='ocrx_word' id='word_1_37' title='bbox 1312 345 1480 388; x_wconf 89' lang='lat' dir='ltr'>tandem</span> 
     </span>
     <span class='ocr_line' id='line_1_6' title="bbox 168 403 1526 459; baseline -0.004 -11"><span class='ocrx_word' id='word_1_38' title='bbox 168 407 339 449; x_wconf 85' lang='lat' dir='ltr'>edoctus</span> <span class='ocrx_word' id='word_1_39' title='bbox 395 421 419 448; x_wconf 86' lang='lat' dir='ltr'>a</span> <span class='ocrx_word' id='word_1_40' title='bbox 474 405 629 447; x_wconf 87' lang='lat' dir='ltr'>fabulis</span> <span class='ocrx_word' id='word_1_41' title='bbox 689 405 884 447; x_wconf 86' lang='lat' dir='ltr'>fabulosa</span> <span class='ocrx_word' id='word_1_42' title='bbox 933 418 1146 446; x_wconf 83' lang='lat' dir='ltr'>secernere</span> <span class='ocrx_word' id='word_1_43' title='bbox 1200 403 1526 459; x_wconf 49' lang='lat' dir='ltr'>conquiescant</span> 
     </span>
    </p>
   </div>
   <div class='ocr_carea' id='block_1_4' title="bbox 98 461 1483 516">
    <p class='ocr_par' dir='ltr' id='par_1_4' title="bbox 98 461 1483 516">
     <span class='ocr_line' id='line_1_7' title="bbox 98 461 1483 516; baseline -0.004 -9"><span class='ocrx_word' id='word_1_44' title='bbox 98 467 151 507; x_wconf 83' lang='lat'>13</span> <span class='ocrx_word' id='word_1_45' title='bbox 166 464 380 506; x_wconf 80' lang='lat' dir='ltr'>sciendum</span> <span class='ocrx_word' id='word_1_46' title='bbox 426 465 491 504; x_wconf 87' lang='lat' dir='ltr'>est</span> <span class='ocrx_word' id='word_1_47' title='bbox 533 462 694 516; x_wconf 85' lang='lat' dir='ltr'>tamen,</span> <span class='ocrx_word' id='word_1_48' title='bbox 735 477 821 504; x_wconf 93' lang='lat' dir='ltr'>non</span> <span class='ocrx_word' id='word_1_49' title='bbox 862 463 907 502; x_wconf 91' lang='lat' dir='ltr'>in</span> <span class='ocrx_word' id='word_1_50' title='bbox 950 475 1116 503; x_wconf 89' lang='lat' dir='ltr'>omnem</span> <span class='ocrx_word' id='word_1_51' title='bbox 1156 461 1483 515; x_wconf 87' lang='lat' dir='ltr'>disputationem</span> 
     </span>
    </p>
   </div>
   <div class='ocr_carea' id='block_1_5' title="bbox 168 517 1485 633">
    <p class='ocr_par' dir='ltr' id='par_1_5' title="bbox 168 517 1485 633">
     <span class='ocr_line' id='line_1_8' title="bbox 171 517 1485 576; baseline -0.003 -13"><span class='ocrx_word' id='word_1_52' title='bbox 171 521 449 576; x_wconf 91' lang='lat' dir='ltr'>philosophos</span> <span class='ocrx_word' id='word_1_53' title='bbox 477 520 698 562; x_wconf 88' lang='lat' dir='ltr'>admittere</span> <span class='ocrx_word' id='word_1_54' title='bbox 729 520 923 561; x_wconf 87' lang='lat' dir='ltr'>fabulosa</span> <span class='ocrx_word' id='word_1_55' title='bbox 953 520 1021 560; x_wconf 88' lang='lat' dir='ltr'>uel</span> <span class='ocrx_word' id='word_1_56' title='bbox 1051 519 1178 560; x_wconf 89' lang='lat' dir='ltr'>licita.</span> <span class='ocrx_word' id='word_1_57' title='bbox 1233 518 1305 559; x_wconf 91' lang='lat' dir='ltr'>sed</span> <span class='ocrx_word' id='word_1_58' title='bbox 1330 518 1396 559; x_wconf 91' lang='lat' dir='ltr'>his</span> <span class='ocrx_word' id='word_1_59' title='bbox 1420 517 1485 559; x_wconf 87' lang='lat' dir='ltr'>uti</span> 
     </span>
     <span class='ocr_line' id='line_1_9' title="bbox 168 575 1485 633; baseline -0.004 -12"><span class='ocrx_word' id='word_1_60' title='bbox 168 580 324 633; x_wconf 87' lang='lat' dir='ltr'>solent,</span> <span class='ocrx_word' id='word_1_61' title='bbox 367 593 462 620; x_wconf 91' lang='lat' dir='ltr'>cum</span> <span class='ocrx_word' id='word_1_62' title='bbox 504 578 572 619; x_wconf 93' lang='lat' dir='ltr'>uel</span> <span class='ocrx_word' id='word_1_63' title='bbox 615 578 665 618; x_wconf 90' lang='lat' dir='ltr'>de</span> <span class='ocrx_word' id='word_1_64' title='bbox 701 578 844 618; x_wconf 85' lang='lat' dir='ltr'>anima</span> <span class='ocrx_word' id='word_1_65' title='bbox 878 577 947 618; x_wconf 89' lang='lat' dir='ltr'>uel</span> <span class='ocrx_word' id='word_1_66' title='bbox 983 576 1032 617; x_wconf 90' lang='lat' dir='ltr'>de</span> <span class='ocrx_word' id='word_1_67' title='bbox 1070 576 1195 618; x_wconf 85' lang='lat' dir='ltr'>aeriis</span> <span class='ocrx_word' id='word_1_68' title='bbox 1235 575 1485 617; x_wconf 87' lang='lat' dir='ltr'>aetheriisue</span> 
     </span>
    </p>
   </div>
   <div class='ocr_carea' id='block_1_6' title="bbox 103 634 1484 691">
    <p class='ocr_par' dir='ltr' id='par_1_6' title="bbox 103 634 1484 691">
     <span class='ocr_line' id='line_1_10' title="bbox 103 634 1484 691; baseline -0.004 -12"><span class='ocrx_word' id='word_1_69' title='bbox 103 638 157 680; x_wconf 88' lang='lat'>14</span> <span class='ocrx_word' id='word_1_70' title='bbox 171 637 455 691; x_wconf 71' lang='lat' dir='ltr'>potestatibus</span> <span class='ocrx_word' id='word_1_71' title='bbox 480 636 548 677; x_wconf 92' lang='lat' dir='ltr'>uel</span> <span class='ocrx_word' id='word_1_72' title='bbox 573 636 621 676; x_wconf 88' lang='lat' dir='ltr'>de</span> <span class='ocrx_word' id='word_1_73' title='bbox 653 635 800 676; x_wconf 88' lang='lat' dir='ltr'>ceteris</span> <span class='ocrx_word' id='word_1_74' title='bbox 833 634 896 675; x_wconf 87' lang='lat' dir='ltr'>dis</span> <span class='ocrx_word' id='word_1_75' title='bbox 928 634 1132 675; x_wconf 87' lang='lat' dir='ltr'>locuntur.</span> <span class='ocrx_word' id='word_1_76' title='bbox 1181 636 1365 675; x_wconf 89' lang='lat' dir='ltr'>ceterum</span> <span class='ocrx_word' id='word_1_77' title='bbox 1390 646 1484 674; x_wconf 88' lang='lat' dir='ltr'>cum</span> 
     </span>
    </p>
   </div>
   <div class='ocr_carea' id='block_1_7' title="bbox 110 690 1526 1782">
    <p class='ocr_par' dir='ltr' id='par_1_7' title="bbox 110 690 1526 1782">
     <span class='ocr_line' id='line_1_11' title="bbox 173 690 1526 747; baseline -0.004 -11"><span class='ocrx_word' id='word_1_78' title='bbox 173 695 225 736; x_wconf 87' lang='lat' dir='ltr'>ad</span> <span class='ocrx_word' id='word_1_79' title='bbox 263 708 472 736; x_wconf 89' lang='lat' dir='ltr'>summum</span> <span class='ocrx_word' id='word_1_80' title='bbox 509 696 552 734; x_wconf 89' lang='lat' dir='ltr'>et</span> <span class='ocrx_word' id='word_1_81' title='bbox 585 693 819 747; x_wconf 89' lang='lat' dir='ltr'>principem</span> <span class='ocrx_word' id='word_1_82' title='bbox 858 691 1046 733; x_wconf 89' lang='lat' dir='ltr'>omnium</span> <span class='ocrx_word' id='word_1_83' title='bbox 1084 691 1224 744; x_wconf 88' lang='lat' dir='ltr'>deum,</span> <span class='ocrx_word' id='word_1_84' title='bbox 1264 691 1334 744; x_wconf 87' lang='lat' dir='ltr'>qui</span> <span class='ocrx_word' id='word_1_85' title='bbox 1375 690 1486 743; x_wconf 91' lang='lat' dir='ltr'>apud</span> <span class='ocrx_word' id='word_1_86' title='bbox 1505 699 1526 724; x_wconf 76' lang='lat'>1¹</span> 
     </span>
     <span class='ocr_line' id='line_1_12' title="bbox 177 750 1488 805; baseline -0.004 -12"><span class='ocrx_word' id='word_1_87' title='bbox 177 752 360 793; x_wconf 85' lang='lat' dir='ltr'>Graecos</span> <span class='ocrx_word' id='word_1_88' title='bbox 379 751 587 805; x_wconf 80' lang='grc' dir='ltr'><em>τάγαθόν,</em></span> <span class='ocrx_word' id='word_1_89' title='bbox 612 751 684 804; x_wconf 90' lang='lat' dir='ltr'>qui</span> <span class='ocrx_word' id='word_1_90' title='bbox 707 757 880 805; x_wconf 81' lang='grc' dir='ltr'><strong><em>πρῶτον</em></strong></span> <span class='ocrx_word' id='word_1_91' title='bbox 906 753 1046 790; x_wconf 80' lang='grc' dir='ltr'><em>αἴτιον</em></span> <span class='ocrx_word' id='word_1_92' title='bbox 1070 750 1347 802; x_wconf 85' lang='lat' dir='ltr'>nuncupatur,</span> <span class='ocrx_word' id='word_1_93' title='bbox 1377 750 1488 789; x_wconf 83' lang='lat' dir='ltr'>trac-</span> 
     </span>
     <span class='ocr_line' id='line_1_13' title="bbox 174 804 1489 861; baseline -0.005 -10"><span class='ocrx_word' id='word_1_94' title='bbox 174 812 288 851; x_wconf 85' lang='lat' dir='ltr'>tatus</span> <span class='ocrx_word' id='word_1_95' title='bbox 321 824 363 850; x_wconf 90' lang='lat' dir='ltr'>se</span> <span class='ocrx_word' id='word_1_96' title='bbox 396 809 522 850; x_wconf 88' lang='lat' dir='ltr'>audet</span> <span class='ocrx_word' id='word_1_97' title='bbox 547 808 753 861; x_wconf 84' lang='lat' dir='ltr'>attollere,</span> <span class='ocrx_word' id='word_1_98' title='bbox 783 808 851 848; x_wconf 87' lang='lat' dir='ltr'>uel</span> <span class='ocrx_word' id='word_1_99' title='bbox 882 807 935 848; x_wconf 90' lang='lat' dir='ltr'>ad</span> <span class='ocrx_word' id='word_1_100' title='bbox 964 808 1158 860; x_wconf 87' lang='lat' dir='ltr'>mentem,</span> <span class='ocrx_word' id='word_1_101' title='bbox 1189 820 1311 860; x_wconf 90' lang='lat' dir='ltr'>quem</span> <span class='ocrx_word' id='word_1_102' title='bbox 1340 804 1489 846; x_wconf 83' lang='lat' dir='ltr'>Graeci</span> 
     </span>
     <span class='ocr_line' id='line_1_14' title="bbox 173 861 1489 920; baseline -0.005 -12"><span class='ocrx_word' id='word_1_103' title='bbox 173 873 283 908; x_wconf 81' lang='grc' dir='ltr'>νοῦν</span> <span class='ocrx_word' id='word_1_104' title='bbox 324 867 557 920; x_wconf 85' lang='lat' dir='ltr'>appellant,</span> <span class='ocrx_word' id='word_1_105' title='bbox 593 865 820 919; x_wconf 84' lang='lat' dir='ltr'>originales</span> <span class='ocrx_word' id='word_1_106' title='bbox 851 878 992 906; x_wconf 87' lang='lat' dir='ltr'>rerum</span> <span class='ocrx_word' id='word_1_107' title='bbox 1023 863 1200 918; x_wconf 88' lang='lat' dir='ltr'>species,</span> <span class='ocrx_word' id='word_1_108' title='bbox 1237 877 1343 918; x_wconf 88' lang='lat' dir='ltr'>quae</span> <span class='ocrx_word' id='word_1_109' title='bbox 1379 861 1489 903; x_wconf 79' lang='grc' dir='ltr'><em>ἰδέαι</em></span> 
     </span>
     <span class='ocr_line' id='line_1_15' title="bbox 175 919 1487 977; baseline -0.005 -11"><span class='ocrx_word' id='word_1_110' title='bbox 175 926 311 966; x_wconf 89' lang='lat' dir='ltr'>dictae</span> <span class='ocrx_word' id='word_1_111' title='bbox 331 926 440 977; x_wconf 90' lang='lat' dir='ltr'>sunt,</span> <span class='ocrx_word' id='word_1_112' title='bbox 465 923 762 976; x_wconf 88' lang='lat' dir='ltr'>continentem,</span> <span class='ocrx_word' id='word_1_113' title='bbox 782 936 831 963; x_wconf 85' lang='lat' dir='ltr'>ex</span> <span class='ocrx_word' id='word_1_114' title='bbox 850 936 1012 972; x_wconf 88' lang='lat' dir='ltr'>summo</span> <span class='ocrx_word' id='word_1_115' title='bbox 1031 923 1175 962; x_wconf 88' lang='lat' dir='ltr'>natam</span> <span class='ocrx_word' id='word_1_116' title='bbox 1194 923 1237 961; x_wconf 89' lang='lat' dir='ltr'>et</span> <span class='ocrx_word' id='word_1_117' title='bbox 1254 919 1487 974; x_wconf 88' lang='lat' dir='ltr'>profectam</span> 
     </span>
     <span class='ocr_line' id='line_1_16' title="bbox 175 977 1526 1034; baseline -0.004 -11"><span class='ocrx_word' id='word_1_118' title='bbox 175 982 268 1023; x_wconf 90' lang='lat' dir='ltr'>deo:</span> <span class='ocrx_word' id='word_1_119' title='bbox 306 996 400 1023; x_wconf 84' lang='lat' dir='ltr'>cum</span> <span class='ocrx_word' id='word_1_120' title='bbox 446 981 495 1022; x_wconf 90' lang='lat' dir='ltr'>de</span> <span class='ocrx_word' id='word_1_121' title='bbox 537 980 622 1034; x_wconf 86' lang='lat' dir='ltr'>his,</span> <span class='ocrx_word' id='word_1_122' title='bbox 663 980 853 1034; x_wconf 91' lang='lat' dir='ltr'>inquam,</span> <span class='ocrx_word' id='word_1_123' title='bbox 893 980 1090 1021; x_wconf 88' lang='lat' dir='ltr'>locuntur</span> <span class='ocrx_word' id='word_1_124' title='bbox 1128 992 1289 1019; x_wconf 92' lang='lat' dir='ltr'>summo</span> <span class='ocrx_word' id='word_1_125' title='bbox 1328 977 1404 1019; x_wconf 93' lang='lat' dir='ltr'>deo</span> <span class='ocrx_word' id='word_1_126' title='bbox 1446 979 1526 1018; x_wconf 36' lang='lat' dir='ltr'>etl*¹</span> 
     </span>
     <span class='ocr_line' id='line_1_17' title="bbox 174 1034 1490 1094; baseline -0.005 -14"><span class='ocrx_word' id='word_1_127' title='bbox 174 1041 332 1094; x_wconf 88' lang='lat' dir='ltr'>mente,</span> <span class='ocrx_word' id='word_1_128' title='bbox 368 1038 474 1079; x_wconf 87' lang='lat' dir='ltr'>nihil</span> <span class='ocrx_word' id='word_1_129' title='bbox 504 1037 743 1079; x_wconf 87' lang='lat' dir='ltr'>fabulosum</span> <span class='ocrx_word' id='word_1_130' title='bbox 774 1037 944 1091; x_wconf 88' lang='lat' dir='ltr'>penitus</span> <span class='ocrx_word' id='word_1_131' title='bbox 981 1036 1213 1090; x_wconf 84' lang='lat' dir='ltr'>attingunt,</span> <span class='ocrx_word' id='word_1_132' title='bbox 1250 1034 1321 1076; x_wconf 87' lang='lat' dir='ltr'>sed</span> <span class='ocrx_word' id='word_1_133' title='bbox 1353 1034 1490 1088; x_wconf 85' lang='lat' dir='ltr'>siquid</span> 
     </span>
     <span class='ocr_line' id='line_1_18' title="bbox 176 1095 1490 1151; baseline -0.005 -13"><span class='ocrx_word' id='word_1_134' title='bbox 176 1098 225 1138; x_wconf 90' lang='lat' dir='ltr'>de</span> <span class='ocrx_word' id='word_1_135' title='bbox 250 1097 316 1138; x_wconf 90' lang='lat' dir='ltr'>his</span> <span class='ocrx_word' id='word_1_136' title='bbox 339 1096 563 1151; x_wconf 84' lang='lat' dir='ltr'>adsignare</span> <span class='ocrx_word' id='word_1_137' title='bbox 583 1097 796 1145; x_wconf 87' lang='lat' dir='ltr'>conantur,</span> <span class='ocrx_word' id='word_1_138' title='bbox 823 1108 928 1148; x_wconf 89' lang='lat' dir='ltr'>quae</span> <span class='ocrx_word' id='word_1_139' title='bbox 953 1108 1038 1135; x_wconf 94' lang='lat' dir='ltr'>non</span> <span class='ocrx_word' id='word_1_140' title='bbox 1063 1106 1299 1134; x_wconf 88' lang='lat' dir='ltr'>sermonem</span> <span class='ocrx_word' id='word_1_141' title='bbox 1322 1095 1490 1133; x_wconf 88' lang='lat' dir='ltr'>tantum</span> 
     </span>
     <span class='ocr_line' id='line_1_19' title="bbox 176 1148 1490 1207; baseline -0.005 -11"><span class='ocrx_word' id='word_1_142' title='bbox 176 1155 301 1196; x_wconf 91' lang='lat' dir='ltr'>modo</span> <span class='ocrx_word' id='word_1_143' title='bbox 329 1154 400 1195; x_wconf 87' lang='lat' dir='ltr'>sed</span> <span class='ocrx_word' id='word_1_144' title='bbox 426 1153 919 1207; x_wconf 21' lang='lat' dir='ltr'>cogitationem-quoque</span> <span class='ocrx_word' id='word_1_145' title='bbox 942 1151 1175 1192; x_wconf 88' lang='lat' dir='ltr'>humanam</span> <span class='ocrx_word' id='word_1_146' title='bbox 1199 1151 1413 1203; x_wconf 85' lang='lat' dir='ltr'>superant,</span> <span class='ocrx_word' id='word_1_147' title='bbox 1437 1148 1490 1189; x_wconf 88' lang='lat' dir='ltr'>ad</span> 
     </span>
     <span class='ocr_line' id='line_1_20' title="bbox 110 1206 1491 1263; baseline -0.005 -9"><span class='ocrx_word' id='word_1_148' title='bbox 110 1214 163 1256; x_wconf 80' lang='lat'>15</span> <span class='ocrx_word' id='word_1_149' title='bbox 178 1211 476 1254; x_wconf 85' lang='lat' dir='ltr'>similitudines</span> <span class='ocrx_word' id='word_1_150' title='bbox 515 1213 558 1251; x_wconf 90' lang='lat' dir='ltr'>et</span> <span class='ocrx_word' id='word_1_151' title='bbox 588 1210 780 1263; x_wconf 86' lang='lat' dir='ltr'>exempla</span> <span class='ocrx_word' id='word_1_152' title='bbox 810 1208 1068 1263; x_wconf 83' lang='lat' dir='ltr'>confugiunt.</span> <span class='ocrx_word' id='word_1_153' title='bbox 1127 1208 1187 1249; x_wconf 89' lang='lat' dir='ltr'>sic</span> <span class='ocrx_word' id='word_1_154' title='bbox 1217 1206 1358 1257; x_wconf 84' lang='lat' dir='ltr'>Plato,</span> <span class='ocrx_word' id='word_1_155' title='bbox 1396 1220 1491 1249; x_wconf 86' lang='lat' dir='ltr'>cum</span> 
     </span>
     <span class='ocr_line' id='line_1_21' title="bbox 178 1263 1526 1324; baseline -0.005 -13"><span class='ocrx_word' id='word_1_156' title='bbox 178 1271 228 1311; x_wconf 89' lang='lat' dir='ltr'>de</span> <span class='ocrx_word' id='word_1_157' title='bbox 260 1269 436 1324; x_wconf 75' lang='grc' dir='ltr'><em>τάγαθῷ</em></span> <span class='ocrx_word' id='word_1_158' title='bbox 467 1268 584 1322; x_wconf 86' lang='lat' dir='ltr'>loqui</span> <span class='ocrx_word' id='word_1_159' title='bbox 614 1269 725 1308; x_wconf 90' lang='lat' dir='ltr'>esset</span> <span class='ocrx_word' id='word_1_160' title='bbox 755 1267 985 1320; x_wconf 88' lang='lat' dir='ltr'>animatus,</span> <span class='ocrx_word' id='word_1_161' title='bbox 1021 1265 1154 1307; x_wconf 84' lang='lat' dir='ltr'>dicere</span> <span class='ocrx_word' id='word_1_162' title='bbox 1191 1264 1291 1319; x_wconf 90' lang='lat' dir='ltr'>quid</span> <span class='ocrx_word' id='word_1_163' title='bbox 1322 1263 1378 1306; x_wconf 87' lang='lat' dir='ltr'>sit</span> <span class='ocrx_word' id='word_1_164' title='bbox 1406 1271 1526 1305; x_wconf 75' lang='lat' dir='ltr'>non²</span> 
     </span>
     <span class='ocr_line' id='line_1_22' title="bbox 179 1322 1493 1380; baseline -0.005 -12"><span class='ocrx_word' id='word_1_165' title='bbox 179 1342 304 1369; x_wconf 88' lang='lat' dir='ltr'>ausus</span> <span class='ocrx_word' id='word_1_166' title='bbox 346 1331 427 1380; x_wconf 85' lang='lat' dir='ltr'>est,</span> <span class='ocrx_word' id='word_1_167' title='bbox 462 1325 543 1367; x_wconf 91' lang='lat' dir='ltr'>hoc</span> <span class='ocrx_word' id='word_1_168' title='bbox 574 1325 710 1366; x_wconf 83' lang='lat' dir='ltr'>solum</span> <span class='ocrx_word' id='word_1_169' title='bbox 741 1324 791 1366; x_wconf 93' lang='lat' dir='ltr'>de</span> <span class='ocrx_word' id='word_1_170' title='bbox 828 1338 877 1365; x_wconf 91' lang='lat' dir='ltr'>eo</span> <span class='ocrx_word' id='word_1_171' title='bbox 909 1324 1064 1376; x_wconf 89' lang='lat' dir='ltr'>sciens,</span> <span class='ocrx_word' id='word_1_172' title='bbox 1100 1322 1210 1376; x_wconf 91' lang='lat' dir='ltr'>quod</span> <span class='ocrx_word' id='word_1_173' title='bbox 1242 1322 1339 1363; x_wconf 88' lang='lat' dir='ltr'>sciri</span> <span class='ocrx_word' id='word_1_174' title='bbox 1369 1322 1493 1375; x_wconf 88' lang='lat' dir='ltr'>quale</span> 
     </span>
     <span class='ocr_line' id='line_1_23' title="bbox 179 1379 1495 1436; baseline -0.005 -10"><span class='ocrx_word' id='word_1_175' title='bbox 179 1386 236 1426; x_wconf 88' lang='lat' dir='ltr'>sit</span> <span class='ocrx_word' id='word_1_176' title='bbox 267 1385 319 1425; x_wconf 91' lang='lat' dir='ltr'>ab</span> <span class='ocrx_word' id='word_1_177' title='bbox 351 1383 522 1425; x_wconf 88' lang='lat' dir='ltr'>homine</span> <span class='ocrx_word' id='word_1_178' title='bbox 552 1397 639 1424; x_wconf 94' lang='lat' dir='ltr'>non</span> <span class='ocrx_word' id='word_1_179' title='bbox 667 1382 820 1436; x_wconf 82' lang='lat' dir='ltr'>possit,</span> <span class='ocrx_word' id='word_1_180' title='bbox 856 1382 991 1423; x_wconf 88' lang='lat' dir='ltr'>solum</span> <span class='ocrx_word' id='word_1_181' title='bbox 1027 1394 1126 1422; x_wconf 88' lang='lat' dir='ltr'>uero</span> <span class='ocrx_word' id='word_1_182' title='bbox 1158 1380 1196 1421; x_wconf 91' lang='lat' dir='ltr'>ei</span> <span class='ocrx_word' id='word_1_183' title='bbox 1233 1379 1495 1420; x_wconf 90' lang='lat' dir='ltr'>simillimum</span> 
     </span>
     <span class='ocr_line' id='line_1_24' title="bbox 180 1436 1495 1493; baseline -0.006 -9"><span class='ocrx_word' id='word_1_184' title='bbox 180 1443 230 1484; x_wconf 89' lang='lat' dir='ltr'>de</span> <span class='ocrx_word' id='word_1_185' title='bbox 255 1441 494 1484; x_wconf 89' lang='lat' dir='ltr'>uisibilibus</span> <span class='ocrx_word' id='word_1_186' title='bbox 520 1441 653 1482; x_wconf 89' lang='lat' dir='ltr'>solem</span> <span class='ocrx_word' id='word_1_187' title='bbox 677 1439 874 1493; x_wconf 88' lang='lat' dir='ltr'>repperit,</span> <span class='ocrx_word' id='word_1_188' title='bbox 900 1442 941 1480; x_wconf 86' lang='lat' dir='ltr'>et</span> <span class='ocrx_word' id='word_1_189' title='bbox 964 1452 1039 1492; x_wconf 89' lang='lat' dir='ltr'>per</span> <span class='ocrx_word' id='word_1_190' title='bbox 1064 1438 1151 1479; x_wconf 88' lang='lat' dir='ltr'>eius</span> <span class='ocrx_word' id='word_1_191' title='bbox 1178 1436 1495 1478; x_wconf 88' lang='lat' dir='ltr'>similitudinem</span> 
     </span>
     <span class='ocr_line' id='line_1_25' title="bbox 181 1493 1496 1548; baseline -0.005 -7"><span class='ocrx_word' id='word_1_192' title='bbox 181 1500 295 1542; x_wconf 88' lang='lat' dir='ltr'>uiam</span> <span class='ocrx_word' id='word_1_193' title='bbox 322 1499 505 1540; x_wconf 91' lang='lat' dir='ltr'>sermoni</span> <span class='ocrx_word' id='word_1_194' title='bbox 525 1513 600 1540; x_wconf 93' lang='lat' dir='ltr'>suo</span> <span class='ocrx_word' id='word_1_195' title='bbox 627 1496 852 1539; x_wconf 89' lang='lat' dir='ltr'>attollendi</span> <span class='ocrx_word' id='word_1_196' title='bbox 877 1510 921 1537; x_wconf 89' lang='lat' dir='ltr'>se</span> <span class='ocrx_word' id='word_1_197' title='bbox 942 1496 994 1537; x_wconf 88' lang='lat' dir='ltr'>ad</span> <span class='ocrx_word' id='word_1_198' title='bbox 1012 1510 1098 1537; x_wconf 91' lang='lat' dir='ltr'>non</span> <span class='ocrx_word' id='word_1_199' title='bbox 1121 1493 1496 1548; x_wconf 86' lang='lat' dir='ltr'>conprehendenda</span> 
     </span>
     <span class='ocr_line' id='line_1_26' title="bbox 115 1550 1526 1612; baseline -0.006 -12"><span class='ocrx_word' id='word_1_200' title='bbox 115 1559 167 1601; x_wconf 82' lang='lat'>16</span> <span class='ocrx_word' id='word_1_201' title='bbox 181 1557 392 1612; x_wconf 85' lang='lat' dir='ltr'>patefecit.</span> <span class='ocrx_word' id='word_1_202' title='bbox 436 1557 529 1597; x_wconf 89' lang='lat' dir='ltr'>ideo</span> <span class='ocrx_word' id='word_1_203' title='bbox 561 1558 603 1596; x_wconf 90' lang='lat' dir='ltr'>et</span> <span class='ocrx_word' id='word_1_204' title='bbox 626 1556 787 1596; x_wconf 92' lang='lat' dir='ltr'>nullum</span> <span class='ocrx_word' id='word_1_205' title='bbox 813 1554 851 1595; x_wconf 92' lang='lat' dir='ltr'>ei</span> <span class='ocrx_word' id='word_1_206' title='bbox 876 1553 1159 1606; x_wconf 86' lang='lat' dir='ltr'>simulacrum,</span> <span class='ocrx_word' id='word_1_207' title='bbox 1190 1566 1286 1594; x_wconf 88' lang='lat' dir='ltr'>cum</span> <span class='ocrx_word' id='word_1_208' title='bbox 1311 1551 1375 1593; x_wconf 86' lang='lat' dir='ltr'>dis</span> <span class='ocrx_word' id='word_1_209' title='bbox 1400 1550 1494 1592; x_wconf 87' lang='lat' dir='ltr'>aliis</span> <span class='ocrx_word' id='word_1_210' title='bbox 1513 1557 1526 1584; x_wconf 92' lang='lat'><strong>¹</strong></span> 
     </span>
     <span class='ocr_line' id='line_1_27' title="bbox 181 1609 1496 1668; baseline -0.006 -11"><span class='ocrx_word' id='word_1_211' title='bbox 181 1615 555 1668; x_wconf 86' lang='lat' dir='ltr'>constituerentur,</span> <span class='ocrx_word' id='word_1_212' title='bbox 591 1612 714 1653; x_wconf 86' lang='lat' dir='ltr'>finxit</span> <span class='ocrx_word' id='word_1_213' title='bbox 754 1611 1003 1666; x_wconf 87' lang='lat' dir='ltr'>antiquitas,</span> <span class='ocrx_word' id='word_1_214' title='bbox 1041 1610 1139 1664; x_wconf 87' lang='lat' dir='ltr'>quia</span> <span class='ocrx_word' id='word_1_215' title='bbox 1175 1623 1360 1650; x_wconf 89' lang='lat' dir='ltr'>summus</span> <span class='ocrx_word' id='word_1_216' title='bbox 1396 1609 1496 1649; x_wconf 89' lang='lat' dir='ltr'>deus</span> 
     </span>
     <span class='ocr_line' id='line_1_28' title="bbox 181 1666 1526 1727; baseline -0.006 -13"><span class='ocrx_word' id='word_1_217' title='bbox 181 1675 364 1727; x_wconf 87' lang='lat' dir='ltr'>nataque</span> <span class='ocrx_word' id='word_1_218' title='bbox 412 1686 462 1712; x_wconf 86' lang='lat' dir='ltr'>ex</span> <span class='ocrx_word' id='word_1_219' title='bbox 498 1685 547 1713; x_wconf 91' lang='lat' dir='ltr'>eo</span> <span class='ocrx_word' id='word_1_220' title='bbox 584 1684 702 1711; x_wconf 89' lang='lat' dir='ltr'>mens</span> <span class='ocrx_word' id='word_1_221' title='bbox 744 1669 853 1711; x_wconf 86' lang='lat' dir='ltr'>sicut</span> <span class='ocrx_word' id='word_1_222' title='bbox 894 1669 1008 1709; x_wconf 89' lang='lat' dir='ltr'>ultra</span> <span class='ocrx_word' id='word_1_223' title='bbox 1049 1666 1232 1709; x_wconf 82' lang='lat' dir='ltr'>animam</span> <span class='ocrx_word' id='word_1_224' title='bbox 1267 1667 1330 1708; x_wconf 90' lang='lat' dir='ltr'>ita</span> <span class='ocrx_word' id='word_1_225' title='bbox 1371 1679 1526 1719; x_wconf 80' lang='lat' dir='ltr'>supra-</span> 
     </span>
     <span class='ocr_line' id='line_1_29' title="bbox 182 1723 1498 1782; baseline -0.007 -10"><span class='ocrx_word' id='word_1_226' title='bbox 182 1732 377 1772; x_wconf 90' lang='lat' dir='ltr'>naturam</span> <span class='ocrx_word' id='word_1_227' title='bbox 409 1731 527 1780; x_wconf 87' lang='lat' dir='ltr'>sunt,</span> <span class='ocrx_word' id='word_1_228' title='bbox 557 1742 638 1782; x_wconf 92' lang='lat' dir='ltr'>quo</span> <span class='ocrx_word' id='word_1_229' title='bbox 668 1727 776 1768; x_wconf 88' lang='lat' dir='ltr'>nihil</span> <span class='ocrx_word' id='word_1_230' title='bbox 811 1727 875 1767; x_wconf 86' lang='lat' dir='ltr'>fas</span> <span class='ocrx_word' id='word_1_231' title='bbox 908 1728 972 1767; x_wconf 90' lang='lat' dir='ltr'>est</span> <span class='ocrx_word' id='word_1_232' title='bbox 1002 1725 1052 1766; x_wconf 92' lang='lat' dir='ltr'>de</span> <span class='ocrx_word' id='word_1_233' title='bbox 1082 1724 1236 1766; x_wconf 83' lang='lat' dir='ltr'>fabulis</span> <span class='ocrx_word' id='word_1_234' title='bbox 1267 1723 1498 1777; x_wconf 87' lang='lat' dir='ltr'>peruenire.</span> 
     </span>
    </p>
   </div>
   <div class='ocr_carea' id='block_1_8' title="bbox 183 1848 1526 1983">
    <p class='ocr_par' dir='ltr' id='par_1_8' title="bbox 183 1848 1526 1983">
     <span class='ocr_line' id='line_1_30' title="bbox 279 1848 1526 1898; baseline -0.006 -10"><span class='ocrx_word' id='word_1_235' title='bbox 279 1858 295 1888; x_wconf 85' lang='lat'>1</span> <span class='ocrx_word' id='word_1_236' title='bbox 323 1852 627 1898; x_wconf 77' lang='lat' dir='ltr'>phylosophantis</span> <span class='ocrx_word' id='word_1_237' title='bbox 646 1852 681 1886; x_wconf 93' lang='grc' dir='ltr'><strong><em>Β</em></strong></span> <span class='ocrx_word' id='word_1_238' title='bbox 752 1851 854 1886; x_wconf 88' lang='lat' dir='ltr'>nulla</span> <span class='ocrx_word' id='word_1_239' title='bbox 879 1849 1116 1893; x_wconf 74' lang='lat' dir='ltr'>dlsputatiois</span> <span class='ocrx_word' id='word_1_240' title='bbox 1135 1850 1171 1884; x_wconf 95' lang='grc' dir='ltr'><strong><em>Β</em></strong></span> <span class='ocrx_word' id='word_1_241' title='bbox 1242 1851 1262 1882; x_wconf 92' lang='grc'>2</span> <span class='ocrx_word' id='word_1_242' title='bbox 1283 1848 1404 1892; x_wconf 76' lang='lat' dir='ltr'>patlat</span> <span class='ocrx_word' id='word_1_243' title='bbox 1422 1848 1501 1891; x_wconf 80' lang='lat' dir='ltr'>(aut</span> <span class='ocrx_word' id='word_1_244' title='bbox 1525 1888 1526 1891; x_wconf 11' lang='grc' dir='ltr'><strong>Ἴ</strong></span> 
     </span>
     <span class='ocr_line' id='line_1_31' title="bbox 183 1892 1526 1944; baseline -0.007 -9"><span class='ocrx_word' id='word_1_245' title='bbox 183 1901 324 1944; x_wconf 82' lang='lat' dir='ltr'>pateat)</span> <span class='ocrx_word' id='word_1_246' title='bbox 351 1897 397 1934; x_wconf 91' lang='lat' dir='ltr'>B&#39;</span> <span class='ocrx_word' id='word_1_247' title='bbox 506 1902 527 1932; x_wconf 83' lang='lat'>4</span> <span class='ocrx_word' id='word_1_248' title='bbox 552 1900 600 1934; x_wconf 76' lang='lat' dir='ltr'>ad</span> <span class='ocrx_word' id='word_1_249' title='bbox 625 1899 816 1933; x_wconf 86' lang='lat' dir='ltr'>accusator</span> <span class='ocrx_word' id='word_1_250' title='bbox 834 1897 916 1932; x_wconf 82' lang='lat' dir='ltr'>add.</span> <span class='ocrx_word' id='word_1_251' title='bbox 944 1907 970 1931; x_wconf 82' lang='lat' dir='ltr'>s,</span> <span class='ocrx_word' id='word_1_252' title='bbox 997 1895 1135 1930; x_wconf 85' lang='lat' dir='ltr'>colores</span> <span class='ocrx_word' id='word_1_253' title='bbox 1154 1906 1183 1939; x_wconf 76' lang='lat' dir='ltr'><em>p</em></span> <span class='ocrx_word' id='word_1_254' title='bbox 1290 1896 1310 1926; x_wconf 83' lang='grc'><strong>7</strong></span> <span class='ocrx_word' id='word_1_255' title='bbox 1334 1893 1431 1927; x_wconf 84' lang='lat' dir='ltr'>Iutta</span> <span class='ocrx_word' id='word_1_256' title='bbox 1453 1892 1500 1933; x_wconf 91' lang='grc' dir='ltr'>Β,</span> <span class='ocrx_word' id='word_1_257' title='bbox 1518 1921 1526 1937; x_wconf 36' lang='grc' dir='ltr'>,ἰ</span> 
     </span>
     <span class='ocr_line' id='line_1_32' title="bbox 187 1938 1526 1983; baseline -0.007 -3"><span class='ocrx_word' id='word_1_258' title='bbox 187 1958 242 1980; x_wconf 83' lang='grc' dir='ltr'>-ι-</span> <span class='ocrx_word' id='word_1_259' title='bbox 267 1946 370 1980; x_wconf 84' lang='lat' dir='ltr'>licita</span> <span class='ocrx_word' id='word_1_260' title='bbox 395 1947 477 1981; x_wconf 83' lang='lat' dir='ltr'>add.</span> <span class='ocrx_word' id='word_1_261' title='bbox 503 1946 523 1980; x_wconf 90' lang='lat' dir='ltr'><strong><em>b</em></strong></span> <span class='ocrx_word' id='word_1_262' title='bbox 635 1947 655 1977; x_wconf 87' lang='grc'><strong>9</strong></span> <span class='ocrx_word' id='word_1_263' title='bbox 682 1943 754 1978; x_wconf 82' lang='lat' dir='ltr'>dus</span> <span class='ocrx_word' id='word_1_264' title='bbox 773 1944 809 1978; x_wconf 91' lang='lat' dir='ltr'><em>P</em></span> <span class='ocrx_word' id='word_1_265' title='bbox 923 1943 968 1976; x_wconf 84' lang='lat' dir='ltr'>de</span> <span class='ocrx_word' id='word_1_266' title='bbox 993 1940 1133 1976; x_wconf 73' lang='lat' dir='ltr'>cuneus</span> <span class='ocrx_word' id='word_1_267' title='bbox 1154 1940 1226 1974; x_wconf 83' lang='lat' dir='ltr'>dus</span> <span class='ocrx_word' id='word_1_268' title='bbox 1245 1939 1442 1983; x_wconf 86' lang='lat' dir='ltr'>loquuntur</span> <span class='ocrx_word' id='word_1_269' title='bbox 1465 1938 1501 1972; x_wconf 92' lang='grc' dir='ltr'><strong><em>Β</em></strong></span> <span class='ocrx_word' id='word_1_270' title='bbox 1521 1938 1526 1962; x_wconf 68' lang='grc' dir='ltr'>ἰ</span> 
     </span>
    </p>
   </div>
   <div class='ocr_carea' id='block_1_9' title="bbox 188 1991 1526 2117">
    <p class='ocr_par' dir='ltr' id='par_1_9' title="bbox 188 1991 1526 2117">
     <span class='ocr_line' id='line_1_33' title="bbox 190 1991 1526 2070; baseline -0.006 -10"><span class='ocrx_word' id='word_1_271' title='bbox 190 2030 233 2060; x_wconf 92' lang='grc'>10</span> <span class='ocrx_word' id='word_1_272' title='bbox 258 2027 348 2070; x_wconf 88' lang='lat' dir='ltr'>aput</span> <span class='ocrx_word' id='word_1_273' title='bbox 372 2027 408 2060; x_wconf 91' lang='grc' dir='ltr'><strong><em>Β</em></strong></span> <span class='ocrx_word' id='word_1_274' title='bbox 505 2029 545 2059; x_wconf 89' lang='grc'>11</span> <span class='ocrx_word' id='word_1_275' title='bbox 571 1991 779 2058; x_wconf 57' lang='grc' dir='ltr'>ΤΛῐἹ-’ΛΘΟΝ</span> <span class='ocrx_word' id='word_1_276' title='bbox 793 2022 1118 2067; x_wconf 62' lang='grc' dir='ltr'>*****ῙΠΡοοΤΟ</span> <span class='ocrx_word' id='word_1_277' title='bbox 1134 2039 1141 2047; x_wconf 84' lang='grc'><em>·</em></span> <span class='ocrx_word' id='word_1_278' title='bbox 1155 2020 1340 2055; x_wconf 87' lang='grc' dir='ltr'>ΠΛΝΤΟΝ</span> <span class='ocrx_word' id='word_1_279' title='bbox 1366 2029 1501 2054; x_wconf 81' lang='lat' dir='ltr'>nuncu·</span> <span class='ocrx_word' id='word_1_280' title='bbox 1524 2036 1526 2058; x_wconf 70' lang='lat'><em>3</em></span> 
     </span>
     <span class='ocr_line' id='line_1_34' title="bbox 188 2065 1502 2117; baseline -0.006 -11"><span class='ocrx_word' id='word_1_281' title='bbox 188 2074 297 2117; x_wconf 73' lang='lat' dir='ltr'>patur</span> <span class='ocrx_word' id='word_1_282' title='bbox 322 2072 365 2115; x_wconf 89' lang='lat' dir='ltr'>P,</span> <span class='ocrx_word' id='word_1_283' title='bbox 390 2071 528 2115; x_wconf 88' lang='lat' dir='ltr'>primus</span> <span class='ocrx_word' id='word_1_284' title='bbox 554 2072 571 2103; x_wconf 71' lang='grc'>1</span> <span class='ocrx_word' id='word_1_285' title='bbox 594 2069 764 2114; x_wconf 82' lang='lat' dir='ltr'>princeps</span> <span class='ocrx_word' id='word_1_286' title='bbox 790 2073 928 2103; x_wconf 75' lang='lat' dir='ltr'>omium</span> <span class='ocrx_word' id='word_1_287' title='bbox 953 2068 1035 2102; x_wconf 84' lang='lat' dir='ltr'>add.</span> <span class='ocrx_word' id='word_1_288' title='bbox 1057 2078 1085 2111; x_wconf 74' lang='lat' dir='ltr'><strong><em>P</em></strong></span> <span class='ocrx_word' id='word_1_289' title='bbox 1156 2078 1218 2110; x_wconf 79' lang='lat' dir='ltr'>qul</span> <span class='ocrx_word' id='word_1_290' title='bbox 1242 2076 1307 2100; x_wconf 89' lang='lat' dir='ltr'>om.</span> <span class='ocrx_word' id='word_1_291' title='bbox 1331 2065 1367 2098; x_wconf 91' lang='grc' dir='ltr'><strong><em>Β</em></strong></span> <span class='ocrx_word' id='word_1_292' title='bbox 1432 2073 1502 2110; x_wconf 80' lang='lat' dir='ltr'>pro</span> 
     </span>
    </p>
   </div>
   <div class='ocr_carea' id='block_1_10' title="bbox 189 2109 1526 2257">
    <p class='ocr_par' dir='ltr' id='par_1_10' title="bbox 189 2109 1526 2257">
     <span class='ocr_line' id='line_1_35' title="bbox 190 2109 1503 2155; baseline -0.007 -3"><span class='ocrx_word' id='word_1_293' title='bbox 190 2119 305 2153; x_wconf 76' lang='grc' dir='ltr'>αἴτιον</span> <span class='ocrx_word' id='word_1_294' title='bbox 330 2121 379 2152; x_wconf 80' lang='lat' dir='ltr'>est</span> <span class='ocrx_word' id='word_1_295' title='bbox 404 2118 441 2151; x_wconf 89' lang='grc' dir='ltr'>ΛΙ</span> <span class='ocrx_word' id='word_1_296' title='bbox 462 2118 502 2151; x_wconf 75' lang='lat' dir='ltr'>in</span> <span class='ocrx_word' id='word_1_297' title='bbox 526 2117 561 2150; x_wconf 92' lang='grc' dir='ltr'><strong><em>Β</em></strong></span> <span class='ocrx_word' id='word_1_298' title='bbox 643 2118 685 2149; x_wconf 89' lang='grc'>13</span> <span class='ocrx_word' id='word_1_299' title='bbox 712 2116 812 2149; x_wconf 93' lang='grc' dir='ltr'>ΝΟΙΝ</span> <span class='ocrx_word' id='word_1_300' title='bbox 841 2115 876 2148; x_wconf 91' lang='grc' dir='ltr'><em>Ρ</em></span> <span class='ocrx_word' id='word_1_301' title='bbox 957 2113 1060 2147; x_wconf 89' lang='grc' dir='ltr'>ΙΛΕΛΙ</span> <span class='ocrx_word' id='word_1_302' title='bbox 1087 2113 1123 2147; x_wconf 91' lang='grc' dir='ltr'><strong><em>Β</em></strong></span> <span class='ocrx_word' id='word_1_303' title='bbox 1209 2114 1249 2146; x_wconf 89' lang='grc'>16</span> <span class='ocrx_word' id='word_1_304' title='bbox 1276 2111 1445 2155; x_wconf 74' lang='lat' dir='ltr'>atlngunt</span> <span class='ocrx_word' id='word_1_305' title='bbox 1467 2109 1503 2144; x_wconf 92' lang='grc' dir='ltr'><strong><em>Β</em></strong></span> 
     </span>
     <span class='ocr_line' id='line_1_36' title="bbox 190 2158 1526 2210; baseline -0.007 -12"><span class='ocrx_word' id='word_1_306' title='bbox 190 2163 294 2209; x_wconf 89' lang='lat' dir='ltr'>quid]</span> <span class='ocrx_word' id='word_1_307' title='bbox 321 2163 365 2210; x_wconf 74' lang='lat' dir='ltr'>qs</span> <span class='ocrx_word' id='word_1_308' title='bbox 384 2163 421 2197; x_wconf 91' lang='lat' dir='ltr'><em>B</em></span> <span class='ocrx_word' id='word_1_309' title='bbox 507 2166 548 2196; x_wconf 82' lang='lat'>17</span> <span class='ocrx_word' id='word_1_310' title='bbox 575 2161 785 2206; x_wconf 84' lang='lat' dir='ltr'>adsignare]</span> <span class='ocrx_word' id='word_1_311' title='bbox 811 2160 930 2194; x_wconf 81' lang='lat' dir='ltr'>facere</span> <span class='ocrx_word' id='word_1_312' title='bbox 954 2159 990 2193; x_wconf 93' lang='grc' dir='ltr'><strong><em>Β</em></strong></span> <span class='ocrx_word' id='word_1_313' title='bbox 1075 2162 1116 2192; x_wconf 84' lang='grc'>19</span> <span class='ocrx_word' id='word_1_314' title='bbox 1141 2158 1243 2202; x_wconf 84' lang='lat' dir='ltr'>plato</span> <span class='ocrx_word' id='word_1_315' title='bbox 1269 2160 1312 2190; x_wconf 77' lang='lat'>01&#39;1</span> <span class='ocrx_word' id='word_1_316' title='bbox 1336 2166 1419 2190; x_wconf 81' lang='lat' dir='ltr'>rara</span> <span class='ocrx_word' id='word_1_317' title='bbox 1441 2159 1526 2203; x_wconf 69' lang='lat'>9⁰2·</span> 
     </span>
     <span class='ocr_line' id='line_1_37' title="bbox 189 2201 1526 2257; baseline -0.007 -13"><span class='ocrx_word' id='word_1_318' title='bbox 189 2211 253 2256; x_wconf 74' lang='lat' dir='ltr'>loq</span> <span class='ocrx_word' id='word_1_319' title='bbox 278 2210 314 2244; x_wconf 94' lang='grc' dir='ltr'><strong><em>Β</em></strong></span> <span class='ocrx_word' id='word_1_320' title='bbox 385 2211 429 2243; x_wconf 93' lang='grc'>20</span> <span class='ocrx_word' id='word_1_321' title='bbox 453 2208 632 2243; x_wconf 89' lang='grc' dir='ltr'>ΤΛΤΛΘΟ</span> <span class='ocrx_word' id='word_1_322' title='bbox 657 2207 693 2242; x_wconf 90' lang='grc' dir='ltr'><strong><em>Ρ</em></strong></span> <span class='ocrx_word' id='word_1_323' title='bbox 765 2210 808 2242; x_wconf 86' lang='grc'>22</span> <span class='ocrx_word' id='word_1_324' title='bbox 834 2205 953 2250; x_wconf 81' lang='lat' dir='ltr'>potest</span> <span class='ocrx_word' id='word_1_325' title='bbox 980 2204 1027 2238; x_wconf 87' lang='lat' dir='ltr'>P&#39;</span> <span class='ocrx_word' id='word_1_326' title='bbox 1101 2207 1146 2238; x_wconf 82' lang='grc'>24</span> <span class='ocrx_word' id='word_1_327' title='bbox 1171 2202 1444 2248; x_wconf 58' lang='lat' dir='ltr'>cophendenlda</span> <span class='ocrx_word' id='word_1_328' title='bbox 1468 2201 1526 2257; x_wconf 35' lang='grc' dir='ltr'>Β]</span> 
     </span>
    </p>
   </div>
   <div class='ocr_carea' id='block_1_11' title="bbox 190 2255 1526 2444">
    <p class='ocr_par' dir='ltr' id='par_1_11' title="bbox 190 2255 1526 2444">
     <span class='ocr_line' id='line_1_38' title="bbox 190 2255 1521 2291; baseline -0.01 -1"><span class='ocrx_word' id='word_1_329' title='bbox 190 2260 234 2291; x_wconf 84' lang='grc'>25</span> <span class='ocrx_word' id='word_1_330' title='bbox 261 2255 333 2290; x_wconf 82' lang='lat' dir='ltr'>dus</span> <span class='ocrx_word' id='word_1_331' title='bbox 353 2255 421 2290; x_wconf 91' lang='grc' dir='ltr'>ΡΒ</span> <span class='ocrx_word' id='word_1_332' title='bbox 1512 2275 1521 2281; x_wconf 74' lang='grc'>,,</span> 
     </span>
     <span class='ocr_line' id='line_1_39' title="bbox 1446 2280 1526 2444; baseline 0 0"><span class='ocrx_word' id='word_1_333' title='bbox 1446 2280 1526 2444; x_wconf 73' lang='grc' dir='ltr'>,Ι</span> 
     </span>
    </p>
   </div>
   <div class='ocr_carea' id='block_1_12' title="bbox 300 1811 459 1815">
    <p class='ocr_par' dir='ltr' id='par_1_12' title="bbox 300 1811 459 1815">
     <span class='ocr_line' id='line_1_40' title="bbox 300 1811 459 1815; baseline 0 0"><span class='ocrx_word' id='word_1_334' title='bbox 300 1811 459 1815; x_wconf 95' lang='lat' dir='ltr'> </span> 
     </span>
    </p>
   </div>
  </div>
 </body>
</html>
