1526 2444
118 80 174 122 58
634 82 729 119 SAT.
754 82 881 118 LIBRI
905 84 922 118 I

118 186 211 229 fuit.
279 187 458 229 aliarum
507 188 696 241 gentium
741 189 900 243 dispari
942 203 1116 232 numero
1155 190 1250 244 pari
1298 205 1437 233 errore

118 245 310 299 nutabat,
342 247 384 286 et
408 247 455 286 ut
486 248 708 288 contentus
740 247 821 288 sim
851 247 1069 289 referendo
1100 262 1328 301 paucarum
1353 263 1437 290 mo-

118 316 207 343 rem
237 303 470 356 regionum,
500 302 685 345 Arcades
718 318 875 346 annum
900 319 1022 346 suum
1052 306 1189 347 tribus
1221 306 1436 348 mensibus

117 360 406 413 explicabant,
442 360 686 403 Acarnanes
729 376 821 416 8811,
865 361 1015 404 Graeci
1052 363 1202 429 reliqui
1237 364 1436 405 trecentis

117 417 428 472 quinquaginta
454 420 654 472 quattuor
679 419 824 461 diebus
851 434 1008 462 annum
1031 421 1250 475 proprium
1270 435 1437 475 compu-

76 475 278 516 3tabant.
337 489 425 517 non
454 475 586 530 igitur
615 477 770 518 mirum
801 478 846 518 in
875 478 955 519 hac
991 478 1197 520 uarietate
1221 478 1438 520 Romanos

118 546 283 586 quoque
331 533 433 574 olim
484 536 655 576 auctore
698 534 877 577 Romulo
927 549 1084 576 annum
1133 550 1254 578 suum
1295 536 1438 578 decem

114 589 315 631 habuisse
357 591 572 632 mensibus
616 591 874 645 ordinatum,
917 593 990 646 qui
1032 607 1166 635 annus
1208 594 1438 647 incipiebat

114 661 140 687 a
169 646 344 702 Martio,
381 651 425 690 et
461 649 763 691 conficiebatur
799 649 947 691 diebus
985 651 1198 696 trecentis.
1221 654 1438 706 quattuor,
1494 691 1496 695 ,

114 707 164 746 ut
193 719 265 746 sex
296 706 464 759 quidem
495 721 674 759 menses,
703 708 746 748 id
784 710 848 748 6813
879 708 1039 762 Aprilis
1076 708 1222 751 Iunius
1261 708 1431 750 Sextilis
1451 722 1492 750 10*

115 761 361 816 September
391 762 635 806 Nouember
664 765 909 819 December,
941 766 1146 807 tricenum
1178 769 1320 808 essent
1350 767 1436 808 die-

114 834 221 876 rum,
251 823 452 875 quattuor
483 836 597 876 uero,
627 822 807 864 Martius
838 822 976 864 Maius
1003 823 1203 889 Quintilis
1238 823 1436 878 October,
1494 823 1496 827 ’

113 878 286 920 tricenis
324 881 367 920 et
403 879 582 934 singulis
613 880 926 936 expedirentur,
963 881 1035 935 qui
1065 881 1273 937 hodieque
1310 882 1436 936 septi-

70 941 262 980 4manas
299 936 458 978 habent
494 936 657 991 Nonas,
701 939 829 979 ceteri
871 939 1110 993 quintanas.
1172 940 1433 993 septimanas
1492 939 1497 982 s

111 995 254 1035 autem
290 993 546 1036 habentibus
583 996 636 1036 ab
678 995 820 1037 Idibus
863 997 1181 1038 reuertebantur
1217 997 1433 1039 Kalendae
1452 1011 1485 1037 15

111 1051 163 1092 ad
194 1051 305 1092 diem
337 1053 563 1106 septimum
589 1053 814 1105 decimum,
846 1068 993 1095 uerum
1024 1054 1282 1096 habentibus
1315 1055 1433 1109 quin-

109 1111 234 1150 tanas
266 1109 318 1150 ad
350 1112 547 1152 octauum
577 1110 785 1153 decimum
822 1113 1042 1154 remeabat
1076 1113 1247 1154 initium
1278 1113 1434 1154 Kalen-

109 1166 269 1208 darum.

68 1229 96 1270 5
224 1223 342 1266 Haec
383 1225 466 1266 fuit
505 1225 677 1267 Romuli
720 1226 948 1281 ordinatio,
990 1228 1062 1281 qui
1102 1228 1285 1282 primum
1329 1229 1432 1270 anni

108 1296 296 1324 mensem
333 1283 516 1337 genitori
554 1298 628 1325 suo
664 1283 818 1326 Marti
854 1285 1022 1326 dicauit.
1083 1299 1207 1350 quem
1244 1300 1431 1333 mensem
1450 1291 1496 1324 20'

110 1340 208 1381 anni
254 1341 439 1406 primum
481 1341 612 1382 fuisse
655 1342 723 1383 uel
767 1356 817 1383 ex
856 1342 936 1384 hoc
985 1344 1167 1384 maxime
1214 1344 1432 1399 probatur,

107 1398 219 1451 quod
259 1398 312 1439 ab
350 1399 443 1451 ipso
481 1397 682 1446 Quintilis
720 1400 894 1453 quintus
926 1402 1007 1454 est,
1044 1404 1087 1442 et
1118 1400 1313 1456 deinceps
1351 1416 1430 1455 pro

67 1460 282 1501 6numero
313 1456 652 1498 nominabantur.
705 1457 830 1499 huius
863 1458 991 1499 etiam
1021 1458 1159 1512 prima
1191 1458 1257 1500 die
1288 1459 1431 1513 ignem

107 1527 264 1555 nouum
301 1513 458 1555 Vestae
496 1514 580 1555 aris
613 1515 917 1568 accendebant,
959 1518 1006 1557 ut
1045 1516 1273 1570 incipiente
1317 1531 1429 1559 anno

109 1584 209 1612 cura
251 1570 388 1613 denuo
433 1572 629 1613 seruandi
670 1573 817 1614 ncuati
853 1573 964 1628 ignis
1000 1573 1215 1628 inciperet.
1283 1574 1428 1616 eodem
1448 1584 1481 1611 2⁵

109 1642 273 1683 quoque
322 1629 585 1684 ingrediente
628 1643 772 1671 mense
816 1633 904 1671 tam
959 1631 1005 1672 in
1052 1631 1172 1685 regia
1220 1632 1430 1686 curiisque

108 1689 234 1740 atque
265 1686 483 1727 flaminum
514 1687 708 1728 domibus
739 1688 908 1730 laureae
938 1691 1101 1730 ueteres
1125 1689 1248 1730 nouis
1273 1690 1428 1731 laureis

107 1744 391 1785 mutabantur.
453 1744 597 1785 eodem
629 1759 794 1799 quoque
825 1760 969 1787 mense
1000 1749 1043 1787 et
1073 1746 1240 1800 publice
1272 1749 1314 1788 et
1344 1747 1427 1801 pri-

106 1802 241 1842 uatim
278 1802 330 1842 ad
363 1801 534 1843 Annam
563 1802 801 1844 Perennam
833 1804 1113 1846 sacrificatum
1143 1804 1247 1860 itur,
1276 1807 1324 1845 ut
1354 1819 1428 1846 an-

69 1864 210 1904 711818
239 1873 552 1913 perennareque
583 1860 800 1902 commode
830 1861 967 1902 liceat.
1026 1862 1106 1903 hoc
1142 1876 1286 1903 mense
1322 1877 1427 1904 mer·
1446 1866 1499 1905 3⁰.

108 1916 227 1958 cedes
269 1917 544 1958 exsoluebant
585 1918 820 1972 magistris,
862 1933 966 1973 quas
1011 1919 1245 1974 completus
1289 1934 1426 1962 annus

105 1973 247 2015 deberi
271 1974 382 2028 fecit,
407 1975 581 2016 comitia
601 1975 941 2031 auspicabantur,
966 1977 1191 2032 uectigalia
1214 1977 1426 2032 locabant,

105 2034 147 2072 et
178 2032 311 2072 seruis
343 2046 467 2073 cenas
499 2032 767 2086 adponebant
802 2037 1038 2089 matronae,
1070 2038 1119 2076 ut
1154 2035 1315 2076 domini
1352 2034 1424 2077 Sa-

197 2183 214 2212 1
234 2180 398 2222 gentium
411 2190 492 2224 pan
508 2178 556 2214 P'
638 2185 658 2215 2
673 2182 906 2227 contemptus
914 2180 960 2217 B'
1033 2185 1054 2216 5
1067 2192 1229 2226 qmnqua
1247 2183 1421 2226 quattuor

102 2220 148 2258 B'
220 2228 241 2259 9
260 2236 397 2260 marcio
419 2226 455 2260 P
524 2230 568 2262 30
586 2237 783 2272 pannareq.
807 2228 810 2269 Ι
833 2228 870 2262 Ρ
930 2228 1119 2264 commodo
1137 2227 1174 2261 B
1245 2232 1289 2263 32
1307 2231 1423 2264 uecti-

101 2271 217 2314 galha
239 2271 275 2305 B
347 2275 391 2306 33
417 2272 527 2320 cenas
547 2274 782 2318 apponebant
809 2274 845 2308 P
