1526 2444
531 79 550 115 Ι
574 82 713 116 60-65
749 79 784 114 [Ι
810 83 902 115 1-4
1300 79 1387 123 363

103 189 216 245 quod
248 188 312 231 sol
345 190 471 243 atque
497 187 658 230 imbres
685 187 904 242 dederant,
934 186 1047 243 quod
1072 189 1189 230 terra
1214 191 1383 231 crearat

103 250 257 303 sponte
288 261 376 302 sua,
409 246 516 288 satis
540 246 584 288 id
615 246 819 301 placabat
850 249 1028 302 pectora
1054 246 1224 289 donum.

160 328 266 372 Post
297 343 444 371 uersus
478 328 532 370 ab
566 328 662 371 aliis
694 329 763 371 uel
794 343 860 373 exj
877 329 1051 385 integro
1083 328 1154 370 uel
1187 343 1237 370 ex
1262 332 1386 384 parte
1402 329 1446 372 II

6 431 8 434 ,
43 388 279 431 translatos
324 388 393 430 uel
436 388 647 443 quaedam
683 387 951 430 immutando
989 388 1124 430 uerba
1160 389 1388 443 tamquam

0 462 24 492 ‘a
45 447 141 489 fuco
185 447 271 490 alio
313 448 471 489 tinctos
514 461 627 488 nunc
670 445 788 489 locos
834 446 940 489 locis
987 460 1226 501 conponere
1271 447 1388 489 sedet

44 506 208 560 animo,
249 508 298 548 ut
340 505 451 548 unde
493 505 672 547 formati
709 505 814 560 sint,
857 505 983 561 quani
1019 505 1070 548 de
1109 505 1282 560 speculo
1320 520 1387 548 co-

42 578 237 620 gnoscas.

101 645 192 688 Nec
224 660 318 688 sum
350 646 482 687 animi
513 645 680 701 dubius,
720 645 865 688 uerbis
898 660 947 688 ea
978 645 1149 688 uincere
1180 649 1428 702 magnum2

103 719 231 759 quam
263 704 338 757 sit,
377 707 420 746 et
451 705 646 760 angustis
677 704 791 747 hunc
822 704 976 746 addere
1007 704 1135 746 rebus
1167 705 1387 748 honorem.

0 779 28 807 ιο
105 763 179 805 sed
211 778 279 805 me
310 763 511 806 Parnassi
543 764 712 804 deserta
741 777 819 817 per
845 762 977 805 ardua
1008 763 1144 806 dulcis

101 824 248 877 raptat
279 837 408 876 amor,
438 821 560 863 iuuat
589 822 652 863 ire
684 821 798 877 iugis
830 836 915 877 qua
945 822 1063 864 nulla
1094 823 1287 877 priorum

102 880 341 923 Castaliam
372 880 492 922 molli
522 880 760 922 deuertitur
791 880 933 923 orbita
965 880 1090 923 cliuo.

42 962 264 1005 Lucretius
295 963 340 1004 in
370 963 509 1018 primo
1401 967 1428 1009 3

100 1047 178 1075 nec
208 1047 277 1074 me
309 1032 443 1075 animi
473 1032 590 1075 fallit
619 1047 748 1087 quam
780 1033 869 1075 sint
900 1033 1082 1076 obscura
1114 1034 1188 1075 sed
1220 1035 1308 1077 aeri

7 1105 26 1137 ⁸
99 1092 311 1147 percussit
340 1091 494 1146 thyrso
524 1091 664 1133 laudis
696 1106 793 1146 spes
826 1106 986 1148 magna
1016 1107 1160 1134 meum
1191 1107 1265 1135 cor

99 1153 142 1192 et
173 1150 302 1192 simul
332 1150 516 1192 incussit
547 1164 723 1192 suauem
754 1150 815 1191 mi
846 1151 891 1192 in
923 1153 1072 1205 pectus
1105 1166 1298 1194 amorem

97 1208 317 1251 Musarum
350 1223 434 1264 quo
465 1223 579 1251 nunc
609 1209 842 1251 instinctus
875 1213 1018 1251 mente
1049 1210 1215 1265 uigenti

100 1268 197 1310 auia
226 1267 442 1309 Pieridum
472 1281 655 1323 peragro
686 1268 782 1310 loca
811 1268 973 1310 nullius
1006 1271 1105 1311 ante

98 1327 203 1368 trita
235 1326 342 1369 solo.

41 1408 221 1464 accipite
259 1414 301 1450 et
339 1408 522 1450 alterum
554 1408 698 1450 locum
729 1407 922 1450 Maronis
954 1408 1021 1450 illi
1051 1409 1164 1451 unde
1195 1412 1430 1454 traxerat4

43 1467 381 1522 conparandum,
417 1469 466 1508 ut
501 1466 684 1509 eundem
723 1468 910 1509 colorem
947 1482 997 1509 ac
1034 1482 1169 1522 paene
1201 1469 1386 1512 similem

25 1540 198 1568 zsonum
229 1525 314 1568 loci
344 1525 565 1580 utriusque
595 1526 797 1581 reperias.
859 1525 1078 1582 Vergilius

101 1608 139 1649 si
170 1621 258 1649 non
287 1608 507 1663 ingentem
538 1606 705 1650 foribus
738 1607 889 1650 domus
920 1607 1008 1650 alta
1040 1609 1234 1664 superbis

100 1681 226 1708 mane
258 1666 525 1708 salutantum
555 1667 660 1709 totis
691 1667 830 1709 uomit
860 1667 1035 1709 aedibus
1067 1667 1228 1710 undam

100 1739 178 1767 nec
207 1725 354 1768 uarios
386 1724 561 1768 inhiant
584 1725 766 1780 pulchra
797 1725 1014 1768 testudine
1045 1729 1204 1781 postes.

41 1809 85 1850 et
114 1821 215 1850 mox

101 1880 149 1920 at
179 1892 328 1920 secura
359 1878 480 1934 quies
512 1881 555 1921 et
584 1879 730 1922 nescia
759 1878 911 1921 fallere
942 1879 1036 1921 uita

43 1988 49 1996 ι
101 1936 220 1979 diues
253 1951 384 1991 opum
414 1936 633 1980 uariarum
665 1941 711 1980 at
741 1938 843 1980 latis
875 1938 964 1981 otia
994 1938 1151 1996 fundis,

137 2045 155 2076 1
182 2040 216 2075 V
241 2044 309 2076 93⁷
406 2044 428 2077 8
454 2040 586 2087 Georg.
612 2041 665 2076 III
690 2045 759 2078 289
851 2045 896 2076 14
920 2041 939 2076 I
964 2045 1031 2078 922
1123 2046 1169 2078 23
1195 2042 1328 2091 Georg.
1355 2045 1389 2080 II

43 2087 110 2122 '461
183 2091 226 2123 27
252 2086 302 2123 ib.
329 2090 396 2124 467

138 2184 159 2216 5
191 2181 274 2217 fuco
305 2182 342 2216 P
480 2185 501 2217 6
534 2182 636 2228 quali
674 2193 697 2219 a
727 2182 875 2229 speculo
909 2184 1111 2231 cognoscas
1135 2195 1191 2221 om
1225 2185 1273 2230 P,
1303 2187 1389 2222 add.

47 2259 217 2300 oantabr.
316 2267 358 2299 12
385 2264 522 2300 omma
549 2264 586 2299 P
681 2268 725 2300 15
750 2265 864 2302 thuro
890 2266 928 2302 P
1015 2271 1059 2302 16
1084 2244 1122 2300 ἐι
1147 2267 1336 2313 mspectus
1357 2268 1395 2303 P

47 2311 90 2346 2⁶2
115 2315 178 2346 1115.
204 2311 240 2346 P
309 2314 355 2346 28
380 2310 470 2360 letis
489 2311 527 2346 P
