1526 2444
143 55 228 96 648
440 54 586 91 COMM.
612 54 665 90 IN
691 53 831 90 SOMN.
858 54 970 90 SCIP.
995 54 1123 91 LIBRI
1140 56 1175 90 11

143 161 268 203 facile
298 161 527 216 repperies„
562 160 598 202 si
628 161 689 202 rei
718 160 946 203 inuisibilis
978 164 1140 203 motum
1172 162 1263 204 sine
1294 164 1462 205 auctore
1513 144 1517 195 l

146 222 273 274 atque
320 219 415 260 ideo
460 219 549 259 sine
591 218 714 259 initio
757 231 806 259 ac
848 218 938 259 sine
980 219 1062 260 fine
1104 219 1379 273 prodeuntem
1422 222 1464 262 et

145 279 284 319 cetera
318 277 558 317 mouentem
597 278 739 317 mente
777 276 1006 329 concipias,
1043 278 1109 318 cui
1143 278 1250 319 nihil
1284 278 1463 320 similius
1517 289 1520 300 ·

145 335 195 376 de
239 333 479 375 uisibilibus
523 348 649 387 quam
691 333 787 375 fons
829 333 1016 386 potuerit
1057 336 1248 390 reperiri,
1292 336 1363 390 qui
1403 335 1465 376 ita

145 391 399 446 principium
436 394 501 433 est
537 405 687 445 aquae,
723 393 770 432 ut
807 405 902 432 cum
936 391 985 431 de
1017 405 1061 433 sc
1091 392 1242 434 fluuios
1275 395 1318 434 et
1347 394 1463 435 lacus
1499 402 1517 431 ⁵

145 452 354 503 procreet,
392 464 417 490 a
452 449 571 491 nullo
607 449 724 490 nasci
759 449 849 502 ipse
885 448 1065 503 dicatur,
1101 463 1198 491 nam
1230 450 1267 492 si
1298 451 1351 492 ab
1382 451 1465 492 alio

76 509 135 551 24
148 510 409 562 nasceretur,
444 521 530 548 non
567 508 679 548 esset
716 507 803 558 ipse
833 506 1100 561 principium.
1161 510 1202 549 et
1233 508 1342 549 sicut
1369 507 1466 550 fons
1514 538 1519 552 2

147 579 232 606 non
269 578 434 618 semper
470 564 593 606 facile
632 564 971 618 deprehenditur,
1007 565 1060 606 ab
1096 565 1190 619 ipso
1221 567 1364 607 tamen
1396 565 1468 620 qui

146 622 392 674 funduntur,
423 625 496 664 aut
526 621 649 663 Nilus
682 624 747 663 est
778 625 853 663 aut
882 621 1092 663 Eridanus
1125 625 1197 663 aut
1221 622 1365 664 Hister
1396 625 1469 664 aut

147 680 319 734 Tanais,
356 683 398 721 et
436 683 485 722 ut
520 680 691 721 illorum
727 679 1002 733 rapacitatem
1037 680 1218 722 uidendo
1256 681 1468 722 admirans

148 741 191 780 et
238 738 351 779 intra
399 752 442 780 se
491 740 708 779 tantarum
757 752 961 791 aquarum
1005 739 1211 793 originem
1253 739 1469 792 requirens

148 796 407 850 cogitatione
437 795 617 837 recurris
649 795 699 836 ad
730 794 891 836 fontem
916 797 959 836 et
982 796 1092 837 hunc
1116 810 1282 837 omnem
1308 798 1470 837 motum

147 853 362 908 intellegis
412 853 461 894 de
509 853 646 907 primo
695 853 988 907 scaturriginis
1038 868 1209 895 manare
1250 854 1471 908 principio,
1510 855 1511 858 ’

147 911 211 952 ita
253 925 348 952 cum
391 925 615 965 corporum
658 912 838 964 motum,
888 924 962 952 seu
1004 911 1145 952 diuina
1187 925 1261 952 seu
1303 914 1470 952 terrena

149 969 246 1019 sint,
273 968 578 1010 considerando
607 981 805 1022 quaerere
830 967 939 1009 forte
965 970 1180 1010 auctorem
1205 969 1324 1023 uelis,
1347 983 1467 1018 mens
1508 1011 1510 1013 ,

148 1029 223 1068 tua
278 1026 330 1068 ad
386 1026 571 1068 animam
619 1026 739 1079 quasi
787 1025 838 1066 ad
887 1025 1047 1067 fontem
1095 1029 1300 1081 recurrat,
1355 1026 1471 1067 cuius
1508 1058 1510 1060 ψ

151 1086 316 1126 motum
377 1084 505 1125 etiam
567 1083 657 1124 sine
717 1083 903 1137 corporis
964 1083 1201 1125 ministerio
1261 1086 1473 1126 testantur

81 1142 139 1185 25
154 1142 433 1197 cogitationes
478 1141 632 1196 gaudia
675 1155 770 1195 spes
813 1141 999 1183 timores.
1065 1155 1166 1183 nam
1208 1144 1349 1183 motus
1385 1142 1473 1183 eius

153 1203 218 1242 est
259 1200 362 1242 boni
406 1199 587 1253 malique
630 1198 843 1248 discretio,
891 1199 1097 1240 uirtutum
1141 1214 1274 1254 amor,
1323 1199 1473 1254 cupido
1510 1247 1511 1250 Ἴ

151 1258 373 1312 uitiorum,
411 1272 461 1298 ex
498 1257 649 1312 quibus
686 1256 864 1298 effluunt
901 1271 1045 1298 omnes
1084 1257 1181 1298 inde
1211 1258 1472 1298 nascentium

92 1337 100 1355 ,-
152 1330 291 1357 rerum
321 1318 497 1366 meatus,
527 1317 667 1356 motus
694 1314 805 1355 enim
830 1314 918 1356 eius
944 1316 1010 1356 est
1034 1315 1230 1369 quicquid
1253 1315 1475 1357 irascimur
1510 1343 1511 1347 =

155 1376 196 1415 et
225 1374 269 1415 in
293 1373 504 1415 feruorem
529 1375 700 1414 mutuae
731 1372 962 1414 collisionis
988 1387 1212 1427 armamur,
1242 1373 1351 1414 unde
1375 1387 1475 1427 pau-

153 1431 275 1473 latim
298 1431 526 1486 procedens
551 1431 690 1472 rabies
714 1430 894 1472 fluctuat
916 1430 1188 1484 proeliorum,
1219 1433 1359 1472 motus
1385 1431 1474 1472 eius

154 1492 219 1531 est
266 1489 380 1543 quod
426 1489 471 1530 in
514 1488 719 1530 desideria
761 1488 970 1542 rapimur,
1018 1488 1128 1543 quod
1171 1488 1475 1542 cupiditatibus

156 1547 400 1602 alligamur,
436 1545 508 1588 sed
538 1546 584 1587 hi
613 1548 755 1589 motus
787 1547 822 1587 si
851 1545 1015 1587 ratione
1046 1547 1349 1601 gubernentur,
1379 1560 1474 1600 pro-

156 1607 331 1646 ueniunt
380 1605 605 1656 salutares,
660 1604 696 1646 si
745 1604 1046 1658 destituantur,
1093 1604 1138 1645 in
1186 1617 1386 1658 praeceps
1435 1605 1478 1645 et

85 1663 141 1705 26
156 1663 378 1717 rapiuntur
421 1665 462 1704 et
497 1662 680 1716 rapiunt.
746 1662 930 1704 didicisti
966 1664 1107 1703 motus
1146 1661 1328 1715 animae,
1370 1675 1477 1716 quos

157 1721 281 1762 modo
337 1720 427 1762 sine
477 1719 717 1761 ministerio
766 1720 972 1774 corporis,
1027 1719 1152 1761 modo
1201 1733 1277 1773 per
1324 1732 1475 1773 corpus

156 1781 332 1821 exercet.
393 1778 430 1819 si
468 1792 566 1819 uero
603 1778 736 1831 ipsius
774 1778 1010 1819 mundanae
1048 1778 1210 1819 animae
1242 1779 1382 1819 motus
1413 1790 1477 1818 re-

157 1837 317 1890 quires,
354 1836 576 1878 caelestem
607 1835 920 1877 uolubilitatem
957 1837 999 1877 et
1031 1835 1304 1889 sphaerarum
1336 1834 1475 1876 subia-

156 1894 340 1936 centium
382 1893 551 1948 rapidos
594 1894 776 1948 impetus
819 1893 999 1946 intuere,
1048 1895 1186 1934 ortum
1229 1905 1477 1934 occasumue

251 2022 269 2052 1
295 2018 416 2064 rep1es
434 2019 471 2053 Β
548 2022 568 2053 3
595 2018 721 2063 capias
741 2017 778 2052 P
851 2021 873 2052 4
897 2017 982 2052 funs
1001 2022 1042 2054 ut
1059 2019 1135 2053 uid.
1158 2015 1204 2052 P'
1289 2016 1428 2062 potent
1444 2015 1481 2051 P
1504 2018 1510 2036 ⁴·

158 2068 178 2099 7
202 2065 279 2109 ipsc
303 2075 368 2100 om.
396 2065 433 2099 P
520 2068 540 2099 9
564 2063 761 2099 heridanus
780 2064 817 2099 P
903 2067 946 2099 10
970 2064 1205 2109 rap1d1tatem
1230 2063 1266 2098 P
1350 2073 1476 2098 amrm-

155 2110 244 2147 rans
265 2111 301 2145 P
401 2114 442 2145 11
466 2110 504 2145 se
528 2111 572 2155 P,
597 2112 634 2146 te
659 2111 695 2146 Β
791 2113 833 2145 13
857 2109 1038 2155 intelligis
1056 2110 1092 2146 B
1180 2109 1410 2154 faturngmis
1428 2106 1476 2143 P'
1507 2146 1511 2151 ,

158 2160 202 2192 14
226 2157 349 2192 motus
369 2157 405 2192 P
497 2161 540 2192 15
565 2156 659 2192 forte
683 2167 748 2192 om.
774 2156 811 2190 P
898 2160 941 2192 21
969 2167 1066 2191 emm
1089 2167 1153 2192 om.
1180 2157 1216 2192 Β
1303 2159 1348 2191 22
1372 2154 1477 2190 Vnde

155 2214 246 2248 pau·
270 2204 312 2238 in
333 2214 404 2239 ras.
430 2204 472 2238 in
495 2203 532 2238 P
622 2206 666 2238 25
692 2203 876 2247 agitamur
901 2203 938 2237 P
1026 2204 1080 2238 hu
1105 2203 1139 2237 B
1228 2206 1272 2238 29
1297 2200 1423 2249 reqras
1441 2200 1477 2236 B

156 2254 202 2285 30
227 2250 257 2285 ὦ
280 2249 426 2295 sperarfi
451 2250 506 2286 bis
524 2251 649 2295 posuit
675 2249 723 2283 P'
800 2248 983 2294 sperarum
1008 2249 1044 2283 B
