1526 2444
629 69 679 106 VI
707 73 845 106 12—23
1331 70 1418 113 499

69 180 271 223 mensem.
319 180 426 222 haec
458 178 508 221 de
539 178 679 234 prima
704 177 936 234 septenarii
968 178 1243 234 copulatione
1276 178 1415 222 libata
1431 181 1484 224 18
1509 188 1519 197 ²

12 288 14 291 ,
69 239 168 282 sint.
218 239 403 281 secunda
427 238 479 280 de
505 237 671 281 duobus
704 240 747 280 et
772 238 959 294 quinque
993 241 1067 280 est.
1119 252 1170 279 ex
1201 237 1270 280 his
1296 238 1417 294 dyas,

68 298 169 353 quia
211 300 313 353 post
349 297 534 340 monada
570 297 712 352 prima
755 299 839 352 est,
883 297 1048 351 primus
1093 299 1158 339 est
1199 311 1415 349 numerus.

68 358 171 399 haec
216 357 270 399 ab
305 356 382 399 illa
426 355 744 411 omnipotentia
788 353 983 398 solitaria
1026 356 1072 398 in
1117 357 1307 411 corporis
1351 356 1416 398 in-

30 429 47 455 5
68 415 318 472 tellegibilis
357 415 512 457 lineam
557 416 697 469 prima
734 415 930 470 defluxit,
967 415 1064 457 ideo
1102 418 1145 456 et
1189 415 1241 457 ad
1279 429 1416 470 uagas

68 475 292 517 stellarum
340 477 382 516 et
424 474 636 531 luminum
681 473 886 529 sphaeras
929 474 1135 528 refertur,
1185 474 1286 530 quia
1334 474 1442 517 hae

67 548 235 588 quoque
276 534 329 575 ab
373 533 465 588 illa,
511 548 619 588 quae
657 531 852 587 ἀπλανής
889 532 1062 588 dicitur,
1107 534 1152 575 in
1189 547 1416 576 numerum

67 593 224 635 scissae
258 596 301 634 et
331 593 375 634 in
401 592 511 634 uarii
538 595 696 654 motus
701 592 1062 659 contrarietatem
1079 594 1276 647 retortae
1302 595 1416 635 sunt.

473 646 657 655 <-·u-.—*-.
875 642 971 651 „aff-u.
984 641 1017 647 ο-
1018 640 1071 647 Η.»-

65 650 136 694 hic
181 665 283 707 ergo
326 661 531 693 numerus
569 666 666 694 cum
686 646 900 706 quinario
939 640 1164 705 aptissiine
1194 642 1416 707 iungitur,

13 723 48 749 10
67 724 162 753 cum
192 710 263 752 hic
295 710 349 752 ad
381 713 590 764 errantes,
622 712 672 751 ut
702 710 907 764 diximus,
945 710 999 751 ad
1037 710 1146 752 caeli
1176 724 1307 752 zona-s
1338 710 1413 752 ille

7 807 11 812 .
66 768 288 836 referatur,
319 769 393 811 sed
424 769 498 811 ille
528 769 695 811 ratione
728 768 1065 837 εοὶεξίοιιίεμΨΟ
1096 769 1286 810 numero'.
1335 768 1413 812 illa
1431 771 1501 813 19·

65 842 169 870 uero
214 828 409 883 quinario
454 838 634 870 nurnero
683 825 947 886 proprietaff
975 829 1154 882 excepta
1195 827 1414 894 pofflpffiae

67 887 182 929 ultra
226 889 390 929 ceteras
444 887 675 933 eminentis
729 887 890 942 euenit,
931 887 1045 942 quod
1096 883 1212 928 solus
1257 886 1443 942 omnia,-

68 959 259 1001 quaeque
297 948 397 987 sunt
441 959 632 1000 quaeque
670 945 873 987 uidentur
910 960 1020 1001 esse,
1065 947 1297 1001 conplexus
1335 948 1414 989 est.

12 1016 48 1043 15
67 1018 160 1047 esse
181 1008 323 1047 autem
343 1004 524 1046 dicimus
549 1005 868 1060 intellegibilia,
893 1005 1030 1047 uideri
1049 1019 1143 1047 esse
1169 1005 1413 1060 corporalia

2 1115 3 1118 Ἴ
66 1064 227 1117 omnia,
277 1078 351 1105 seu
394 1063 588 1106 diuinum
633 1078 786 1119 corpus
830 1063 1018 1106 habeant
1068 1078 1143 1106 seu
1192 1064 1412 1106 caducum.

65 1121 135 1164 hic
167 1136 269 1178 ergo
300 1136 503 1164 numerus
536 1123 663 1165 simul
701 1122 847 1166 omnia
883 1126 927 1165 et
958 1137 1113 1178 supera
1144 1125 1187 1165 et
1217 1123 1413 1165 subiecta

66 1181 274 1237 designat.
337 1183 433 1223 aut·
424 1181 556 1223 ·enim
582 1182 684 1223 deus
711 1197 903 1224 summus
930 1186 996 1224 est
1027 1185 1104 1224 aut
1129 1197 1249 1224 mens
1282 1196 1333 1224 ex
1360 1196 1410 1224 eo
1424 1184 1482 1226 20

64 1242 187 1295 nata,
228 1240 273 1281 in
311 1254 396 1295 qua
430 1255 572 1282 rerum
611 1240 776 1298 species
814 1242 1106 1296 continentur,
1145 1243 1221 1283 aut
1261 1241 1411 1283 mundi

7 1309 43 1338 ιο
62 1298 218 1352 anima,
250 1313 360 1354 quae
387 1299 630 1342 animarum
656 1299 847 1342 omnium
871 1299 971 1342 fons
1000 1303 1077 1356 est,
1109 1303 1184 1342 aut
1210 1300 1411 1343 caelestia

10 1389 14 1392 -
62 1360 163 1400 sunt
205 1372 340 1413 usque
384 1358 439 1400 ad
475 1371 556 1400 nos
601 1361 678 1400 aut
719 1361 892 1401 terrena
931 1361 1088 1401 natura
1132 1363 1215 1414 est,
1260 1361 1303 1401 et
1347 1360 1409 1402 sic

4 1434 14 1444 ·
62 1415 289 1471 quinarius*
316 1431 458 1459 rerum
505 1418 698 1460 omnium
737 1418 939 1460 numerus
977 1418 1195 1473 impletur.
1257 1417 1307 1459 de
1345 1432 1407 1460 ΒΘ·-
1422 1420 1478 1462 21

61 1475 201 1518 cunda
233 1476 466 1531 septenarii
502 1477 670 1518 numeri
702 1476 1002 1519 coniunctione
1033 1477 1149 1519 dicta
1185 1477 1291 1519 haec
1328 1491 1407 1531 pro

9 1534 17 1537 *⁷
60 1534 284 1591 affectatae
311 1535 538 1578 breuitatis
562 1535 821 1581 necessitate
847 1536 1082 1591 sufficiunt3
1107 1536 1238 1578 tertia
1263 1538 1332 1578 est
1357 1536 1408 1578 de

6 1602 43 1633 ⁸
60 1593 198 1636 tribus
230 1597 274 1635 et
304 1597 526 1661 quattuor,
558 1608 666 1649 quae
698 1597 909 1662 quantum
940 1595 1086 1637 u'aleat
1122 1595 1408 1638 reuoluamus.

59 1653 308 1707 geometrici
357 1653 548 1707 corporis
608 1654 662 1696 ab
712 1654 870 1721 impari
918 1654 1058 1709 prima
1106 1654 1310 1708 planities
1360 1654 1405 1696 in
1421 1655 1478 1697 22

59 1711 198 1754 tribus
229 1711 354 1754 lineis
384 1714 576 1767 constat,
613 1712 682 1755 his
715 1714 828 1754 em'm
867 1713 1096 1769 trigonalis
1127 1713 1270 1756 forma
1307 1727 1406 1758 con-

0 1777 19 1820 ;‘
59 1769 261 1826 cluditur,
298 1786 324 1813 a
360 1772 459 1836 pari
502 1785 608 1815 uero
652 1771 794 1828 prima
838 1771 883 1814 in
933 1774 1140 1828 quattuor
1176 1771 1405 1815 inuenitur.

57 1830 162 1870 item
211 1829 368 1872 scimus
413 1830 646 1873 secundum
688 1831 914 1873 Platonem
963 1831 1032 1873 id
1056 1833 1123 1873 est
1172 1831 1402 1874 secundum
1418 1831 1474 1874 23

0 1823 193 1971 {Uipsius
220 1888 414 1934 ueritatis
440 1903 642 1932 arcanum
666 1890 743 1931 illa
767 1890 871 1932 forti
896 1887 1011 1932 inter
1036 1904 1080 1933 se
1106 1890 1277 1933 uinculo
1305 1904 1404 1933 con-

0 1972 6 2046 1
152 2025 175 2062 ’3
193 2027 392 2064 monadem
414 2027 450 2062 P
508 2027 676 2063 numeris
690 2025 736 2064 B'
797 2031 821 2063 4
839 2028 1080 2074 mtellegihb,
1099 2029 1136 2064 Β
1198 2034 1219 2065 6
1234 2029 1358 2075 speras
1367 2031 1404 2065 Β

23 2084 193 2122 ecorr.
218 2075 346 2132 inhe
358 2074 463 2111 ΜΒ
537 2078 631 2120 ”lap
633 2074 830 2111 lanesPB
903 2077 1012 2112 9hic
1037 2087 1126 2121 ergo
1153 2076 1405 2122 diaslnfil'B

25 2125 101 2158 10
126 2121 241 2157 caelis
260 2120 309 2156 P'
390 2122 509 2158 honas
527 2121 576 2157 B'
658 2126 699 2158 11
727 2122 913 2158 scissiones
937 2088 1108 2158 P'1{
1133 2124 1351 2169 complexus
1369 2124 1407 2159 P

29 2169 100 2204 16
125 2168 196 2204 effe
222 2172 306 2204 ante
331 2170 454 2206 autem
479 2180 570 2205 corr.
595 2173 639 2206 ut
661 2171 739 2206 uid.
766 2181 810 2207 ex
835 2170 890 2206 est
913 2171 955 2206 in
980 2171 1017 2206 B
1092 2174 1135 2206 17
1156 2171 1186 2206 Sc
1206 2182 1332 2207 omnia
1351 2169 1401 2206 P

30 2218 100 2252 ²23
125 2215 222 2251 dista
249 2214 298 2251 P'
427 2219 474 2252 24
499 2216 651 2265 affatate
676 2217 726 2252 B'
845 2218 895 2254 ad
920 2217 1111 2254 sufficmnt
1136 2219 1220 2255 add.
1247 2220 1264 2252 1
1289 2220 1354 2254 ant
1373 2230 1403 2263 p

28 2280 31 2294 3
54 2264 100 2298 25
118 2266 151 2299 et
159 2266 214 2345 1238
233 2264 394 2315 quatuor
416 2263 454 2298 P
536 2268 582 2300 26
602 2264 840 2310 geometncis
855 2261 904 2300 P‘
978 2275 1102 2310 inpari
1120 2265 1158 2302 B
1232 2268 1277 2301 30
1298 2265 1403 2302 colh-

53 2321 136 2356 gan

9 2375 12 2385 ι
33 2378 37 2383 .
1044 2369 1118 2404 32*
