1526 2444
599 67 667 103 1111
694 72 810 104 6-14
1325 69 1379 110 1¹5

35 192 116 234 que
161 178 203 219 et
244 176 410 233 reliqua
451 177 520 219 his
558 176 717 218 similia
752 176 963 219 festorum
1000 175 1165 219 dierum
1201 176 1380 219 nomina

35 239 135 279 sunt
182 250 261 279 nec
304 235 578 292 singulariter
620 235 920 287 nominantur,
970 238 1046 278 aut
1088 234 1126 278 si
1170 235 1380 291 singulari

31 309 211 338 numero
250 294 424 350 dixeris,
459 309 547 337 non
586 294 700 336 idem
739 294 1022 350 significabis,
1057 294 1143 336 nisi
1173 293 1379 336 adieceris

33 355 240 407 festum,
270 356 319 396 ut
342 353 663 397 Bacchanale
696 352 904 409 festum,
928 353 1162 408 Agonale
1187 353 1378 395 festum

35 416 78 456 et
106 413 288 468 reliqua,
328 415 376 454 ut
406 413 494 454 iam
526 426 612 455 non
643 412 863 467 posituum
896 412 970 467 sit,
1002 412 1076 454 sed
1107 412 1379 464 adiectiuum‚

34 472 149 527 quod
181 470 334 514 Graeci
364 470 571 514 ἐπίθετον
608 474 780 514 uocant.
842 471 1023 513 animati
1054 474 1156 513 sunt
1188 484 1291 526 ergo
1324 471 1378 513 ad
1396 476 1451 517 10

0 538 2 577 ὲ
33 530 275 573 faciendam
312 530 614 573 discretionem
651 531 695 572 in
735 528 936 586 genetiuo
975 544 1094 584 casu,
1132 532 1180 572 ut
1217 545 1268 572 ex
1298 529 1379 572 hac

34 590 322 632 declinatione
348 590 636 645 exprimerent
653 604 812 631 nomen
833 589 1053 631 sollemnis
1074 588 1170 643 diei,
1196 589 1379 631 scientes

33 649 79 691 in
108 663 195 691 non
225 649 359 691 nullis
392 663 519 703 saepe
551 648 799 691 nominibus
832 648 980 689 datiuo
1011 648 1055 689 in
1086 659 1172 690 Bvs
1199 650 1380 690 exeunte

0 707 170 750 onihilo
213 708 356 750 minus
400 708 646 763 genetiuum
683 707 730 748 in
766 718 864 748 RVM
900 705 1015 748 finiri
1052 709 1101 748 ut
1144 706 1378 748 domibus

33 766 310 821 domorum,
341 766 537 809 duobus
571 766 797 819 duorum,
829 765 1076 808 ambobus
1106 765 1446 811 amborum.11

32 825 96 868 ita
127 828 170 867 et
205 826 398 867 uiridia
435 839 530 867 cum
565 822 664 866 ἀντὶ
694 822 904 866 ἐπιθέτου
935 824 1220 879 accipiuntur,
1251 838 1378 879 gene-

33 885 172 926 tiuum
209 885 253 926 in
290 896 357 926 VM
393 884 576 939 faciunt,
612 885 662 925 ut
698 883 889 925 uiridia
925 886 1092 938 prata,
1135 883 1380 925 uiridium

33 945 313 998 pratorum:
339 958 435 985 cum
460 957 562 985 uero
588 943 728 998 ipsam
746 942 832 985 loci
852 943 1115 984 uiriditatem
1137 942 1379 998 significare

0 1005 249 1057 §uolumus,
286 1002 592 1044 uiridiorum
623 1001 822 1056 dicimus,
855 1004 905 1043 ut
936 1016 1032 1044 cum
1066 1001 1238 1044 dicitur:
1276 1001 1379 1044 for-

33 1075 173 1103 mosa
202 1061 364 1103 facies
395 1060 719 1103 uiridiorum:
753 1063 857 1102 tunc
883 1061 996 1103 enim
1028 1060 1222 1102 uiridia
1255 1060 1380 1116 quasi

33 1120 269 1175 positiuum
306 1121 499 1175 ponitur,
535 1134 623 1162 non
661 1119 871 1163 accidens.
932 1121 1056 1161 tanta
1088 1123 1232 1162 autem
1265 1120 1378 1174 apud
1397 1123 1450 1164 12

34 1181 200 1221 ueteres
224 1178 308 1221 fuit
331 1179 506 1221 licentia
531 1179 659 1221 huius
685 1178 889 1234 genetiui,
914 1181 963 1221 ut
980 1178 1174 1221 ASINIVS
1199 1179 1378 1222 POLLIO

34 1237 434 1294 uectigaliorum
474 1238 723 1293 frequenter
759 1241 951 1293 usurpet,
998 1238 1111 1294 quod
1147 1238 1378 1294 uectigal

0 1309 122 1338 onon
164 1296 305 1339 minus
348 1297 514 1340 dicatur
554 1312 683 1352 quam
724 1297 1021 1352 uectigalia.
1089 1297 1163 1339 sed
1201 1300 1245 1340 et
1283 1312 1379 1339 cum

31 1355 225 1411 legamus
405 1403 614 1458 laeuaque
646 1403 783 1445 ancile
814 1403 1005 1459 gerebat,

32 1488 180 1528 tamen
213 1487 256 1527 et
293 1485 600 1527 anciliorum
638 1485 825 1527 relatum
866 1488 944 1528 est.
1003 1485 1236 1528 uidendum
1273 1499 1377 1542 ergo
1394 1488 1448 1530 13

33 1559 88 1586 ne
129 1545 269 1600 magis
307 1544 496 1586 uarietas
534 1547 702 1586 ueteres
747 1543 1029 1587 delectauerit
1071 1559 1200 1600 quam
1239 1547 1287 1586 ut
1325 1545 1379 1586 ad

0 1600 17 1628 ⁵
36 1606 242 1646 amussim
290 1617 439 1644 uerum
496 1603 555 1644 sit
609 1603 819 1645 festorum
878 1604 1044 1645 dierum
1090 1604 1268 1646 nomina
1317 1604 1380 1646 sic

33 1665 200 1705 uocata.
272 1676 367 1704 ecce
417 1661 530 1703 enim
580 1664 623 1703 et
669 1664 842 1717 praeter
891 1662 1167 1705 sollemnium
1214 1663 1379 1705 dierum

33 1721 244 1764 uocabula
288 1721 373 1762 alia
416 1735 583 1776 quoque
634 1721 694 1763 sic
743 1720 958 1766 declinata
1000 1722 1288 1776 repperimus,
1330 1723 1380 1763 ut

33 1780 288 1834 praecedens
309 1794 447 1822 sermo
467 1779 685 1835 patefecit,
704 1779 1009 1823 uiridiorum
1030 1783 1073 1822 et
1098 1781 1379 1836 uectigali-

34 1853 174 1882 orum
205 1842 249 1881 et
281 1839 612 1881 anciliorum:
654 1839 727 1881 sed
759 1841 802 1881 et
831 1839 929 1894 ipsa
957 1838 1170 1882 festorum
1201 1840 1377 1882 nomina
1394 1847 1450 1889 14

0 1895 17 1923 ⁰
35 1898 265 1941 secundum
290 1898 484 1954 regulam
509 1897 722 1940 declinata
748 1899 862 1953 apud
888 1901 1055 1941 ueteres
1080 1899 1291 1954 repperio,
1323 1899 1377 1940 si-

36 1957 206 2011 quidem
243 1955 410 1999 VARRO
443 1955 702 1999 Feralium
742 1957 873 1999 diem
906 1957 969 2000 ait
1000 1973 1025 2000 a
1055 1957 1288 2000 ferendis
1328 1958 1379 2000 in

127 2077 147 2108 7
173 2074 342 2118 gemtiuo
368 2073 404 2108 P
478 2073 570 2108 haec
596 2074 644 2116 B,
669 2075 686 2107 1
712 2084 755 2108 ex
780 2074 852 2108 hac
878 2074 962 2110 add.
989 2074 1010 2109 b
1089 2078 1110 2109 8
1136 2074 1317 2119 souepms
1344 2074 1381 2108 P

34 2123 78 2156 10
109 2121 317 2165 gemtmum
349 2119 386 2154 P
462 2123 504 2154 12
536 2121 874 2156 ΑΝΤΙΕΠΙΘΘΤΟΥ
910 2122 960 2166 Β,
999 2121 1187 2167 ΔΝξΤΙΕΠΙ
1226 2122 1374 2157 ΘΕΤΟΝ

33 2168 70 2203 Ρ
150 2171 193 2203 12
220 2168 428 2210 gemtiuum
453 2168 490 2202 P
569 2171 613 2203 14
637 2178 727 2204 uoro
756 2167 802 2202 P'
890 2172 932 2203 17
958 2169 1066 2204 tanta
1091 2180 1189 2204 emm
1214 2169 1252 2203 P
1337 2172 1378 2203 18

33 2216 190 2260 gemtim
214 2214 252 2249 P
339 2217 382 2249 19
407 2215 707 2261 uectlgalhorum
732 2215 769 2250 B
860 2216 975 2262 quod]
1002 2227 1028 2262 q
1055 2215 1093 2250 P
1174 2220 1220 2251 26
1245 2215 1378 2260 sollep-

32 2273 135 2344 midmg
158 2265 302 2344 praessr
323 2272 390 2345 11αέ
393 2274 446 2346 gn
463 2273 536 2298 ras.
556 2263 654 2345 in113²
717 2266 766 2346 ἓξ
787 2263 975 2346 ἓθοᾙίαὺε.
994 2264 1079 2346 {P
1073 2264 1209 2299 uocata
1227 2263 1265 2298 P
1333 2265 1378 2297 28

34 2320 74 2343 m
98 2320 113 2344 1
137 2321 217 2344 rum
439 2321 584 2356 reperio
804 2321 881 2346 ena
911 2322 973 2345 um
