1526 2444
0 0 41 184 Γ
383 67 505 104 XVIII
528 71 670 104 23-—24
705 65 843 103 XVIIII
869 70 960 103 1-—6
1283 67 1368 110 109

0 179 202 224 {eundem
234 192 284 221 ac
315 178 474 220 solem
506 191 599 219 esse
631 176 941 232 demonstrant,
973 175 1011 218 si
1042 175 1212 230 quidem
1241 175 1370 230 pleri·

0 225 103 298 {que
127 238 329 280 Liberum
360 251 455 279 cum
481 235 619 278 Marte
650 235 928 290 coniungunt,
959 249 1092 277 unum
1121 234 1249 277 deum
1275 248 1369 277 esse

0 294 326 343 monstrantes
386 295 497 338 unde
534 294 730 337 Bacchus
758 292 988 344 Ἐνυάλιος
1024 294 1371 349 cognominatur,
1386 296 1413 338 2

2 356 138 422 quod
168 358 235 398 est
263 355 378 397 inter
409 354 585 410 propria
614 353 768 395 Martis
799 354 988 396 nomina.
1051 353 1206 396 colitur
1237 353 1371 395 etiam

0 408 136 484 {apud
171 414 534 457 Lacedaemonios
572 413 848 455 simulacrum
885 412 1031 455 Liberi
1070 412 1207 468 patris
1245 412 1373 454 hasta

0 466 208 543 {insigne‚
250 487 338 516 non
373 472 540 528 thyrso.
608 472 683 515 sed
720 486 816 514 cum
852 472 1052 527 thyrsum
1087 474 1225 526 tenet,
1270 471 1373 526 quid

0 533 142 577 aliud
178 547 306 589 quam
342 532 485 574 latens
522 532 656 574 telum
695 531 824 586 gerit,
868 531 987 573 cuius
1030 545 1176 573 mucro
1213 505 1374 573 hedera.

0 580 242 676 §lambente
270 591 544 648 protegitur?
607 590 721 646 quod
753 590 944 632 ostendit
979 590 1152 632 uinculo
1186 589 1373 645 quodam

2 651 260 708 patientiae
286 650 541 706 obligandos
561 649 748 706 impetus
768 649 885 691 belli.
928 649 1062 691 habet
1080 648 1196 691 enim
1215 649 1374 691 hedera

26 710 243 754 uinciendi
269 710 574 765 obligandique
593 712 804 751 naturam.
848 722 927 750 nec
947 722 1035 750 non
1061 709 1103 749 et
1128 708 1245 750 calor
1269 708 1375 763 uini,

2 770 145 813 cuius
176 769 306 811 Liber
335 771 458 824 pater
490 770 639 811 auctor
669 770 752 823 est,
784 781 911 822 saepe
941 766 1141 809 homines
1176 766 1230 809 ad
1261 767 1375 809 furo-

2 835 5 854 ³
25 843 118 871 rem
141 828 345 870 bellicum
369 842 504 883 usque
529 827 743 882 propellit.
786 826 921 882 igitur
940 828 1118 882 propter
1143 828 1375 882 cognatum
1390 829 1417 871 3

27 887 219 943 utrisque
257 888 430 929 effectus
468 886 652 928 calorem
691 884 876 927 Martem
914 899 964 928 ac
997 885 1205 927 Liberum
1242 900 1376 927 unum

4 975 5 978 =
27 947 293 1002 eundemque
318 946 444 988 deum
470 960 562 988 esse
582 945 822 987 uoluerunt.
867 948 980 987 certe
999 944 1186 987 Romani
1213 946 1376 987 utrum-

4 1020 110 1062 que
146 1006 282 1061 patris
319 1005 608 1061 appellatione
639 1006 916 1058 uenerantur,
955 1004 1141 1046 alterum
1172 1003 1378 1046 Liberum

4 1059 6 1100 Ϊ
28 1067 208 1121 patrem,
227 1065 410 1107 alterum
430 1063 756 1119 Marspitrem
781 1063 825 1104 id
846 1066 912 1105 est
935 1062 1150 1105 Martem
1175 1066 1377 1119 patrem

5 1147 8 1177 5
30 1124 393 1179 cognominantes.
435 1123 535 1166 hinc
553 1122 684 1165 etiam
698 1122 827 1164 Liber
845 1124 971 1177 pater
990 1122 1203 1164 bellorum
1222 1124 1378 1177 potens
1392 1125 1421 1166 4

4 1191 7 1217 ἱ
30 1183 251 1238 probatur,
270 1183 385 1238 quod
410 1196 506 1224 eum
531 1182 719 1238 primum
745 1181 970 1224 ediderunt
990 1183 1209 1224 auctorem
1229 1181 1379 1224 trium-

6 1241 120 1297 phi.
181 1256 277 1283 oum
313 1241 447 1297 igitur
482 1240 612 1284 Liber
648 1243 771 1297 pater
807 1240 921 1282 idem
960 1255 1009 1283 ac
1048 1241 1114 1283 sol
1145 1240 1222 1296 sit,
1258 1239 1380 1283 Mars

34 1314 137 1343 uero
177 1300 289 1342 idem
326 1314 375 1342 ac
411 1299 542 1342 Liber
576 1303 719 1355 pater,
756 1299 940 1342 Martem
979 1300 1114 1342 solem
1152 1314 1245 1342 esse
1285 1300 1380 1356 quis

35 1359 231 1402 dubitet?
293 1358 491 1401 Accitani
529 1360 678 1413 etiam,
715 1358 910 1414 Hispana
941 1372 1066 1414 gens,
1103 1358 1423 1405 simulacrumf)

9 1441 11 1466 ι
35 1417 189 1460 Martis
238 1418 369 1460 radiis
419 1419 617 1460 ornatum
665 1418 853 1459 maxima
900 1418 1109 1473 religione
1153 1418 1383 1472 celebrant,

8 1476 204 1520 Neton
242 1478 458 1519 uocantes.
526 1479 570 1518 et
607 1478 721 1519 certe
752 1477 863 1519 ratio
895 1476 1105 1519 naturalis
1144 1477 1298 1533 exigit,
1335 1479 1424 1522 uto

10 1535 81 1578 di
117 1536 273 1579 caloris
316 1535 513 1578 caelestis
550 1537 748 1590 parentes
789 1536 930 1591 magis
966 1533 1215 1578 nominibus
1254 1550 1384 1591 quam

9 1631 12 1635 Α
37 1609 83 1638 re
115 1595 440 1651 substantiaque
466 1594 593 1637 diuisi
619 1595 725 1637 sint:
755 1594 969 1636 feruorem
995 1597 1150 1650 autem,
1183 1610 1267 1651 quo
1295 1596 1384 1637 ani-

8 1667 133 1696 mus
170 1654 454 1708 excandescit,
493 1654 782 1709 excitaturque
820 1654 929 1696 alias
962 1653 1016 1695 ad
1045 1655 1155 1696 iram
1189 1654 1296 1696 alias
1330 1654 1384 1697 ad

10 1735 12 1762 ς
36 1713 233 1768 uirtutes,
256 1727 346 1755 non
371 1727 605 1768 numquam
629 1713 682 1755 ad
700 1712 951 1768 temporalis
971 1713 1129 1756 furoris
1151 1727 1386 1770 excessum,

35 1785 114 1828 per
145 1786 251 1828 quas
284 1786 352 1814 res
384 1772 515 1814 etiam
543 1772 660 1814 bella
683 1774 930 1827 nascuntur,
954 1771 1139 1815 Martem
1165 1773 1384 1829 cognomi-

10 1832 12 1891 ξ
36 1833 266 1886 nauci-unt,
298 1831 416 1874 cuius
448 1831 536 1873 uim
568 1833 698 1887 poeta
731 1831 1006 1887 exprimendo
1041 1834 1084 1874 et
1115 1831 1385 1874 similitudini

12 1934 13 1938 ,
39 1889 153 1947 ignis
186 1890 438 1946 adplicando
472 1891 534 1933 ait

98 1976 275 2027 μαίνετο
309 1971 348 2014 δ’
385 1973 443 2022 ὡς
475 1971 525 2015 ὅτ
543 1970 678 2029 ’Ἄρης
709 1971 972 2028 ἐγχέσπαλος
1002 1972 1028 2028 ἢ
1061 1972 1195 2016 ὀλοὸν
1225 1979 1326 2029 πῦρ.

12 2055 168 2078 *—

134 2105 178 2136 31
203 2101 311 2138 Hom.
337 2102 379 2138 11.
405 2103 434 2138 O
460 2105 527 2138 605

135 2223 156 2254 3
181 2218 326 2255 bachus
346 2221 544 2256 ΕΝΙΔΛΙΟΕ
571 2220 608 2255 Ρ
733 2219 1021 2265 cognommatur
1041 2219 1078 2254 B
1199 2222 1220 2254 5
1247 2219 1328 2254 asta
1353 2219 1389 2254 B

13 2266 16 2307 ὲ
41 2268 64 2300 6
86 2266 203 2303 thirso
230 2266 268 2301 P
338 2267 399 2303 fed
418 2267 449 2303 ἃ,
467 2278 551 2302 cum
572 2266 692 2303 ,thirffi
712 2267 749 2302 P
818 2270 862 2303 18
884 2269 1071 2303 aucterem
1091 2264 1140 2302 P'
1214 2270 1259 2302 21
1281 2266 1388 2301 fimu-

13 2310 16 2358 ᾗ
41 2312 208 2349 lachmm
233 2313 270 2348 P
338 2319 384 2351 26
410 2314 506 2350 alias
520 2318 605 2360 post
629 2326 684 2350 ira
710 2326 776 2351 om.
803 2315 840 2350 P
909 2318 952 2350 31
981 2315 1091 2350 ΛΡΕ(
1116 2314 1153 2349 Β
