1526 2444
666 39 719 75 XI
743 42 858 75 5-11
1352 41 1441 84 529

90 151 166 194 alii
200 150 429 205 definiunt,
462 152 746 191 transeamus
807 148 1052 190 maluerunt
1083 148 1198 191 enim
1229 149 1478 195 mundum8

91 209 166 252 alii
200 210 247 251 in
284 210 499 251 elementa
536 211 604 251 ter
642 209 852 262 quaterna
890 206 1097 263 diuidere,
1134 210 1183 250 ut
1216 208 1263 250 in
1292 209 1434 263 primo

90 270 370 311 numerentur
402 267 550 310 ordine
581 269 698 309 terra
731 280 842 320 aqua
874 280 947 308 aer
977 266 1106 322 ignis,
1137 267 1211 322 qui
1241 270 1308 310 est
1334 282 1436 323 pars

89 327 293 382 liquidior
331 327 441 369 aeris
479 326 621 369 uicina
652 325 799 367 lunae:
838 339 968 380 supra
999 325 1104 368 haec
1135 340 1306 369 rursum
1336 327 1437 369 toti-

12 390 15 399 '
54 398 72 424 ⁵
91 386 185 428 dem
228 400 407 428 numero
453 386 527 427 sed
568 387 749 427 naturae
792 384 978 439 purioris
1023 385 1251 441 elementa,
1294 388 1343 427 ut
1381 386 1438 428 sit

88 446 191 487 luna
233 459 312 500 pro
355 447 491 500 terra,
534 458 664 499 quam
709 443 946 486 aetheriam
982 446 1144 486 terram
1183 459 1208 486 a
1245 444 1436 500 physicis

90 504 275 547 diximus
312 504 598 558 nominatam,
639 517 752 557 aqua
789 503 847 544 sit
885 502 1069 557 sphaera
1104 502 1326 559 Mercurii,
1364 518 1438 546 aer

90 562 286 617 Veneris,
318 563 433 619 ignis
464 564 512 604 in
544 563 645 617 sole,
677 561 834 604 tertius
865 575 967 603 uero
995 562 1304 604 elementorum
1331 563 1436 606 ordo

89 622 151 664 ita
194 622 249 664 ad
289 636 367 664 nos
407 635 638 664 conuersus
675 621 906 675 habeatur,
950 622 1000 662 ut
1036 623 1200 664 terram
1236 621 1439 664 ultimam

2 686 3 708 ³
37 692 72 718 10
90 680 235 735 faciat,
266 683 310 723 et
341 681 495 723 ceteris
526 680 572 722 in
603 679 790 721 medium
821 679 1046 721 redactis
1033 694 1079 721 in
1104 683 1243 723 terras
1268 681 1439 724 desinat

89 742 179 782 tam
220 740 310 782 ima
354 754 484 795 quam
527 753 696 781 summa
739 738 1036 794 postremitas:
1079 739 1214 794 igitur
1251 739 1438 794 sphaera

90 798 252 841 Martia
282 798 396 854 ignis
427 798 656 865 habeatur,
688 811 761 839 aer
790 796 921 851 Iouis,
954 794 1131 839 Saturni
1164 813 1286 854 aqua,
1317 801 1437 840 terra

89 872 190 900 uero
223 857 432 911 ἀπλανής,
463 857 509 898 111
539 871 623 912 qua
654 855 830 911 Elysios
863 869 956 897 esse
988 870 1163 912 campos
1194 858 1316 912 puris
1345 858 1436 900 ani-

89 917 171 958 mis
204 917 435 971 deputatos
465 915 704 970 antiquitas
730 914 856 957 nobis
882 915 1225 971 intellegendum
1249 917 1437 972 reliquit.

2 963 5 1000 3
38 986 72 1014 15
91 975 142 1018 de
178 975 247 1017 his
287 975 449 1030 campis
488 975 651 1029 anima,
689 989 785 1016 cum
822 973 867 1015 in
903 988 1056 1029 corpus
1089 975 1323 1031 emittitur,
1359 978 1477 1032 per9

0 1222 4 1259 Ξ

1 1319 3 1328 ,

0 1337 4 1377 J

89 1037 178 1076 tres
217 1035 526 1077 elementorum
565 1008 734 1076 ordines
773 1033 890 1074 trina
921 1036 1059 1076 morte
1092 1034 1145 1076 ad
1178 1049 1333 1090 corpus
1365 1050 1436 1077 us-

91 1108 172 1148 que
216 1093 445 1136 descendit.
511 1093 620 1134 haec
664 1094 730 1135 est
767 1092 880 1134 inter
916 1091 1168 1136 Platonicos
1207 1094 1258 1136 de
1296 1097 1436 1137 morte

91 1153 278 1208 animae,
322 1166 419 1194 cum
461 1152 506 1193 in
544 1165 698 1206 corpus
734 1151 940 1206 truditur,
986 1152 1173 1194 secunda
1211 1154 1436 1200 sententia.

91 1211 165 1253 alii
207 1226 310 1253 uero
350 1235 405 1241 —-
443 1225 545 1252 nam
587 1213 677 1253 tres
721 1224 814 1252 esse
856 1210 970 1253 inter
1013 1225 1086 1254 eos
1125 1213 1437 1255 sententiarum
1455 1215 1511 1257 10

39 1281 75 1308 20
92 1270 364 1312 diuersitates
409 1272 507 1312 ante
552 1269 818 1324 signauimus
861 1293 910 1299 -—
951 1269 997 1311 in
1041 1270 1146 1313 duas
1185 1271 1357 1327 quidem
1395 1275 1440 1315 et

90 1329 176 1384 ipsi
219 1332 366 1384 partes
405 1329 515 1371 sicut
551 1329 682 1383 primi
718 1328 901 1382 faciunt,
945 1328 1017 1370 sed
1053 1343 1141 1371 non
1178 1330 1316 1372 isdem
1354 1334 1438 1373 ter-

90 1388 220 1430 minis
276 1387 475 1430 diuidunt
529 1387 745 1429 mundum.
824 1386 871 1428 hi
921 1387 1034 1429 enim
1084 1389 1268 1443 caelum,
1325 1390 1439 1444 quod

92 1446 287 1502 ἅπλανής
313 1447 496 1502 sphaera
520 1447 749 1500 uocitatur,
779 1448 948 1500 partem
974 1461 1119 1502 unam,
1145 1452 1309 1502 septem
1334 1463 1439 1492 11010

93 1506 314 1562 sphaeras,
346 1520 454 1560 quae
486 1519 623 1561 uagae
655 1508 878 1557 uocantur,
910 1508 954 1547 et
986 1506 1098 1561 quod
1126 1507 1240 1548 inter
1264 1508 1362 1550 illas
1389 1523 1440 1551 ac

0 1569 73 1615 {25
92 1568 254 1607 terram
306 1567 372 1607 est
421 1568 666 1620 terramque
717 1564 859 1620 ipsam
909 1565 1090 1606 alteram
1134 1567 1301 1620 partem
1345 1581 1439 1610 esse

18 2211 27 2223 Μ
12 2155 20 2169 ἢ
0 1945 19 2128 Πὴ1,ᾼ,;ῌ

91 1625 334 1667 uoluerunt.
383 1623 616 1666 secundum
641 1623 721 1666 hos
748 1636 864 1679 ergo,
891 1638 1072 1678 quorum
1098 1627 1239 1667 sectae
1260 1625 1438 1669 amicior
1454 1627 1511 1670 ii

93 1686 158 1725 est
189 1683 312 1738 ratio,
346 1683 511 1725 animae
542 1683 696 1724 beatae
728 1682 782 1724 ab
816 1683 934 1724 omni
960 1683 1265 1739 cuiuscumque
1292 1687 1437 1727 conta-

93 1743 220 1798 gione
264 1743 459 1797 corporis
499 1742 663 1784 liberae
701 1741 867 1784 caelum
905 1742 1145 1798 possident,
1191 1758 1299 1798 quae
1336 1758 1440 1787 uero

93 1802 387 1856 appetentiam
425 1801 618 1856 corporis
652 1803 696 1843 et
724 1801 870 1855 huius,
909 1816 1038 1856 quain
1069 1802 1114 1843 in
1145 1803 1271 1845 terris
1302 1804 1441 1846 uitam

189 1956 210 1987 3
235 1951 403 1999 ignisque
428 1952 466 1987 P
559 1955 580 1987 5
606 1951 661 1987 set
684 1952 720 1986 Β
812 1956 832 1987 6
858 1952 1009 1997 phisicis
1028 1953 1065 1988 P
1087 1957 1120 1990 et
1144 1965 1236 1990 corr.
1262 1966 1307 1991 ex
1331 1956 1441 2001 phio-

93 1998 177 2035 sicis
198 1999 240 2034 in
264 1999 300 2034 Β
386 2003 405 2035 7
433 2001 624 2035 nominata
649 1999 687 2035 B
764 1998 803 2044 [p
807 2009 870 2035 era
893 1999 931 2034 B
1010 2004 1031 2035 9
1058 2001 1242 2037 00111101·Γῶ
1266 2000 1313 2037 B'
1399 2005 1442 2038 ut

94 2057 186 2082 corr.
211 2057 256 2082 ex
280 2057 319 2081 ui
345 2046 382 2082 Β
456 2050 497 2081 11
525 2046 631 2091 spera
651 2047 688 2081 B
764 2050 806 2081 12
833 2047 947 2092 atqua
971 2051 1012 2083 ut
1037 2049 1113 2084 uid.
1143 2047 1194 2083 P'
1270 2053 1313 2085 13
1338 2051 1442 2095 apla-

93 2093 160 2128 nes
183 2093 255 2128 PB
371 2092 459 2139 ehsy
463 2093 504 2129 os
524 2094 568 2138 P,
600 2093 724 2129 elisios
744 2094 782 2129 Β
890 2098 934 2130 15
958 2094 1177 2131 immittitur
1202 2098 1222 2132 b
1334 2101 1378 2132 18
1403 2109 1444 2132 111

94 2151 162 2177 om.
187 2137 236 2175 P'
364 2144 410 2176 20
435 2106 618 2187 signamus
646 2138 695 2176 P'
818 2144 862 2177 21
887 2141 1030 2178 hisdem
1049 2143 1116 2188 ΡΒ
1238 2147 1282 2180 22
1307 2144 1384 2180 hi*
1409 2145 1447 2180 P

142 2187 288 2223 caelum
311 2188 354 2224 in
381 2189 453 2232 fine
476 2189 650 2225 uersiculi
673 2199 739 2225 om.
765 2189 802 2224 Β
875 2201 940 2234 qui
963 2190 1011 2233 B,
1037 2191 1166 2227 deinde
1190 2191 1347 2237 aplanes
1370 2192 1443 2226 ΡΒ

14 2238 30 2282 ξ
96 2237 140 2270 23
166 2234 270 2280 spera
295 2235 332 2270 Β
451 2235 638 2272 uocitetur
661 2236 699 2272 P
810 2240 856 2271 24
881 2235 1007 2282 speras
1028 2238 1075 2281 B,
1100 2239 1230 2275 deinde
1255 2250 1369 2283 quam
1394 2238 1440 2273 B'

96 2292 161 2326 qm
185 2284 283 2318 inter
305 2282 352 2317 B'
427 2285 473 2317 25
497 2283 603 2328 parte
627 2280 674 2318 B'
755 2287 800 2319 26
827 2285 1012 2320 amicitior
1037 2285 1075 2319 Β
1147 2289 1193 2322 28
1218 2285 1370 2331 possid&
1394 2283 1444 2320 R'

167 2347 354 2375 meaomvs
1114 2347 1160 2378 34
