1526 2444
191 47 275 88 608
487 48 634 84 COMM.
659 49 711 83 IN
737 48 880 84 SOMN.
907 47 1017 85 SCIP.
1042 49 1168 84 LIBRI
1188 50 1220 84 11

120 151 204 194 VII
303 153 396 195 Hoc
453 168 620 208 quoque
673 156 859 196 tractatu
911 155 1130 209 proprium
1180 155 1333 197 sortito
1381 156 1507 198 finem

188 225 300 253 nunc
330 211 454 263 illud,
495 211 606 265 quod
636 212 900 265 probandum
930 213 1218 267 promisimus,
1251 213 1507 268 adseramus,

187 269 266 310 hos
304 269 496 322 cingulos
533 271 576 309 et
612 269 718 310 bene
749 269 967 311 Maronem
1003 271 1118 312 caelo
1156 274 1199 312 et
1234 271 1340 312 bene
1371 273 1508 313 terrae

189 326 434 380 adsignasse
467 325 730 381 Ciceronem,
765 330 808 368 et
845 331 1068 382 utrumque
1105 342 1192 370 non
1225 328 1508 382 discrepantia

148 384 261 424 2sed
311 397 495 425 consona
543 383 771 439 eademque
815 385 982 426 dixisse.
1054 389 1206 427 natura
1247 387 1359 427 enim
1402 386 1508 427 caeli

188 441 299 482 hanc
323 442 366 482 in
393 441 570 483 diuersis
591 444 729 484 terrae
748 443 940 495 partibus
962 443 1210 496 temperiem
1230 444 1508 484 nimietatem-

191 512 270 552 que
302 499 507 552 distinxit,
539 502 582 540 et
613 500 797 553 qualitas
822 500 890 541 uel
917 500 1088 554 frigoris
1113 501 1181 542 uel
1206 501 1371 555 caloris,
1402 515 1507 555 quae

189 556 362 597 cuilibet
405 557 585 598 aetheris
628 558 742 610 parti
782 557 911 598 semel
948 558 1149 611 inhaesit,
1192 558 1337 599 eadem
1372 558 1508 601 inficit

150 614 351 670 3partem
385 617 535 668 terrae,
566 629 691 668 quam
724 615 901 669 despicit
932 615 1168 657 ambiendo.
1229 619 1271 656 et
1301 616 1399 671 quia
1429 616 1506 658 has

189 672 474 726 diuersitates,
512 686 617 726 quae
654 673 779 714 certis
817 673 971 714 finibus
1002 673 1283 715 terminantur
1313 673 1505 728 cingulos

187 730 232 770 in
275 730 391 771 caelo
434 733 711 784 uocauerunt,
758 744 929 775 necesse
971 733 1053 784 est,
1095 731 1272 772 totidem
1315 731 1507 786 cingulos

188 787 316 828 etiam
353 787 422 829 hic
451 788 660 843 intellegi,
697 788 806 830 sicut
842 790 887 830 in
924 788 1174 830 breuissimo
1212 789 1381 843 speculo
1412 803 1507 830 cum

154 890 156 893 f
192 845 316 886 facies
354 849 615 886 monstratur
651 847 818 900 ingens,
854 848 999 887 tenent
1031 848 1075 887 in
1107 850 1286 901 angusto
1318 847 1508 887 membra

109 918 141 948 *x
188 903 257 943 uel
288 903 537 944 liniamenta
568 903 769 956 ordinem,
802 917 926 959 quem
958 918 1034 944 sua
1064 904 1108 944 in
1137 918 1237 946 uero
1270 904 1507 958 digesserat

189 960 434 1013 amplitudo.
503 960 576 1001 sed
612 961 680 1002 hic
718 975 884 1014 quoque
920 961 1155 1014 adserendi,
1193 961 1306 1015 quod
1341 961 1526 1013 dicitur,⁴

146 1018 423 1059 4minuemus
460 1018 645 1059 laborem
685 1019 816 1060 oculis
854 1018 1096 1060 subiciendo
1133 1018 1353 1072 picturam.
1414 1021 1505 1061 esto

189 1075 302 1117 enim
332 1076 437 1117 caeli
468 1075 647 1130 sphaera
672 1075 854 1129 ABCD,
885 1078 928 1116 et
957 1076 1068 1118 intra
1094 1090 1137 1118 se
1163 1076 1334 1117 claudat
1359 1076 1506 1129 sphae-

188 1148 281 1174 ram
310 1135 465 1188 terrae,
502 1134 568 1175 cui
599 1133 810 1187 adscripta
842 1137 940 1175 sunt
971 1132 1147 1188 SXTV,
1184 1138 1226 1175 et
1255 1134 1432 1175 ducatur
1461 1135 1506 1176 in

189 1191 295 1232 caeli
338 1191 517 1245 sphaera
554 1191 732 1232 circulus
770 1191 1114 1246 septentrionalis
1151 1192 1204 1233 ab
1235 1191 1256 1232 I
1292 1205 1424 1246 usque
1462 1192 1516 1243 in.

189 1248 242 1303 O,
280 1250 470 1303 tropicus
502 1249 689 1290 aestiuus
721 1263 745 1290 a
776 1248 812 1290 G
843 1249 886 1290 in
918 1249 964 1303 P,
995 1251 1037 1290 et
1067 1249 1385 1304 aequinoctialis
1417 1263 1441 1290 a
1473 1249 1526 1290 B:

187 1307 233 1347 in
262 1306 314 1360 A,
345 1309 388 1347 et
418 1306 605 1361 tropicus
636 1306 831 1349 hiemalis
863 1307 916 1348 ab
941 1306 975 1348 F
1007 1307 1050 1349 in
1076 1307 1124 1362 Q,
1155 1309 1196 1348 et
1222 1307 1420 1348 australis
1452 1308 1507 1349 ab

186 1363 223 1406 E
260 1365 303 1406 in
334 1365 388 1417 R,
426 1365 498 1406 sed
535 1367 578 1406 et
612 1364 805 1407 zodiacus
843 1365 1019 1407 ducatur
1056 1365 1109 1406 ab
1140 1363 1174 1406 F
1204 1365 1247 1406 in
1279 1365 1324 1419 P,
1360 1379 1526 1407 rursus

182 1423 227 1463 in
263 1422 444 1476 sphaera
479 1425 619 1463 terrae
656 1423 860 1464 ducantur
899 1422 1011 1464 idem
1041 1422 1198 1464 limites
1230 1423 1507 1477 cingulorum,

148 1481 295 1534 5quos
331 1494 460 1534 supra
491 1480 788 1534 descripsimus
819 1481 863 1523 in
893 1479 934 1522 N
964 1481 1008 1521 in
1039 1480 1084 1521 M
1114 1480 1158 1521 in
1191 1479 1223 1520 L
1255 1480 1300 1520 in
1332 1479 1380 1521 K.
1439 1480 1506 1521 his

189 1538 366 1592 depictis
421 1537 510 1579 sine
565 1538 812 1580 difficultate
867 1538 1081 1580 constabit
1131 1538 1319 1592 singulas
1369 1543 1526 1579 terrae]

187 1598 329 1649 partes
369 1611 392 1637 a
429 1595 607 1651 singulis
640 1596 747 1639 caeli
777 1596 970 1650 partibus
997 1610 1121 1649 super
1150 1596 1354 1637 uerticem
1385 1610 1526 1663 suum¹

188 1653 340 1707 positis
390 1654 637 1708 qualitatem
686 1655 797 1695 circa
844 1654 1105 1695 nimietatem
1149 1654 1218 1694 uel
1259 1653 1526 1717 temperiemi

187 1712 384 1753 mutuari.
432 1725 530 1752 nam
563 1711 672 1765 quod
705 1714 771 1753 est
801 1726 945 1753 susum
976 1726 1000 1752 a
1030 1710 1068 1751 D
1100 1725 1230 1764 usque
1262 1711 1312 1751 ad
1344 1710 1395 1764 R,
1424 1706 1526 1761 hoc}

187 1769 368 1822 despicit
409 1772 567 1810 terram
610 1769 663 1810 ab
708 1767 736 1810 S
779 1783 909 1823 usque
950 1769 1000 1809 ad
1037 1767 1093 1810 K:
1138 1773 1180 1809 et
1215 1768 1326 1822 quod
1363 1770 1429 1809 est
1461 1762 1526 1810 in

188 1827 302 1867 caelo
335 1827 388 1867 ab
419 1827 457 1867 R
482 1840 613 1880 usque
646 1826 697 1867 ad
723 1826 769 1881 Q,
802 1826 883 1869 hoc
913 1827 1048 1868 inficit
1077 1828 1234 1867 terram
1262 1840 1287 1867 a
1311 1824 1352 1866 K
1375 1840 1506 1880 usque

280 1954 300 1984 2
326 1949 524 1985 asseramus
543 1952 579 1985 Β
706 1955 728 1985 4
753 1962 954 1987 clceronem
977 1950 1166 1996 assignasse
1191 1951 1226 1985 Β
1350 1954 1370 1985 5
1394 1949 1447 1985 set
1470 1950 1506 1985 B

189 1998 207 2030 ‘1
233 1995 406 2031 dixtmxlt
429 1996 476 2031 P'
590 2001 631 2032 12
657 1998 849 2033 breu1s1m0
878 1999 914 2031 P
1012 2001 1054 2031 13
1079 1996 1210 2041 mgens
1228 1996 1447 2031 monstratur
1469 1997 1515 2030 Β

185 2043 336 2077 menbra
363 2043 399 2076 P
527 2046 570 2078 14
594 2055 631 2077 111
657 2055 742 2079 uero
768 2043 965 2088 digesserat
989 2043 1052 2077 sua
1076 2044 1112 2078 B
1233 2043 1296 2087 d1g
1299 2042 1451 2077 esseram
1474 2041 1514 2077 P

188 2093 231 2123 15
256 2088 310 2123 set
333 2089 369 2123 B
475 2088 652 2124 asserendi
676 2090 713 2124 B
819 2094 860 2125 17
886 2094 919 2125 et
945 2094 986 2125 19
1011 2089 1114 2134 spera
1138 2090 1174 2124 B
1275 2092 1316 2123 17
1341 2088 1446 2134 spera
1469 2087 1506 2124 B

187 2150 230 2181 18
256 2146 413 2191 ascripta
438 2147 474 2181 B
585 2147 685 2193 sunt]
703 2139 732 2180 *s
752 2147 789 2182 Ρ
894 2151 938 2182 22
964 2147 997 2181 R
1019 2148 1062 2182 in
1085 2157 1158 2182 ras.
1182 2147 1224 2182 in
1248 2147 1284 2181 P
1393 2145 1447 2180 set

186 2197 230 2227 23
255 2192 358 2237 spera
383 2194 419 2227 Β
514 2196 559 2227 24
583 2205 621 2228 111
646 2193 679 2228 N
704 2204 770 2229 om.
795 2194 831 2228 Β
926 2196 970 2228 28
995 2194 1131 2228 mutari
1155 2193 1192 2228 Β
1279 2195 1323 2227 29
1347 2192 1444 2239 terre
1470 2191 1508 2226 1²

185 2238 260 2284 usq.
285 2238 318 2272 K
341 2239 378 2274 B
445 2242 488 2274 30
513 2241 608 2286 terre
634 2239 671 2274 P
