1526 2444
161 51 246 92 658
587 50 809 87 SOMNIVM
834 50 1060 88 SCIPIONIS

162 160 205 198 et
240 159 328 198 tam
366 156 499 199 dulcis
537 156 708 199 sonus‘?
771 156 855 198 ‘hic
891 157 971 198 est'
1007 157 1146 211 inquit
1175 157 1281 212 fille,
1319 158 1391 212 qui
1421 158 1484 200 in-

160 215 350 257 teruallis
399 214 645 256 coniunctus
691 215 924 270 imparibus
969 215 1041 257 sed
1082 217 1225 256 tamen
1268 229 1344 270 pro
1387 217 1483 258 rata

160 275 282 327 parte
330 273 495 314 ratione
539 272 773 326 distinctis,
819 272 1005 326 impulsu
1047 275 1089 314 et
1132 275 1251 315 motu
1292 273 1482 326 ipsorum

161 330 328 372 orbium
377 329 556 372 efficitur
604 332 647 371 et
689 332 814 372 acuta
856 344 951 372 cum
994 330 1196 385 grauibus
1238 333 1480 385 temperans

161 388 302 430 uarios
329 388 609 442 aequabiliter
633 390 858 430 concentus
883 387 1025 429 efficit.
1073 402 1150 429 nec
1175 389 1286 429 enim
1312 389 1479 431 silentio

161 446 273 487 tanti
297 448 439 487 motus
464 445 635 487 incitari
660 448 850 500 possunt,
869 447 912 487 et
934 448 1088 487 natura
1111 445 1207 500 fert,
1224 449 1271 487 ut
1296 447 1482 488 extrema
1525 467 1526 492 i

162 517 212 545 ex
245 503 380 545 altera
409 506 529 558 parte
560 504 758 558 grauiter,
783 518 833 545 ex
859 504 992 545 altera
1017 505 1156 544 autem
1177 506 1298 545 acute
1319 506 1481 546 sonent.

119 562 290 616 2quam
328 562 382 603 ob
420 575 591 603 causam
628 575 816 603 summus
852 562 923 602 ille
965 561 1071 603 caeli
1109 561 1284 603 stellifer
1324 575 1481 616 cursus,

162 620 280 661 cuius
307 619 529 661 conuersio
555 620 620 660 est
645 619 908 674 concitatior,
933 621 1052 661 acute
1078 621 1121 660 et
1140 619 1319 660 excitato
1339 633 1478 661 moue·
1500 614 1502 618 ’

160 681 230 718 tur
261 691 378 731 sono,
410 677 664 731 grauissimo
697 679 839 718 autem
868 677 937 718 hie
962 676 1121 718 lunaris
1148 679 1272 731 atque
1297 676 1477 718 infimus.

160 749 260 776 nam
290 738 420 789 terra,
451 749 580 788 nona,
618 735 834 777 inmobilis
866 749 1041 776 manens
1073 749 1156 776 una
1187 734 1282 776 sede
1315 748 1484 789 semper

158 793 307 834 haeret
346 793 550 846 conplexa
590 793 773 834 medium
819 792 965 834 mundi
1012 793 1161 835 locum.
1230 792 1293 833 illi
1340 794 1481 834 autem

160 852 257 893 octo
290 864 452 904 cursus,
484 850 528 891 in
559 850 710 905 quibus
741 850 886 892 eadem
916 850 980 891 uis
1013 852 1078 891 est
1109 850 1287 891 duorum
1319 852 1480 904 septem

160 907 351 950 efficiunt
399 908 622 949 distinctos
671 907 905 949 interuallis
957 921 1107 960 sonos,
1162 908 1233 962 qui
1280 921 1480 949 numerus

158 980 300 1007 rerum
338 965 525 1007 omnium
561 965 648 1006 fere
685 965 820 1007 nodus
858 967 933 1006 est.
995 965 1107 1019 quod
1144 965 1256 1006 docti
1286 964 1478 1006 homines

159 1023 302 1065 neruis
342 1023 498 1064 imitati
539 1025 665 1077 atque
705 1023 900 1064 cantibus
947 1024 1202 1076 aperuerunt
1250 1022 1333 1063 sibi
1374 1022 1480 1064 redi-

159 1084 252 1122 tum
301 1081 344 1122 in
390 1080 502 1122 hunc
549 1082 705 1135 locum,
755 1080 862 1122 sicut
902 1080 993 1133 alii,
1043 1080 1115 1135 qui
1161 1080 1479 1134 praestantibus

117 1139 341 1193 3ingeniis
373 1139 417 1180 in
447 1139 537 1179 uita
567 1138 753 1180 humana
783 1138 926 1179 diuina
957 1138 1097 1179 studia
1127 1138 1355 1179 coluerunt.
1398 1138 1480 1180 hoc

158 1197 302 1238 sonitu
342 1196 538 1250 oppletae
579 1210 699 1237 aures
739 1196 959 1238 hominum
1009 1195 1329 1237 obsurduerunt.
1401 1209 1480 1237 nec

158 1256 224 1296 est
255 1255 365 1295 ullus
396 1253 590 1296 hebetior
621 1268 769 1295 sensus
800 1254 842 1295 in
874 1254 1010 1308 uobis,
1042 1253 1149 1295 sicut
1178 1254 1252 1295 ubi
1277 1253 1400 1295 Nilus
1426 1253 1479 1295 ad

156 1313 245 1366 illa,
285 1326 390 1366 quae
434 1310 657 1366 Catadupa
698 1312 987 1366 nominantur,
1033 1311 1285 1365 praecipitat
1330 1325 1381 1352 ex
1420 1312 1479 1352 al-

157 1370 337 1411 tissimis
370 1370 599 1420 montibus,
631 1383 679 1411 ea
710 1383 827 1425 gens,
857 1383 963 1424 quae
994 1370 1115 1410 illum
1143 1369 1284 1411 locum
1310 1369 1480 1423 adcolit,

156 1430 331 1483 propter
349 1428 687 1483 magnitudinem
706 1428 869 1469 sonitus
890 1441 1016 1468 sensu
1035 1426 1230 1468 audiendi
1249 1429 1374 1468 caret.
1408 1426 1478 1468 hic
1514 1438 1515 1441 ’

157 1500 260 1527 uero
285 1488 432 1527 tantus
458 1488 523 1527 est
547 1485 680 1527 totius
706 1486 851 1527 mundi
876 1485 1176 1527 incitatissima
1201 1484 1477 1527 conuersione

158 1544 342 1597 sonitus,
381 1546 428 1584 ut
465 1558 559 1585 eum
596 1557 716 1585 aures
756 1543 975 1584 hominum
1006 1557 1154 1597 capere
1185 1557 1271 1584 non
1299 1542 1477 1597 possint,
1514 1539 1515 1542 '

157 1601 268 1643 sicut
297 1601 453 1643 intueri
484 1602 617 1643 solem
649 1601 871 1643 aduersum
902 1600 1105 1655 nequitis,
1141 1601 1314 1655 eiusque
1345 1600 1476 1642 radiis
1518 1638 1526 1654 ,

157 1659 268 1701 acies
300 1663 443 1700 uestra
473 1658 683 1701 uincitur?
744 1659 846 1701 haec
878 1672 955 1714 ego
994 1659 1207 1700 admirans
1243 1658 1476 1700 referebam
1519 1660 1526 1730 ξ

155 1721 301 1759 tamen
332 1718 476 1759 oculos
509 1717 561 1758 ad
591 1719 750 1759 terram
779 1716 1526 1759 identidem.

250 1835 267 1866 1
296 1830 405 1866 sonus
419 1834 563 1876 praeter
587 1830 620 1865 is
639 1831 680 1865 in
703 1842 765 1866 ras
788 1831 829 1866 in
853 1830 895 1873 P,
920 1829 1043 1865 solnuf
1061 1833 1102 1866 ut
1125 1830 1201 1866 uid
1227 1827 1271 1863 B'
1377 1832 1397 1864 2
1421 1839 1475 1862 in·
1512 1815 1526 1859 “i

151 1877 306 1922 paribus
325 1878 361 1911 Β
503 1880 524 1911 8
550 1876 697 1913 c*urfuf
716 1878 807 1922 (uid.
830 1877 940 1920 fuisse
964 1878 999 1919 a)
1028 1877 1064 1911 P
1197 1880 1217 1911 9
1243 1876 1414 1910 excitatio
1438 1874 1474 1909 Β
1515 1882 1526 1927 j

154 1927 196 1958 11
230 1934 329 1959 noua
359 1924 402 1967 P,
439 1924 568 1959 deinde
599 1923 801 1958 immobilis
830 1923 906 1958 PB
1048 1926 1089 1958 12
1126 1922 1254 1957 mundi
1289 1921 1413 1956 mediu
1442 1919 1479 1954 P

201 1972 326 2005 autem
350 1980 414 2006 om.
442 1970 479 2004 P
565 1973 607 2004 13
632 1970 721 2005 eade
741 1973 884 2014 praeter
908 1981 927 2004 e
953 1970 994 2004 in
1017 1979 1088 2005 ras.
1115 1970 1157 2004 in
1181 1969 1218 2003 P
1304 1966 1472 2012 duorum]

153 2015 278 2058 modos
299 2016 335 2050 P
462 2016 614 2050 duorum
639 2017 829 2051 modorum
853 2016 901 2058 B,
926 2016 1053 2052 deinde
1077 2015 1225 2050 deletum
1250 2013 1349 2058 quod
1372 2014 1413 2048 in
1437 2013 1475 2048 Β

154 2061 339 2097 distinctis
358 2060 402 2097 P'
529 2062 720 2097 distinctos
740 2063 904 2097 efficiunt
928 2062 965 2097 Β
1084 2064 1126 2095 15
1151 2061 1227 2096 fere
1253 2070 1414 2095 omnmm
1436 2058 1474 2093 Β

199 2109 332 2154 nodus]
358 2108 463 2144 nod&
485 2108 522 2143 B
623 2119 686 2152 qui
710 2109 756 2152 Β,
780 2110 797 2142 1
822 2108 921 2152 quod
945 2109 1009 2144 Bm
1119 2111 1162 2143 18
1187 2108 1312 2142 diuina.
1335 2116 1400 2142 om.
1424 2103 1470 2139 B‘
1520 2120 1523 2122 ·

199 2155 268 2190 hoc
294 2154 413 2190 sonitu
438 2175 482 2180 —
509 2158 552 2190 19
578 2154 844 2190 obsuiduerunt
867 2166 932 2190 om.
962 2155 998 2188 P
1117 2154 1237 2190 [onitu
1257 2155 1398 2197 praeter
1419 2150 1472 2186 [οι

151 2202 194 2236 in
217 2212 290 2237 ras.
314 2202 356 2236 in
374 2202 410 2236 Β
467 2205 511 2236 22
536 2200 620 2236 loesi
645 2212 711 2238 om.
730 2201 775 2235 B'
834 2201 970 2236 accolit
986 2201 1034 2246 Β,
1081 2200 1219 2235 aocoht
1239 2199 1276 2234 P
1325 2201 1369 2232 27
1389 2199 1473 2242 post
1516 2236 1526 2238 ,,

151 2247 274 2284 uestra
298 2249 381 2284 add.
407 2247 564 2292 sensusq3
589 2249 624 2283 B
702 2247 901 2283 ammirans
921 2248 996 2283 PB
1066 2251 1111 2283 28
1135 2244 1348 2282 idemtidem
1371 2243 1408 2278 B
1512 2244 1526 2288 i

1486 2395 1488 2397 ’
1506 2413 1526 2444 *⁴
