<?xml version="1.0" encoding="UTF-8"?>
<!DOCTYPE html PUBLIC "-//W3C//DTD XHTML 1.0 Transitional//EN"
    "http://www.w3.org/TR/xhtml1/DTD/xhtml1-transitional.dtd">
<html xmlns="http://www.w3.org/1999/xhtml" xml:lang="en" lang="en">
 <head>
  <title>
</title>
<meta http-equiv="Content-Type" content="text/html;charset=utf-8" />
  <meta name='ocr-system' content='tesseract 3.04.00' />
  <meta name='ocr-capabilities' content='ocr_page ocr_carea ocr_par ocr_line ocrx_word'/>
</head>
<body>
  <div class='ocr_page' id='page_1' title='image "./macrobiusfrancis00macruoft_0188.png"; bbox 0 0 1526 2444; ppageno 0'>
   <div class='ocr_carea' id='block_1_1' title="bbox 159 82 990 123">
    <p class='ocr_par' dir='ltr' id='par_1_1' title="bbox 159 82 990 123">
     <span class='ocr_line' id='line_1_1' title="bbox 159 82 990 123; baseline -0.007 0"><span class='ocrx_word' id='word_1_1' title='bbox 159 82 181 122; x_wconf 93' lang='grc'>1</span> <span class='ocrx_word' id='word_1_2' title='bbox 189 82 242 123; x_wconf 81' lang='grc'>76</span> <span class='ocrx_word' id='word_1_3' title='bbox 664 82 762 118; x_wconf 88' lang='lat' dir='ltr'>SAT.</span> <span class='ocrx_word' id='word_1_4' title='bbox 787 82 915 118; x_wconf 86' lang='lat' dir='ltr'><strong>LIBRI</strong></span> <span class='ocrx_word' id='word_1_5' title='bbox 938 82 990 118; x_wconf 92' lang='lat' dir='ltr'>III</span> 
     </span>
    </p>
   </div>
   <div class='ocr_carea' id='block_1_2' title="bbox 378 188 1254 230">
    <p class='ocr_par' dir='ltr' id='par_1_2' title="bbox 378 188 1254 230">
     <span class='ocr_line' id='line_1_2' title="bbox 378 188 1254 230; baseline 0.001 -1"><span class='ocrx_word' id='word_1_6' title='bbox 378 190 420 229; x_wconf 88' lang='lat' dir='ltr'>et</span> <span class='ocrx_word' id='word_1_7' title='bbox 449 189 614 230; x_wconf 88' lang='lat' dir='ltr'>intacta</span> <span class='ocrx_word' id='word_1_8' title='bbox 643 188 819 230; x_wconf 88' lang='lat' dir='ltr'>totidem</span> <span class='ocrx_word' id='word_1_9' title='bbox 850 189 1013 230; x_wconf 86' lang='lat' dir='ltr'>ceruice</span> <span class='ocrx_word' id='word_1_10' title='bbox 1043 189 1254 230; x_wconf 88' lang='lat' dir='ltr'>iuuencos.</span> 
     </span>
    </p>
   </div>
   <div class='ocr_carea' id='block_1_3' title="bbox 117 269 1526 612">
    <p class='ocr_par' dir='ltr' id='par_1_3' title="bbox 117 269 1526 612">
     <span class='ocr_line' id='line_1_3' title="bbox 117 269 1472 323; baseline 0.001 -13"><span class='ocrx_word' id='word_1_11' title='bbox 117 269 332 311; x_wconf 82' lang='lat' dir='ltr'>6eximii</span> <span class='ocrx_word' id='word_1_12' title='bbox 357 282 522 323; x_wconf 91' lang='lat' dir='ltr'>quoque</span> <span class='ocrx_word' id='word_1_13' title='bbox 546 269 591 310; x_wconf 89' lang='lat' dir='ltr'>in</span> <span class='ocrx_word' id='word_1_14' title='bbox 615 269 830 310; x_wconf 84' lang='lat' dir='ltr'>sacrificiis</span> <span class='ocrx_word' id='word_1_15' title='bbox 863 269 1118 310; x_wconf 87' lang='lat' dir='ltr'>uocabulum</span> <span class='ocrx_word' id='word_1_16' title='bbox 1147 283 1233 310; x_wconf 89' lang='lat' dir='ltr'>non</span> <span class='ocrx_word' id='word_1_17' title='bbox 1264 270 1472 323; x_wconf 86' lang='lat' dir='ltr'>poeticum</span> 
     </span>
     <span class='ocr_line' id='line_1_4' title="bbox 157 325 1475 369; baseline 0.002 -2"><span class='ocrx_word' id='word_1_18' title='bbox 157 325 361 368; x_wconf 83' lang='grc' dir='ltr'><strong><em>ἐπίθετον</em></strong></span> <span class='ocrx_word' id='word_1_19' title='bbox 387 327 459 368; x_wconf 90' lang='lat' dir='ltr'>sed</span> <span class='ocrx_word' id='word_1_20' title='bbox 484 327 746 368; x_wconf 86' lang='lat' dir='ltr'>sacerdotale</span> <span class='ocrx_word' id='word_1_21' title='bbox 770 341 925 367; x_wconf 87' lang='lat' dir='ltr'>nomen</span> <span class='ocrx_word' id='word_1_22' title='bbox 957 330 1033 368; x_wconf 88' lang='lat' dir='ltr'>est.</span> <span class='ocrx_word' id='word_1_23' title='bbox 1094 326 1330 369; x_wconf 82' lang='lat' dir='ltr'>VERANIVS</span> <span class='ocrx_word' id='word_1_24' title='bbox 1363 328 1475 369; x_wconf 89' lang='lat' dir='ltr'>enim</span> 
     </span>
     <span class='ocr_line' id='line_1_5' title="bbox 157 384 1474 438; baseline 0.001 -13"><span class='ocrx_word' id='word_1_25' title='bbox 157 384 200 424; x_wconf 87' lang='lat' dir='ltr'>in</span> <span class='ocrx_word' id='word_1_26' title='bbox 256 384 641 426; x_wconf 77' lang='lat' dir='ltr'>PONTmoAvas</span> <span class='ocrx_word' id='word_1_27' title='bbox 692 395 1052 435; x_wconf 72' lang='lat' dir='ltr'>QVAEsnovas</span> <span class='ocrx_word' id='word_1_28' title='bbox 1107 384 1245 438; x_wconf 83' lang='lat' dir='ltr'>docet,</span> <span class='ocrx_word' id='word_1_29' title='bbox 1301 385 1474 427; x_wconf 85' lang='lat' dir='ltr'>eximias</span> 
     </span>
     <span class='ocr_line' id='line_1_6' title="bbox 158 442 1526 496; baseline 0.002 -14"><span class='ocrx_word' id='word_1_30' title='bbox 158 442 291 483; x_wconf 88' lang='lat' dir='ltr'>dictas</span> <span class='ocrx_word' id='word_1_31' title='bbox 316 442 491 493; x_wconf 85' lang='lat' dir='ltr'>hostias,</span> <span class='ocrx_word' id='word_1_32' title='bbox 523 456 629 496; x_wconf 88' lang='lat' dir='ltr'>quae</span> <span class='ocrx_word' id='word_1_33' title='bbox 661 442 713 483; x_wconf 87' lang='lat' dir='ltr'>ad</span> <span class='ocrx_word' id='word_1_34' title='bbox 745 442 996 483; x_wconf 87' lang='lat' dir='ltr'>sacrificium</span> <span class='ocrx_word' id='word_1_35' title='bbox 1027 442 1260 483; x_wconf 72' lang='lat' dir='ltr'>destinatae</span> <span class='ocrx_word' id='word_1_36' title='bbox 1290 442 1474 484; x_wconf 86' lang='lat' dir='ltr'>eximan-</span> <span class='ocrx_word' id='word_1_37' title='bbox 1509 457 1526 485; x_wconf 76' lang='lat'>5</span> 
     </span>
     <span class='ocr_line' id='line_1_7' title="bbox 158 499 1475 554; baseline 0.002 -14"><span class='ocrx_word' id='word_1_38' title='bbox 158 502 230 541; x_wconf 87' lang='lat' dir='ltr'>tur</span> <span class='ocrx_word' id='word_1_39' title='bbox 260 513 282 540; x_wconf 91' lang='lat' dir='ltr'>e</span> <span class='ocrx_word' id='word_1_40' title='bbox 313 513 460 554; x_wconf 82' lang='lat' dir='ltr'>grege,</span> <span class='ocrx_word' id='word_1_41' title='bbox 490 501 558 541; x_wconf 92' lang='lat' dir='ltr'>uel</span> <span class='ocrx_word' id='word_1_42' title='bbox 589 500 699 553; x_wconf 88' lang='lat' dir='ltr'>quod</span> <span class='ocrx_word' id='word_1_43' title='bbox 731 500 884 540; x_wconf 82' lang='lat' dir='ltr'>eximia</span> <span class='ocrx_word' id='word_1_44' title='bbox 915 499 1053 554; x_wconf 87' lang='lat' dir='ltr'>specie</span> <span class='ocrx_word' id='word_1_45' title='bbox 1085 500 1207 553; x_wconf 83' lang='lat' dir='ltr'>quasi</span> <span class='ocrx_word' id='word_1_46' title='bbox 1239 499 1475 542; x_wconf 85' lang='lat' dir='ltr'>offerendae</span> 
     </span>
     <span class='ocr_line' id='line_1_8' title="bbox 158 557 908 612; baseline -0.003 -13"><span class='ocrx_word' id='word_1_47' title='bbox 158 558 402 599; x_wconf 84' lang='lat' dir='ltr'>numinibus</span> <span class='ocrx_word' id='word_1_48' title='bbox 435 557 658 612; x_wconf 72' lang='lat' dir='ltr'>eligantur.</span> <span class='ocrx_word' id='word_1_49' title='bbox 717 557 817 599; x_wconf 89' lang='lat' dir='ltr'>hinc</span> <span class='ocrx_word' id='word_1_50' title='bbox 848 557 908 598; x_wconf 88' lang='lat' dir='ltr'>ait</span> 
     </span>
    </p>
   </div>
   <div class='ocr_carea' id='block_1_4' title="bbox 219 637 1278 693">
    <p class='ocr_par' dir='ltr' id='par_1_4' title="bbox 219 637 1278 693">
     <span class='ocr_line' id='line_1_9' title="bbox 219 637 1278 693; baseline -0.001 -13"><span class='ocrx_word' id='word_1_51' title='bbox 219 641 421 693; x_wconf 84' lang='lat' dir='ltr'>quattuor</span> <span class='ocrx_word' id='word_1_52' title='bbox 452 638 627 680; x_wconf 88' lang='lat' dir='ltr'>eximios</span> <span class='ocrx_word' id='word_1_53' title='bbox 658 637 896 692; x_wconf 89' lang='lat' dir='ltr'>praestanti</span> <span class='ocrx_word' id='word_1_54' title='bbox 927 651 1100 692; x_wconf 89' lang='lat' dir='ltr'>corpore</span> <span class='ocrx_word' id='word_1_55' title='bbox 1131 640 1278 679; x_wconf 86' lang='lat' dir='ltr'>tauros</span> 
     </span>
    </p>
   </div>
   <div class='ocr_carea' id='block_1_5' title="bbox 121 717 1526 1062">
    <p class='ocr_par' dir='ltr' id='par_1_5' title="bbox 121 717 1526 1062">
     <span class='ocr_line' id='line_1_10' title="bbox 159 717 1477 774; baseline 0 -14"><span class='ocrx_word' id='word_1_56' title='bbox 159 720 232 760; x_wconf 91' lang='lat' dir='ltr'>ubi</span> <span class='ocrx_word' id='word_1_57' title='bbox 265 719 375 774; x_wconf 90' lang='lat' dir='ltr'>quod</span> <span class='ocrx_word' id='word_1_58' title='bbox 408 719 647 761; x_wconf 84' lang='lat' dir='ltr'>eximuntur</span> <span class='ocrx_word' id='word_1_59' title='bbox 677 719 904 770; x_wconf 84' lang='lat' dir='ltr'>eximios,</span> <span class='ocrx_word' id='word_1_60' title='bbox 945 718 1056 773; x_wconf 89' lang='lat' dir='ltr'>quod</span> <span class='ocrx_word' id='word_1_61' title='bbox 1090 717 1305 773; x_wconf 87' lang='lat' dir='ltr'>eliguntur</span> <span class='ocrx_word' id='word_1_62' title='bbox 1335 733 1477 772; x_wconf 87' lang='lat' dir='ltr'>prae-</span> 
     </span>
     <span class='ocr_line' id='line_1_11' title="bbox 121 776 1526 831; baseline 0 -12"><span class='ocrx_word' id='word_1_63' title='bbox 121 777 323 820; x_wconf 83' lang='lat' dir='ltr'>7stanti</span> <span class='ocrx_word' id='word_1_64' title='bbox 364 791 572 831; x_wconf 92' lang='lat' dir='ltr'>corpore</span> <span class='ocrx_word' id='word_1_65' title='bbox 613 777 788 818; x_wconf 86' lang='lat' dir='ltr'>dicendo</span> <span class='ocrx_word' id='word_1_66' title='bbox 829 776 1095 817; x_wconf 82' lang='lat' dir='ltr'>monstrauit.</span> <span class='ocrx_word' id='word_1_67' title='bbox 1168 777 1526 819; x_wconf 75' lang='lat' dir='ltr'>ambarualism</span> 
     </span>
     <span class='ocr_line' id='line_1_12' title="bbox 158 833 1477 887; baseline -0.002 -10"><span class='ocrx_word' id='word_1_68' title='bbox 158 835 329 877; x_wconf 86' lang='lat' dir='ltr'>hostia</span> <span class='ocrx_word' id='word_1_69' title='bbox 356 837 431 876; x_wconf 89' lang='lat' dir='ltr'>est</span> <span class='ocrx_word' id='word_1_70' title='bbox 461 838 509 876; x_wconf 81' lang='lat' dir='ltr'>ut</span> <span class='ocrx_word' id='word_1_71' title='bbox 540 835 600 875; x_wconf 88' lang='lat' dir='ltr'>ait</span> <span class='ocrx_word' id='word_1_72' title='bbox 625 834 856 876; x_wconf 71' lang='lat' dir='ltr'>Pompmvs</span> <span class='ocrx_word' id='word_1_73' title='bbox 883 833 1060 875; x_wconf 77' lang='lat' dir='ltr'>FESTVS</span> <span class='ocrx_word' id='word_1_74' title='bbox 1092 848 1214 887; x_wconf 85' lang='lat' dir='ltr'>quae</span> <span class='ocrx_word' id='word_1_75' title='bbox 1245 834 1319 875; x_wconf 90' lang='lat' dir='ltr'>rei</span> <span class='ocrx_word' id='word_1_76' title='bbox 1350 834 1477 875; x_wconf 90' lang='lat' dir='ltr'>diui-</span> 
     </span>
     <span class='ocr_line' id='line_1_13' title="bbox 159 891 1476 945; baseline -0.002 -10"><span class='ocrx_word' id='word_1_77' title='bbox 159 907 250 934; x_wconf 88' lang='lat' dir='ltr'>nae</span> <span class='ocrx_word' id='word_1_78' title='bbox 276 907 428 935; x_wconf 84' lang='lat' dir='ltr'>causa</span> <span class='ocrx_word' id='word_1_79' title='bbox 459 893 644 934; x_wconf 89' lang='lat' dir='ltr'>circum</span> <span class='ocrx_word' id='word_1_80' title='bbox 677 906 795 933; x_wconf 88' lang='lat' dir='ltr'>arua</span> <span class='ocrx_word' id='word_1_81' title='bbox 825 892 1027 933; x_wconf 76' lang='lat' dir='ltr'>ducitur</span> <span class='ocrx_word' id='word_1_82' title='bbox 1058 892 1117 932; x_wconf 88' lang='lat' dir='ltr'>ab</span> <span class='ocrx_word' id='word_1_83' title='bbox 1149 891 1245 945; x_wconf 84' lang='lat' dir='ltr'>his,</span> <span class='ocrx_word' id='word_1_84' title='bbox 1277 892 1360 945; x_wconf 92' lang='lat' dir='ltr'>qui</span> <span class='ocrx_word' id='word_1_85' title='bbox 1390 906 1476 945; x_wconf 88' lang='lat' dir='ltr'>pro</span> 
     </span>
     <span class='ocr_line' id='line_1_14' title="bbox 159 949 1478 1005; baseline -0.002 -13"><span class='ocrx_word' id='word_1_86' title='bbox 159 951 394 1005; x_wconf 86' lang='lat' dir='ltr'>frugibus</span> <span class='ocrx_word' id='word_1_87' title='bbox 443 950 651 991; x_wconf 76' lang='lat' dir='ltr'>faciunt.</span> <span class='ocrx_word' id='word_1_88' title='bbox 727 949 852 991; x_wconf 91' lang='lat' dir='ltr'>huius</span> <span class='ocrx_word' id='word_1_89' title='bbox 896 949 1088 990; x_wconf 88' lang='lat' dir='ltr'>sacrificii</span> <span class='ocrx_word' id='word_1_90' title='bbox 1131 949 1390 991; x_wconf 82' lang='lat' dir='ltr'>mentionem</span> <span class='ocrx_word' id='word_1_91' title='bbox 1433 949 1478 990; x_wconf 91' lang='lat' dir='ltr'>in</span> 
     </span>
     <span class='ocr_line' id='line_1_15' title="bbox 159 1006 1479 1062; baseline -0.002 -12"><span class='ocrx_word' id='word_1_92' title='bbox 159 1008 374 1050; x_wconf 88' lang='lat' dir='ltr'>Bucolicis</span> <span class='ocrx_word' id='word_1_93' title='bbox 405 1008 554 1062; x_wconf 88' lang='lat' dir='ltr'>habet,</span> <span class='ocrx_word' id='word_1_94' title='bbox 585 1007 659 1048; x_wconf 92' lang='lat' dir='ltr'>ubi</span> <span class='ocrx_word' id='word_1_95' title='bbox 690 1007 739 1048; x_wconf 89' lang='lat' dir='ltr'>de</span> <span class='ocrx_word' id='word_1_96' title='bbox 772 1007 992 1061; x_wconf 88' lang='lat' dir='ltr'>apotheosi</span> <span class='ocrx_word' id='word_1_97' title='bbox 1023 1006 1260 1060; x_wconf 83' lang='lat' dir='ltr'>Daphnidis</span> <span class='ocrx_word' id='word_1_98' title='bbox 1291 1007 1479 1060; x_wconf 89' lang='lat' dir='ltr'>loquitur</span> 
     </span>
    </p>
   </div>
   <div class='ocr_carea' id='block_1_6' title="bbox 0 1054 1526 1200">
    <p class='ocr_par' dir='ltr' id='par_1_6' title="bbox 0 1054 1526 1200">
     <span class='ocr_line' id='line_1_16' title="bbox 0 1054 1526 1147; baseline -0.001 -18"><span class='ocrx_word' id='word_1_99' title='bbox 0 1086 37 1140; x_wconf 60' lang='lat' dir='ltr'><em>d</em></span> <span class='ocrx_word' id='word_1_100' title='bbox 65 1054 324 1147; x_wconf 37' lang='lat' dir='ltr'>‚leiaec</span> <span class='ocrx_word' id='word_1_101' title='bbox 354 1088 437 1130; x_wconf 86' lang='lat' dir='ltr'>tibi</span> <span class='ocrx_word' id='word_1_102' title='bbox 468 1101 632 1142; x_wconf 86' lang='lat' dir='ltr'>semper</span> <span class='ocrx_word' id='word_1_103' title='bbox 662 1090 786 1129; x_wconf 84' lang='lat' dir='ltr'>erunt</span> <span class='ocrx_word' id='word_1_104' title='bbox 816 1090 859 1129; x_wconf 91' lang='lat' dir='ltr'>et</span> <span class='ocrx_word' id='word_1_105' title='bbox 889 1102 982 1129; x_wconf 88' lang='lat' dir='ltr'>cum</span> <span class='ocrx_word' id='word_1_106' title='bbox 1015 1087 1232 1128; x_wconf 82' lang='lat' dir='ltr'>sollemnia</span> <span class='ocrx_word' id='word_1_107' title='bbox 1268 1090 1367 1128; x_wconf 88' lang='lat' dir='ltr'>uota</span> <span class='ocrx_word' id='word_1_108' title='bbox 1496 1093 1526 1132; x_wconf 68' lang='grc' dir='ltr'>ιε’</span> 
     </span>
     <span class='ocr_line' id='line_1_17' title="bbox 224 1143 1526 1200; baseline -0.003 -11"><span class='ocrx_word' id='word_1_109' title='bbox 224 1147 446 1189; x_wconf 86' lang='lat' dir='ltr'>reddemus</span> <span class='ocrx_word' id='word_1_110' title='bbox 476 1145 675 1200; x_wconf 89' lang='lat' dir='ltr'>nymphis</span> <span class='ocrx_word' id='word_1_111' title='bbox 706 1148 749 1186; x_wconf 92' lang='lat' dir='ltr'>et</span> <span class='ocrx_word' id='word_1_112' title='bbox 780 1160 873 1187; x_wconf 91' lang='lat' dir='ltr'>cum</span> <span class='ocrx_word' id='word_1_113' title='bbox 906 1145 1182 1186; x_wconf 73' lang='lat' dir='ltr'>lustrabimus</span> <span class='ocrx_word' id='word_1_114' title='bbox 1214 1158 1341 1199; x_wconf 87' lang='lat' dir='ltr'>agros</span> <span class='ocrx_word' id='word_1_115' title='bbox 1520 1143 1526 1159; x_wconf 86' lang='lat'>¹</span> 
     </span>
    </p>
   </div>
   <div class='ocr_carea' id='block_1_7' title="bbox 163 1225 1518 1397">
    <p class='ocr_par' dir='ltr' id='par_1_7' title="bbox 163 1225 1518 1397">
     <span class='ocr_line' id='line_1_18' title="bbox 163 1225 1518 1281; baseline -0.003 -11"><span class='ocrx_word' id='word_1_116' title='bbox 163 1229 236 1270; x_wconf 91' lang='lat' dir='ltr'>ubi</span> <span class='ocrx_word' id='word_1_117' title='bbox 257 1229 476 1270; x_wconf 88' lang='lat' dir='ltr'>lustrare</span> <span class='ocrx_word' id='word_1_118' title='bbox 497 1227 711 1281; x_wconf 89' lang='lat' dir='ltr'>significat</span> <span class='ocrx_word' id='word_1_119' title='bbox 729 1226 1010 1280; x_wconf 80' lang='lat' dir='ltr'>circumire,</span> <span class='ocrx_word' id='word_1_120' title='bbox 1034 1225 1133 1267; x_wconf 88' lang='lat' dir='ltr'>hinc</span> <span class='ocrx_word' id='word_1_121' title='bbox 1153 1225 1265 1266; x_wconf 89' lang='lat' dir='ltr'>enim</span> <span class='ocrx_word' id='word_1_122' title='bbox 1284 1225 1480 1267; x_wconf 88' lang='lat' dir='ltr'>uidelicet</span> <span class='ocrx_word' id='word_1_123' title='bbox 1516 1239 1518 1242; x_wconf 88' lang='lat'>·</span> 
     </span>
     <span class='ocr_line' id='line_1_19' title="bbox 163 1282 1480 1338; baseline -0.002 -10"><span class='ocrx_word' id='word_1_124' title='bbox 163 1289 206 1328; x_wconf 86' lang='lat' dir='ltr'>et</span> <span class='ocrx_word' id='word_1_125' title='bbox 230 1300 385 1328; x_wconf 89' lang='lat' dir='ltr'>nomen</span> <span class='ocrx_word' id='word_1_126' title='bbox 416 1285 581 1326; x_wconf 88' lang='lat' dir='ltr'>hostiae</span> <span class='ocrx_word' id='word_1_127' title='bbox 613 1284 869 1338; x_wconf 87' lang='lat' dir='ltr'>adquisitum</span> <span class='ocrx_word' id='word_1_128' title='bbox 902 1285 978 1336; x_wconf 89' lang='lat' dir='ltr'>est,</span> <span class='ocrx_word' id='word_1_129' title='bbox 1009 1283 1062 1324; x_wconf 91' lang='lat' dir='ltr'>ab</span> <span class='ocrx_word' id='word_1_130' title='bbox 1094 1282 1324 1324; x_wconf 87' lang='lat' dir='ltr'>ambiendis</span> <span class='ocrx_word' id='word_1_131' title='bbox 1356 1282 1480 1337; x_wconf 87' lang='lat' dir='ltr'>aruis,</span> 
     </span>
     <span class='ocr_line' id='line_1_20' title="bbox 165 1341 1034 1397; baseline -0.003 -12"><span class='ocrx_word' id='word_1_132' title='bbox 165 1345 238 1386; x_wconf 87' lang='lat' dir='ltr'>sed</span> <span class='ocrx_word' id='word_1_133' title='bbox 270 1347 313 1385; x_wconf 91' lang='lat' dir='ltr'>et</span> <span class='ocrx_word' id='word_1_134' title='bbox 343 1344 389 1385; x_wconf 87' lang='lat' dir='ltr'>in</span> <span class='ocrx_word' id='word_1_135' title='bbox 420 1341 727 1397; x_wconf 84' lang='lat' dir='ltr'>Georgicorum</span> <span class='ocrx_word' id='word_1_136' title='bbox 758 1342 866 1383; x_wconf 92' lang='lat' dir='ltr'>libro</span> <span class='ocrx_word' id='word_1_137' title='bbox 898 1342 1034 1395; x_wconf 87' lang='lat' dir='ltr'>primo</span> 
     </span>
    </p>
   </div>
   <div class='ocr_carea' id='block_1_8' title="bbox 220 1421 1311 1479">
    <p class='ocr_par' dir='ltr' id='par_1_8' title="bbox 220 1421 1311 1479">
     <span class='ocr_line' id='line_1_21' title="bbox 220 1421 1311 1479; baseline -0.005 -12"><span class='ocrx_word' id='word_1_138' title='bbox 220 1427 367 1479; x_wconf 89' lang='lat' dir='ltr'>terque</span> <span class='ocrx_word' id='word_1_139' title='bbox 398 1438 532 1466; x_wconf 79' lang='lat' dir='ltr'>nouas</span> <span class='ocrx_word' id='word_1_140' title='bbox 564 1423 722 1465; x_wconf 88' lang='lat' dir='ltr'>circum</span> <span class='ocrx_word' id='word_1_141' title='bbox 752 1422 855 1464; x_wconf 87' lang='lat' dir='ltr'>felix</span> <span class='ocrx_word' id='word_1_142' title='bbox 886 1423 955 1463; x_wconf 89' lang='lat' dir='ltr'>eat</span> <span class='ocrx_word' id='word_1_143' title='bbox 983 1421 1126 1463; x_wconf 88' lang='lat' dir='ltr'>hostia</span> <span class='ocrx_word' id='word_1_144' title='bbox 1155 1421 1311 1476; x_wconf 86' lang='lat' dir='ltr'>fruges.</span> 
     </span>
    </p>
   </div>
   <div class='ocr_carea' id='block_1_9' title="bbox 124 1502 1516 1836">
    <p class='ocr_par' dir='ltr' id='par_1_9' title="bbox 124 1502 1516 1836">
     <span class='ocr_line' id='line_1_22' title="bbox 124 1502 1516 1556; baseline -0.004 -8"><span class='ocrx_word' id='word_1_145' title='bbox 124 1507 436 1548; x_wconf 79' lang='lat' dir='ltr'>Sobseruatum</span> <span class='ocrx_word' id='word_1_146' title='bbox 475 1507 540 1546; x_wconf 88' lang='lat' dir='ltr'>est</span> <span class='ocrx_word' id='word_1_147' title='bbox 577 1519 602 1546; x_wconf 87' lang='lat' dir='ltr'>a</span> <span class='ocrx_word' id='word_1_148' title='bbox 638 1502 973 1545; x_wconf 87' lang='lat' dir='ltr'>sacrificantibus</span> <span class='ocrx_word' id='word_1_149' title='bbox 1011 1504 1075 1556; x_wconf 90' lang='lat' dir='ltr'>ut,</span> <span class='ocrx_word' id='word_1_150' title='bbox 1113 1502 1149 1543; x_wconf 90' lang='lat' dir='ltr'>si</span> <span class='ocrx_word' id='word_1_151' title='bbox 1177 1502 1337 1556; x_wconf 83' lang='lat' dir='ltr'>hostia,</span> <span class='ocrx_word' id='word_1_152' title='bbox 1374 1515 1481 1556; x_wconf 89' lang='lat' dir='ltr'>quae</span> <span class='ocrx_word' id='word_1_153' title='bbox 1512 1526 1516 1527; x_wconf 32' lang='grc' dir='ltr'><em>ν</em></span> 
     </span>
     <span class='ocr_line' id='line_1_23' title="bbox 165 1560 1482 1615; baseline -0.004 -10"><span class='ocrx_word' id='word_1_154' title='bbox 165 1565 217 1605; x_wconf 90' lang='lat' dir='ltr'>ad</span> <span class='ocrx_word' id='word_1_155' title='bbox 237 1578 332 1605; x_wconf 84' lang='lat' dir='ltr'>aras</span> <span class='ocrx_word' id='word_1_156' title='bbox 358 1563 590 1615; x_wconf 89' lang='lat' dir='ltr'>duceretur,</span> <span class='ocrx_word' id='word_1_157' title='bbox 614 1561 767 1603; x_wconf 84' lang='lat' dir='ltr'>fuisset</span> <span class='ocrx_word' id='word_1_158' title='bbox 790 1560 1079 1602; x_wconf 89' lang='lat' dir='ltr'>uehementius</span> <span class='ocrx_word' id='word_1_159' title='bbox 1103 1560 1318 1613; x_wconf 81' lang='lat' dir='ltr'>reluctata,</span> <span class='ocrx_word' id='word_1_160' title='bbox 1343 1563 1482 1601; x_wconf 88' lang='lat' dir='ltr'>osten-</span> 
     </span>
     <span class='ocr_line' id='line_1_24' title="bbox 165 1618 1514 1676; baseline -0.004 -13"><span class='ocrx_word' id='word_1_161' title='bbox 165 1622 378 1676; x_wconf 90' lang='lat' dir='ltr'>dissetque</span> <span class='ocrx_word' id='word_1_162' title='bbox 410 1635 454 1662; x_wconf 87' lang='lat' dir='ltr'>se</span> <span class='ocrx_word' id='word_1_163' title='bbox 485 1621 666 1661; x_wconf 87' lang='lat' dir='ltr'>inuitam</span> <span class='ocrx_word' id='word_1_164' title='bbox 697 1618 901 1660; x_wconf 87' lang='lat' dir='ltr'>altaribus</span> <span class='ocrx_word' id='word_1_165' title='bbox 934 1618 1169 1672; x_wconf 83' lang='lat' dir='ltr'>admoueri,</span> <span class='ocrx_word' id='word_1_166' title='bbox 1200 1620 1479 1671; x_wconf 82' lang='lat' dir='ltr'>amoneretur,</span> <span class='ocrx_word' id='word_1_167' title='bbox 1511 1638 1514 1639; x_wconf 41' lang='lat'><em>⁷</em></span> 
     </span>
     <span class='ocr_line' id='line_1_25' title="bbox 165 1676 1482 1734; baseline -0.004 -13"><span class='ocrx_word' id='word_1_168' title='bbox 165 1680 264 1734; x_wconf 87' lang='lat' dir='ltr'>quia</span> <span class='ocrx_word' id='word_1_169' title='bbox 305 1679 440 1720; x_wconf 89' lang='lat' dir='ltr'>inuito</span> <span class='ocrx_word' id='word_1_170' title='bbox 484 1678 562 1719; x_wconf 89' lang='lat' dir='ltr'>deo</span> <span class='ocrx_word' id='word_1_171' title='bbox 605 1677 745 1719; x_wconf 87' lang='lat' dir='ltr'>offerri</span> <span class='ocrx_word' id='word_1_172' title='bbox 782 1690 874 1718; x_wconf 86' lang='lat' dir='ltr'>eam</span> <span class='ocrx_word' id='word_1_173' title='bbox 910 1676 1130 1729; x_wconf 86' lang='lat' dir='ltr'>putabant.</span> <span class='ocrx_word' id='word_1_174' title='bbox 1191 1689 1297 1730; x_wconf 89' lang='lat' dir='ltr'>quae</span> <span class='ocrx_word' id='word_1_175' title='bbox 1341 1677 1482 1716; x_wconf 84' lang='lat' dir='ltr'>autem</span> 
     </span>
     <span class='ocr_line' id='line_1_26' title="bbox 165 1733 1478 1789; baseline -0.003 -11"><span class='ocrx_word' id='word_1_176' title='bbox 165 1737 354 1778; x_wconf 88' lang='lat' dir='ltr'>stetisset</span> <span class='ocrx_word' id='word_1_177' title='bbox 378 1736 534 1789; x_wconf 87' lang='lat' dir='ltr'>oblata,</span> <span class='ocrx_word' id='word_1_178' title='bbox 558 1735 667 1776; x_wconf 87' lang='lat' dir='ltr'>hanc</span> <span class='ocrx_word' id='word_1_179' title='bbox 691 1735 854 1776; x_wconf 88' lang='lat' dir='ltr'>uolenti</span> <span class='ocrx_word' id='word_1_180' title='bbox 877 1733 1042 1775; x_wconf 87' lang='lat' dir='ltr'>numini</span> <span class='ocrx_word' id='word_1_181' title='bbox 1066 1733 1156 1774; x_wconf 89' lang='lat' dir='ltr'>dari</span> <span class='ocrx_word' id='word_1_182' title='bbox 1182 1733 1478 1774; x_wconf 86' lang='lat' dir='ltr'>aestimabant.</span> 
     </span>
     <span class='ocr_line' id='line_1_27' title="bbox 162 1794 435 1836; baseline -0.004 -1"><span class='ocrx_word' id='word_1_183' title='bbox 162 1794 262 1836; x_wconf 89' lang='lat' dir='ltr'>hinc</span> <span class='ocrx_word' id='word_1_184' title='bbox 291 1797 435 1835; x_wconf 89' lang='lat' dir='ltr'>noster</span> 
     </span>
    </p>
   </div>
   <div class='ocr_carea' id='block_1_10' title="bbox 1478 1725 1526 2444">
    <p class='ocr_par' dir='ltr' id='par_1_10' title="bbox 1478 1725 1526 2444">
     <span class='ocr_line' id='line_1_28' title="bbox 1493 1725 1526 1897; baseline 0 0"><span class='ocrx_word' id='word_1_185' title='bbox 1493 1725 1526 1897; x_wconf 95' lang='lat' dir='ltr'>  </span> 
     </span>
     <span class='ocr_line' id='line_1_29' title="bbox 1493 1897 1526 2093; baseline 0 -100"><span class='ocrx_word' id='word_1_186' title='bbox 1493 1897 1526 2093; x_wconf 95' lang='lat' dir='ltr'>   </span> 
     </span>
     <span class='ocr_line' id='line_1_30' title="bbox 1487 2093 1526 2231; baseline 0 0"><span class='ocrx_word' id='word_1_187' title='bbox 1487 2093 1526 2231; x_wconf 95' lang='lat' dir='ltr'>   </span> 
     </span>
     <span class='ocr_line' id='line_1_31' title="bbox 1478 2231 1526 2444; baseline 0 -152"><span class='ocrx_word' id='word_1_188' title='bbox 1478 2231 1526 2444; x_wconf 95' lang='lat' dir='ltr'>  </span> 
     </span>
    </p>
   </div>
   <div class='ocr_carea' id='block_1_11' title="bbox 163 1874 440 1879">
    <p class='ocr_par' dir='ltr' id='par_1_11' title="bbox 163 1874 440 1879">
     <span class='ocr_line' id='line_1_32' title="bbox 163 1874 440 1879; baseline 0 0"><span class='ocrx_word' id='word_1_189' title='bbox 163 1874 440 1879; x_wconf 95' lang='lat' dir='ltr'> </span> 
     </span>
    </p>
   </div>
   <div class='ocr_carea' id='block_1_12' title="bbox 259 1921 1509 1978">
    <p class='ocr_par' dir='ltr' id='par_1_12' title="bbox 259 1921 1509 1978">
     <span class='ocr_line' id='line_1_33' title="bbox 259 1921 1509 1978; baseline -0.003 -18"><span class='ocrx_word' id='word_1_190' title='bbox 259 1929 277 1960; x_wconf 89' lang='lat'>1</span> <span class='ocrx_word' id='word_1_191' title='bbox 304 1924 433 1969; x_wconf 85' lang='lat' dir='ltr'>Georg.</span> <span class='ocrx_word' id='word_1_192' title='bbox 460 1923 527 1958; x_wconf 87' lang='lat'>1111</span> <span class='ocrx_word' id='word_1_193' title='bbox 553 1926 632 1958; x_wconf 86' lang='grc'>540.</span> <span class='ocrx_word' id='word_1_194' title='bbox 659 1927 724 1958; x_wconf 89' lang='grc'>551</span> <span class='ocrx_word' id='word_1_195' title='bbox 786 1927 806 1958; x_wconf 94' lang='grc'>8</span> <span class='ocrx_word' id='word_1_196' title='bbox 831 1922 881 1958; x_wconf 85' lang='lat' dir='ltr'>ib.</span> <span class='ocrx_word' id='word_1_197' title='bbox 905 1922 975 1956; x_wconf 90' lang='grc' dir='ltr'>ΙΙΠ</span> <span class='ocrx_word' id='word_1_198' title='bbox 999 1926 1077 1958; x_wconf 87' lang='grc'>538.</span> <span class='ocrx_word' id='word_1_199' title='bbox 1104 1925 1170 1957; x_wconf 86' lang='grc'>550</span> <span class='ocrx_word' id='word_1_200' title='bbox 1231 1925 1275 1956; x_wconf 83' lang='grc'>20</span> <span class='ocrx_word' id='word_1_201' title='bbox 1299 1921 1349 1957; x_wconf 86' lang='lat' dir='ltr'>ib.</span> <span class='ocrx_word' id='word_1_202' title='bbox 1373 1921 1389 1954; x_wconf 96' lang='lat' dir='ltr'>I</span> <span class='ocrx_word' id='word_1_203' title='bbox 1414 1924 1482 1956; x_wconf 83' lang='lat'>345</span> <span class='ocrx_word' id='word_1_204' title='bbox 1503 1970 1509 1978; x_wconf 62' lang='lat'><em>„</em></span> 
     </span>
    </p>
   </div>
   <div class='ocr_carea' id='block_1_13' title="bbox 163 1998 442 2003">
    <p class='ocr_par' dir='ltr' id='par_1_13' title="bbox 163 1998 442 2003">
     <span class='ocr_line' id='line_1_34' title="bbox 163 1998 442 2003; baseline 0 0"><span class='ocrx_word' id='word_1_205' title='bbox 163 1998 442 2003; x_wconf 95' lang='lat' dir='ltr'> </span> 
     </span>
    </p>
   </div>
   <div class='ocr_carea' id='block_1_14' title="bbox 163 2041 1504 2313">
    <p class='ocr_par' dir='ltr' id='par_1_14' title="bbox 163 2041 1504 2313">
     <span class='ocr_line' id='line_1_35' title="bbox 259 2041 1504 2082; baseline -0.004 -2"><span class='ocrx_word' id='word_1_206' title='bbox 259 2050 277 2080; x_wconf 93' lang='lat'>1</span> <span class='ocrx_word' id='word_1_207' title='bbox 303 2047 443 2080; x_wconf 83' lang='lat' dir='ltr'>intacto</span> <span class='ocrx_word' id='word_1_208' title='bbox 467 2043 513 2080; x_wconf 83' lang='lat' dir='ltr'>B&#39;</span> <span class='ocrx_word' id='word_1_209' title='bbox 586 2050 606 2080; x_wconf 88' lang='lat'><strong>3</strong></span> <span class='ocrx_word' id='word_1_210' title='bbox 633 2045 789 2080; x_wconf 91' lang='grc' dir='ltr'>ΕΠΙΤΕΤ</span> <span class='ocrx_word' id='word_1_211' title='bbox 791 2045 850 2079; x_wconf 93' lang='grc' dir='ltr'>ΟΝ</span> <span class='ocrx_word' id='word_1_212' title='bbox 877 2045 913 2079; x_wconf 93' lang='grc' dir='ltr'><strong><em>Β</em></strong></span> <span class='ocrx_word' id='word_1_213' title='bbox 983 2043 1148 2078; x_wconf 83' lang='lat' dir='ltr'>ueratius</span> <span class='ocrx_word' id='word_1_214' title='bbox 1161 2041 1208 2077; x_wconf 87' lang='lat' dir='ltr'>B&#39;</span> <span class='ocrx_word' id='word_1_215' title='bbox 1281 2045 1300 2076; x_wconf 87' lang='grc'>5</span> <span class='ocrx_word' id='word_1_216' title='bbox 1320 2052 1481 2077; x_wconf 79' lang='lat' dir='ltr'>eximun-</span> <span class='ocrx_word' id='word_1_217' title='bbox 1500 2073 1504 2082; x_wconf 68' lang='grc'>,,</span> 
     </span>
     <span class='ocr_line' id='line_1_36' title="bbox 163 2087 1482 2136; baseline -0.005 -8"><span class='ocrx_word' id='word_1_218' title='bbox 163 2095 225 2128; x_wconf 87' lang='lat' dir='ltr'>tur</span> <span class='ocrx_word' id='word_1_219' title='bbox 251 2093 296 2136; x_wconf 85' lang='lat' dir='ltr'>P,</span> <span class='ocrx_word' id='word_1_220' title='bbox 320 2093 446 2128; x_wconf 76' lang='lat' dir='ltr'>deinde</span> <span class='ocrx_word' id='word_1_221' title='bbox 470 2103 513 2127; x_wconf 85' lang='lat' dir='ltr'>ex</span> <span class='ocrx_word' id='word_1_222' title='bbox 537 2102 623 2136; x_wconf 84' lang='lat' dir='ltr'>rege</span> <span class='ocrx_word' id='word_1_223' title='bbox 650 2089 699 2125; x_wconf 91' lang='lat' dir='ltr'>P&#39;</span> <span class='ocrx_word' id='word_1_224' title='bbox 796 2094 815 2125; x_wconf 82' lang='grc'><strong>7</strong></span> <span class='ocrx_word' id='word_1_225' title='bbox 842 2091 903 2124; x_wconf 81' lang='lat' dir='ltr'>hic</span> <span class='ocrx_word' id='word_1_226' title='bbox 928 2090 965 2125; x_wconf 86' lang='grc' dir='ltr'><strong><em>Ρ</em></strong></span> <span class='ocrx_word' id='word_1_227' title='bbox 1051 2094 1091 2124; x_wconf 87' lang='grc'>11</span> <span class='ocrx_word' id='word_1_228' title='bbox 1119 2099 1192 2132; x_wconf 85' lang='lat' dir='ltr'>qua</span> <span class='ocrx_word' id='word_1_229' title='bbox 1215 2087 1262 2122; x_wconf 89' lang='lat' dir='ltr'>B&#39;</span> <span class='ocrx_word' id='word_1_230' title='bbox 1353 2091 1395 2122; x_wconf 85' lang='lat'>13</span> <span class='ocrx_word' id='word_1_231' title='bbox 1418 2091 1423 2132; x_wconf 86' lang='grc' dir='ltr'>Ι</span> <span class='ocrx_word' id='word_1_232' title='bbox 1443 2098 1482 2122; x_wconf 87' lang='lat' dir='ltr'>m</span> 
     </span>
     <span class='ocr_line' id='line_1_37' title="bbox 164 2133 1498 2183; baseline -0.004 -9"><span class='ocrx_word' id='word_1_233' title='bbox 164 2138 344 2174; x_wconf 76' lang='lat' dir='ltr'>bucohms</span> <span class='ocrx_word' id='word_1_234' title='bbox 358 2159 401 2164; x_wconf 95' lang='lat'><strong>—</strong></span> <span class='ocrx_word' id='word_1_235' title='bbox 425 2143 466 2173; x_wconf 88' lang='lat'>14</span> <span class='ocrx_word' id='word_1_236' title='bbox 492 2138 575 2182; x_wconf 75' lang='lat' dir='ltr'>loqf</span> <span class='ocrx_word' id='word_1_237' title='bbox 595 2137 599 2183; x_wconf 92' lang='grc' dir='ltr'>Ι</span> <span class='ocrx_word' id='word_1_238' title='bbox 625 2138 667 2172; x_wconf 81' lang='lat' dir='ltr'>in</span> <span class='ocrx_word' id='word_1_239' title='bbox 690 2148 759 2173; x_wconf 79' lang='lat' dir='ltr'>ras.</span> <span class='ocrx_word' id='word_1_240' title='bbox 785 2138 827 2172; x_wconf 78' lang='lat' dir='ltr'>in</span> <span class='ocrx_word' id='word_1_241' title='bbox 854 2137 890 2170; x_wconf 92' lang='lat' dir='ltr'><em>P</em></span> <span class='ocrx_word' id='word_1_242' title='bbox 979 2139 1021 2170; x_wconf 86' lang='lat'>14</span> <span class='ocrx_word' id='word_1_243' title='bbox 1046 2134 1208 2170; x_wconf 74' lang='lat' dir='ltr'>dafmchf</span> <span class='ocrx_word' id='word_1_244' title='bbox 1227 2135 1263 2170; x_wconf 88' lang='lat' dir='ltr'><strong><em>B</em></strong></span> <span class='ocrx_word' id='word_1_245' title='bbox 1349 2138 1389 2168; x_wconf 81' lang='lat'>15</span> <span class='ocrx_word' id='word_1_246' title='bbox 1414 2133 1498 2169; x_wconf 85' lang='lat' dir='ltr'>sol-·</span> 
     </span>
     <span class='ocr_line' id='line_1_38' title="bbox 165 2180 1484 2230; baseline -0.005 -10"><span class='ocrx_word' id='word_1_247' title='bbox 165 2185 290 2230; x_wconf 73' lang='lat' dir='ltr'>lepma</span> <span class='ocrx_word' id='word_1_248' title='bbox 313 2185 349 2220; x_wconf 90' lang='lat' dir='ltr'><strong><em>P</em></strong></span> <span class='ocrx_word' id='word_1_249' title='bbox 435 2189 478 2220; x_wconf 87' lang='grc'>16</span> <span class='ocrx_word' id='word_1_250' title='bbox 502 2183 664 2228; x_wconf 81' lang='lat' dir='ltr'>mmplns</span> <span class='ocrx_word' id='word_1_251' title='bbox 684 2185 720 2219; x_wconf 90' lang='lat' dir='ltr'><strong><em>P</em></strong></span> <span class='ocrx_word' id='word_1_252' title='bbox 801 2186 843 2217; x_wconf 93' lang='lat'>18</span> <span class='ocrx_word' id='word_1_253' title='bbox 869 2182 1009 2218; x_wconf 80' lang='lat' dir='ltr'>hostiae</span> <span class='ocrx_word' id='word_1_254' title='bbox 1034 2182 1104 2217; x_wconf 89' lang='lat' dir='ltr'>bP:</span> <span class='ocrx_word' id='word_1_255' title='bbox 1129 2180 1234 2216; x_wconf 77' lang='lat' dir='ltr'>hab&amp;</span> <span class='ocrx_word' id='word_1_256' title='bbox 1257 2181 1293 2215; x_wconf 93' lang='lat' dir='ltr'><em>B</em></span> <span class='ocrx_word' id='word_1_257' title='bbox 1378 2184 1419 2214; x_wconf 87' lang='grc'>19</span> <span class='ocrx_word' id='word_1_258' title='bbox 1445 2180 1484 2214; x_wconf 82' lang='lat' dir='ltr'>et</span> 
     </span>
     <span class='ocr_line' id='line_1_39' title="bbox 165 2226 1484 2270; baseline -0.004 -3"><span class='ocrx_word' id='word_1_259' title='bbox 165 2242 230 2267; x_wconf 89' lang='lat' dir='ltr'>om.</span> <span class='ocrx_word' id='word_1_260' title='bbox 256 2233 293 2267; x_wconf 88' lang='lat' dir='ltr'><em>B</em></span> <span class='ocrx_word' id='word_1_261' title='bbox 375 2235 419 2266; x_wconf 78' lang='lat'>22</span> <span class='ocrx_word' id='word_1_262' title='bbox 446 2230 701 2267; x_wconf 73' lang='lat' dir='ltr'>uehementius</span> <span class='ocrx_word' id='word_1_263' title='bbox 720 2231 864 2264; x_wconf 87' lang='lat' dir='ltr'>retenta</span> <span class='ocrx_word' id='word_1_264' title='bbox 886 2229 923 2264; x_wconf 90' lang='lat' dir='ltr'><em>P</em></span> <span class='ocrx_word' id='word_1_265' title='bbox 1004 2232 1049 2263; x_wconf 81' lang='lat'>23</span> <span class='ocrx_word' id='word_1_266' title='bbox 1075 2226 1262 2262; x_wconf 85' lang='lat' dir='ltr'>adtahbul&#39;</span> <span class='ocrx_word' id='word_1_267' title='bbox 1284 2226 1331 2270; x_wconf 88' lang='lat' dir='ltr'>P,</span> <span class='ocrx_word' id='word_1_268' title='bbox 1355 2226 1484 2262; x_wconf 69' lang='lat' dir='ltr'>deinde</span> 
     </span>
     <span class='ocr_line' id='line_1_40' title="bbox 167 2275 1494 2313; baseline -0.003 -1"><span class='ocrx_word' id='word_1_269' title='bbox 167 2277 357 2313; x_wconf 83' lang='lat' dir='ltr'>admauori</span> <span class='ocrx_word' id='word_1_270' title='bbox 381 2275 429 2312; x_wconf 90' lang='lat' dir='ltr'>P&#39;</span> <span class='ocrx_word' id='word_1_271' title='bbox 501 2278 734 2312; x_wconf 82' lang='lat' dir='ltr'>amoneretur</span> <span class='ocrx_word' id='word_1_272' title='bbox 758 2286 823 2311; x_wconf 86' lang='lat' dir='ltr'>om.</span> <span class='ocrx_word' id='word_1_273' title='bbox 849 2275 885 2310; x_wconf 93' lang='lat' dir='ltr'><strong><em>P</em></strong></span> <span class='ocrx_word' id='word_1_274' title='bbox 1492 2279 1494 2282; x_wconf 81' lang='grc'>’</span> 
     </span>
    </p>
   </div>
  </div>
 </body>
</html>
