1526 2444
134 86 191 127 52
651 83 750 119 SAT.
774 82 901 119 LIBRI
924 83 941 118 I

63 197 118 238 23
250 190 364 232 Audi
387 190 432 232 in
458 189 590 232 seruis
615 203 702 232 non
725 189 850 231 fidem
874 191 1043 231 tantum
1069 188 1141 230 sed
1168 191 1210 230 et
1234 188 1456 231 fecundum
1477 178 1481 186 ¹

135 250 272 291 bonae
314 247 573 290 inuentionis
609 247 838 302 ingenium.
905 262 1000 289 cum
1042 249 1253 301 premeret
1294 247 1456 290 obsidio

134 306 437 359 Grumentum,
484 305 595 347 serui
635 305 783 347 relicta
824 305 996 347 domina
1038 304 1091 346 ad
1133 304 1278 347 hostes
1321 306 1456 346 trans-

133 364 346 418 fugerunt.
412 365 535 417 capto
579 362 728 404 deinde
770 363 926 418 oppido
962 363 1169 417 impetum
1206 362 1251 403 in
1287 362 1482 404 domum'

134 421 284 463 habita
314 421 624 475 conspiratione
649 420 849 475 fecerunt,
881 423 924 462 et
948 422 1221 462 extraxerunt
1245 419 1458 461 dominam

135 480 258 521 uultu
289 492 469 533 poenam
499 478 689 519 minante
715 492 764 520 ac
788 491 891 520 uoce
917 478 1054 520 obuiis
1080 477 1320 531 adserente,
1350 477 1460 532 quod

134 536 307 579 tandem
346 536 428 578 sibi
466 536 565 577 data
601 538 712 577 esset
747 536 869 590 copia
904 535 1112 578 crudelem
1144 534 1358 577 dominam
1388 549 1483 590 pu-v

134 594 299 636 niendi:
330 597 582 648 raptamque
607 593 728 647 quasi
751 593 804 635 ad
824 593 1075 647 supplicium
1095 593 1307 647 obsequiis
1326 593 1460 646 plenis

136 653 296 707 pietate
326 652 456 693 tutati
488 653 598 693 sunt.

69 717 126 759 24
254 709 363 751 Vide
399 709 445 751 in
481 709 561 750 hac
591 709 760 750 fortuna
791 709 919 750 etiam
950 707 1348 763 magnanimitatem
1379 707 1461 748 exi-

139 771 232 810 tum
256 767 406 809 mortis
432 767 615 808 ludibrio
641 766 957 821 praeferentem.
1008 765 1054 808 C.
1073 765 1301 807 Vettium
1325 765 1460 820 Pelig-

138 840 238 867 num
268 825 539 867 Italicensem
576 824 924 879 comprehensum
956 838 981 864 a
1012 823 1258 865 cohortibus
1296 823 1382 864 suis
1414 825 1463 864 ut

138 883 341 937 Pompeio
373 882 630 936 traderetur,
664 896 811 923 seruus
842 882 931 922 eius
963 881 1115 923 occidit
1145 895 1192 922 ac
1225 895 1281 935 se,
1311 895 1363 922 ne
1394 880 1463 922 do-

140 941 255 983 mino
288 943 504 994 superstes
534 940 672 995 fieret,
702 940 927 981 interemit.

70 1007 126 1048 25
256 997 301 1040 C.
327 997 606 1040 Gracchum
637 1012 688 1039 ex
717 997 935 1039 Auentino
966 996 1199 1050 fugientem
1229 995 1461 1049 Euporus

140 1071 285 1098 seruus
328 1056 415 1110 uel,
457 1058 505 1097 ut
542 1055 713 1110 quidam
750 1055 941 1108 tradunt,
983 1053 1322 1108 Philocrates,
1365 1052 1463 1094 dum

142 1115 284 1169 aliqua
314 1128 410 1168 spes
443 1114 595 1155 salutis
626 1115 730 1167 erat,
759 1113 996 1155 indiuulsus
1028 1125 1181 1166 comeS,
1211 1125 1294 1166 qua
1323 1110 1487 1176 potuit'

140 1173 305 1214 ratione
347 1173 512 1213 tutatus
557 1173 643 1224 est,
692 1185 818 1226 super
861 1170 1046 1212 occisum
1089 1168 1237 1210 deinde
1280 1168 1465 1210 animam

143 1230 286 1272 scissis
317 1230 490 1283 proprio
522 1230 695 1270 uulnere
726 1228 958 1270 uisceribus
990 1226 1146 1268 effudit.

74 1295 129 1336 26
260 1287 405 1341 Ipsum
431 1287 474 1328 P.
502 1286 791 1341 Scipionem
814 1285 1006 1327 Africani
1031 1286 1210 1338 patrem,
1239 1264 1464 1338 postquam

143 1360 237 1387 cum
269 1345 510 1386 Hannibale
541 1345 807 1398 conflixerat,
838 1343 1027 1384 saucium
1057 1342 1103 1383 in
1134 1356 1288 1396 equum
1320 1355 1465 1383 seruus

143 1403 350 1458 inposuit,
387 1405 429 1444 et
466 1403 615 1444 ceteris
654 1376 943 1443 deserentibus
975 1401 1089 1442 solus
1131 1399 1176 1440 in
1207 1402 1347 1441 castra
1375 1412 1488 1453 per»

144 1461 274 1503 duxit.

75 1526 129 1567 27
261 1518 417 1560 Parum
442 1517 574 1560 fuerit
591 1517 774 1560 dominis
797 1515 1060 1571 praestitisse
1086 1514 1344 1557 uiuentibus:
1369 1513 1467 1568 quid

145 1577 257 1631 quod
299 1576 344 1617 in
386 1576 453 1617 his
498 1589 664 1630 quoque
707 1574 936 1639 exigendae
978 1572 1190 1614 uindictae
1232 1572 1467 1626 repperitur

146 1633 424 1676 animositas?
475 1648 576 1675 nam
608 1632 806 1675 Seleuci
841 1631 951 1686 regis
983 1645 1130 1672 seruus
1161 1643 1258 1671 cum
1289 1629 1484 1671 seruiret>

146 1692 283 1733 amico
303 1691 405 1744 eius,
419 1705 444 1732 a
458 1705 540 1745 quo
561 1691 757 1732 dominus
777 1689 917 1731 fuerat
934 1689 1226 1742 interemptus,
1245 1689 1467 1729 cenantem

147 1751 192 1791 in
222 1749 430 1791 ultionem
461 1748 621 1790 domini
651 1747 852 1790 confodit.

78 1814 133 1856 28
265 1805 375 1855 Quid
405 1806 516 1860 quod
547 1806 650 1847 duas
680 1806 872 1859 uirtutes,
903 1818 1010 1859 quae
1039 1804 1150 1845 inter
1178 1803 1342 1844 nobiles
1368 1816 1467 1869 quo-

149 1879 228 1919 que
263 1864 383 1906 unice
420 1864 558 1905 clarae
590 1866 706 1917 sunt,
740 1864 785 1904 in
815 1876 898 1904 uno
929 1862 1053 1904 uideo
1085 1861 1214 1903 fuisse
1245 1860 1467 1915 mancipio,

147 1922 372 1976 imperium
407 1921 580 1975 regendi
615 1921 812 1975 peritiam
846 1922 888 1962 et
917 1919 1142 1974 imperium
1173 1917 1468 1961 contemnendi

243 2051 263 2082 1
288 2047 484 2082 fecundum
514 2046 668 2082 Arnold.
701 2046 832 2081 Vesal..
863 2045 1063 2080 facundum
1091 2043 1172 2079 BP
1285 2047 1306 2078 2
1331 2043 1470 2079 obsidio

149 2106 216 2130 om.
243 2091 291 2128 P'
371 2098 391 2128 5
418 2105 458 2129 ec
482 2093 525 2128 in
548 2092 713 2128 fecerunt
736 2093 778 2127 in
801 2102 872 2127 ras.
898 2092 940 2126 in
964 2091 1001 2125 P
1074 2095 1142 2136 ep
1119 2101 1215 2137 pena.
1237 2090 1274 2125 P
1340 2090 1411 2125 hac
1437 2089 1474 2124 P

151 2140 327 2176 afferente
366 2139 403 2174 P
500 2143 543 2174 10
581 2141 693 2173 et1am
729 2149 794 2174 om.
833 2139 869 2173 P
970 2140 1014 2172 15
1046 2136 1072 2171 G
1103 2147 1194 2172 corr.
1224 2137 1266 2171 in
1297 2136 1330 2171 G
1364 2136 1407 2171 in
1435 2135 1478 2171 Β

151 2185 307 2232 eoporus
325 2186 362 2220 Β
459 2189 502 2221 19
527 2185 624 2220 [cifis
644 2182 689 2220 B'
779 2183 1017 2229 20pub11um
1041 2183 1084 2226 P,
1109 2194 1184 2228 ppu
1186 2181 1276 2217 hum
1301 2182 1338 2217 Β
1425 2185 1471 2216 28

150 2232 325 2278 imposuit
349 2232 386 2267 P
445 2235 489 2268 29
514 2242 622 2276 quuq.
647 2234 689 2267 ut
712 2232 788 2267 wid.
813 2196 873 2266 BP
928 2233 972 2265 30
996 2194 1133 2264 fmII'ep
1123 2239 1190 2265 om
1214 2229 1252 2263 P
1319 2231 1362 2263 31
1387 2238 1471 2264 con·

150 2278 364 2324 tempnend1
387 2279 424 2313 P
