1526 2444
633 40 683 76 VI
706 43 845 76 10—15
1325 37 1414 79 243

121 150 223 206 quid
261 150 447 205 primum
478 148 648 191 deserta.
679 147 863 204 querar?
901 147 1160 190 comitemne
1191 145 1413 189 sororem?

58 236 103 275 et
141 232 373 275 adtestatio
410 232 472 274 rei
510 231 630 273 uisae
669 230 782 286 apud
821 230 1020 273 rhetoras
1058 228 1215 285 pathos
1255 233 1412 271 mouet.
1430 231 1484 272 13

11 327 14 330 ,
58 292 141 335 hoc
172 291 393 348 Vergilius
425 291 487 333 sic
521 290 743 345 exequitur

117 374 209 429 ipse
241 375 371 429 caput
402 373 517 416 niuei
549 373 707 416 fultum
738 371 953 415 Pallantis
987 375 1030 414 et
1062 386 1138 414 ora

4 452 38 478 ,ο
116 435 164 475 ut
195 433 316 488 uidit,
347 433 517 489 leuique
549 434 701 487 patens
732 431 778 473 in
809 437 987 487 pectore
1019 431 1188 474 uulnus.

9 524 14 528 “
57 517 99 557 et
129 515 237 557 illud
1424 514 1479 555 14

118 598 398 653 impleuitque
431 598 571 640 sinum
606 598 795 653 sanguis,

59 661 102 699 et

118 717 392 771 moriensque
425 730 501 758 suo
535 730 580 758 se
612 716 658 757 in
690 715 898 770 sanguine
932 716 1096 769 uersat,

8 794 43 821 ιο
61 777 104 817 et

118 834 300 876 crudelis
332 834 425 876 nati
459 835 771 875 monstrantem
802 833 983 874 uulnera
1016 831 1166 885 cernit,

60 895 103 934 et

119 966 194 994 ora
224 951 363 993 uirum
395 951 511 993 tristi
543 951 788 1005 pendebant
818 950 981 1005 pallida
1013 950 1129 1004 tabo,

0 1050 1 1063 ἶ
60 1013 104 1052 et

0 1066 42 1121 ’ω
119 1069 311 1111 uoluitur
342 1068 556 1124 Euryalus
584 1101 594 1111 .
620 1103 628 1110 .
655 1069 945 1124 pulchrosque
981 1082 1058 1124 per
1090 1069 1209 1109 artus

18 1138 21 1139 ’
119 1129 156 1170 it
187 1142 322 1183 cruor,

0 1233 3 1242 ζ
61 1188 103 1228 et

121 1245 212 1288 uidi
244 1247 416 1301 egomet
446 1245 529 1288 duo
562 1245 612 1288 de
643 1260 819 1288 numero
852 1260 949 1288 cum
985 1259 1167 1299 corpora
1198 1246 1362 1287 nostro.

1 1323 3 1387 ζ
62 1328 166 1370 facit
196 1328 497 1383 hyperbole,
529 1327 572 1371 id
604 1330 670 1370 est
700 1328 922 1383 nimietas,
941 1327 1138 1395 pathos,
1170 1341 1248 1382 per
1279 1341 1411 1382 quam
1431 1330 1480 1372 15

0 1394 44 1446 tao
62 1387 315 1443 exprimitur
358 1388 422 1429 ira
459 1387 529 1429 uel
567 1386 870 1430 misericordia.
938 1387 1034 1440 ira,
1077 1388 1127 1429 ut
1163 1399 1259 1428 cum
1298 1385 1412 1428 forte

0 1437 32 1456 ²
60 1446 243 1489 dicimus
288 1445 445 1488 milies
489 1446 563 1489 ille
600 1446 739 1502 perire
777 1445 1000 1488 debuerat'
1041 1444 1154 1501 quod
1193 1447 1260 1487 est
1298 1446 1412 1500 apud

4 1519 6 1545 1
59 1503 304 1561 Vergilium

43 1613 46 1615 ‡
120 1602 268 1630 omnes
298 1602 374 1643 per
406 1590 567 1630 mortes
600 1588 789 1630 animam
823 1590 993 1630 sontem
1025 1587 1117 1643 ipse
1150 1587 1375 1642 dedissem,

6 1717 8 1725 s
62 1670 281 1713 miseratio
313 1684 410 1713 cum
441 1670 544 1714 dicit

123 1751 307 1808 Daphni,
337 1755 459 1795 tuum
492 1753 658 1796 Poenos
691 1753 820 1795 etiam
852 1753 1114 1809 ingemuisse
1146 1753 1292 1795 leones

118 1811 356 1854 interitum.

10 1985 12 2017 ξ
156 1984 174 2014 1
202 1982 292 2017 Aen.
318 1980 387 2016 1111
411 1984 479 2017 677
536 1984 558 2016 4
584 1980 632 2016 ib.
659 1980 709 2015 XI
735 1985 780 2017 39
838 1985 857 2016 7
883 1981 932 2017 ib.
960 1982 994 2016 X
1013 1985 1082 2018 819
1138 1986 1159 2018 9
1185 1981 1235 2018 ib.
1262 1982 1313 2016 XI
1339 1985 1408 2017 669

40 2029 104 2063 11
130 2026 180 2064 ib.
207 2028 259 2063 VI
283 2031 353 2064 446
439 2032 482 2064 13
508 2027 557 2064 ib
584 2027 671 2063 VIII
698 2032 764 2064 197
853 2033 896 2064 15
923 2029 1027 2064 VIIII
1052 2033 1119 2065 431
1213 2033 1256 2064 18
1281 2029 1337 2066 ib
1357 2029 1408 2063 III

10 2077 128 2120 1:623
202 2079 246 2111 23
272 2075 321 2112 ib.
347 2075 381 2110 X
405 2079 475 2111 854
547 2078 593 2111 25
619 2075 737 2122 eclog.
760 2076 790 2112 V
817 2079 860 2111 27

60 2235 298 2318 rato153³'duo
322 2246 389 2273 om.
419 2234 467 2271 P'
543 2246 626 2271 cum
651 2236 735 2272 add.
764 2235 989 2283 Cantabrz'yss,
1013 2247 1081 2272 om.
1104 2237 1140 2272 P
1222 2240 1268 2272 24
1293 2236 1407 2272 mese—

120 2293 132 2318 ι

1031 2342 1103 2378 16*
