1526 2444
519 55 554 90 ΙΙ
581 58 718 90 15-17
750 53 803 89 111
829 57 919 89 1—5
1313 53 1396 96 141

390 163 638 218 transisset,
671 165 714 205 et
744 177 812 205 me
843 163 1077 218 linqueret,

391 226 435 265 et
467 223 576 264 mira
606 236 807 277 prorsum
839 236 908 263 res
940 221 1073 276 foret,

390 286 437 324 ut
469 282 523 323 ad
553 295 620 322 me
651 281 797 323 fierem
830 283 1045 336 mortuus,

390 341 442 383 ad
474 340 701 396 puerulum
732 340 866 382 intus*
881 340 1088 382 uiuerem.

14 443 32 470 5
171 422 253 465 Sed
280 423 424 478 miror,
456 437 603 465 omnes
636 437 714 465 uos
747 423 843 466 ioca
874 422 1061 464 tacuisse
1088 421 1320 474 Ciceronis,
1351 421 1474 465 inIII

51 483 205 538 quibus
230 482 576 537 facundissimus,
602 485 650 524 ut
674 482 722 524 in
748 481 961 536 omnibus,
986 481 1070 523 fuit
1090 484 1145 537 et,
1165 482 1201 523 si
1221 481 1402 536 uidetur,

49 546 98 584 ut
130 541 325 583 aedituus
356 555 565 596 responsa
595 541 785 583 numinis
827 541 894 582 sui
931 540 1171 595 praedicat,
1207 540 1271 582 ita
1309 553 1403 596 ego,

51 615 159 656 quae
190 601 399 642 memoria
432 600 717 657 suggesserit,
754 600 893 642 refero
932 599 1070 641 dicta
1103 597 1402 642 Ciceronis?

50 663 142 702 tum
187 659 385 701 omnibus
431 659 484 701 ad
530 659 787 702 audiendum
831 659 986 700 erectis
1029 658 1103 700 ille
1146 658 1207 700 sic
1250 658 1404 712 incipit

15 719 125 764 0M.
164 717 313 761 Cicero
358 733 454 760 cum
498 718 610 773 apud
647 717 963 772 Damasippum
1008 719 1197 771 cenaret,
1242 720 1286 759 et
1326 717 1401 759 ille
1416 718 1443 761 2

0 784 1 789 ’
15 738 255 820 0mediocii
280 778 383 819 uino
410 777 567 832 posito,
597 776 758 818 diceret
787 776 954 818 bibite
984 774 1256 818 Falernum
1289 776 1404 831 hoc,

51 850 300 879 annorum
349 835 697 892 quadraginta
747 838 841 877 est:
891 835 1017 877 bene
1067 835 1211 890 inquit
1262 838 1402 877 aeta-

50 898 149 937 tem
180 894 295 936 fert.

168 953 288 996 Idem
339 967 436 995 cum
486 952 715 995 Lentulum
766 967 973 1009 generum
1022 968 1171 1008 suum,
1225 954 1403 1009 exiguae
1417 955 1444 997 3

0 1031 32 1058 15
51 1015 241 1055 staturae
282 1012 519 1068 hominem,
561 1013 692 1068 longo
737 1013 881 1068 gladio
930 1012 1175 1055 adcinctum
1212 1012 1404 1066 uidisset,

51 1072 164 1128 quis
184 1072 325 1126 inquit
345 1084 583 1126 generum
602 1086 763 1114 meum
784 1071 841 1114 ad
863 1071 1090 1127 gladium
1112 1071 1403 1128 adligauit‘?

167 1129 258 1172 Nec
278 1129 326 1180 Q.
347 1129 543 1173 Ciceroni
566 1131 695 1173 fratri
721 1131 834 1173 circa
860 1131 1046 1173 similem
1072 1130 1402 1173 mordacitatem
1416 1133 1446 1175 4

50 1189 256 1246 pepercit.
303 1203 407 1231 nam
432 1204 529 1231 cum
554 1190 600 1231 in
626 1204 676 1231 ea
699 1189 935 1245 prouincia,
967 1205 1095 1245 quam
1121 1190 1196 1232 ille
1221 1193 1407 1245 rexerat,

51 1249 232 1291 uidisset
248 1248 477 1303 clipeatam
495 1249 729 1305 imaginem
743 1249 834 1291 eius
855 1249 1106 1305 ingentibus
1128 1249 1404 1292 lineamentis

0 1325 33 1351 20
52 1322 186 1362 usque
213 1306 266 1349 ad
290 1309 439 1362 pectus
460 1322 511 1349 ex
535 1322 654 1350 more
677 1309 838 1364 pictam
862 1332 912 1338 —-
936 1310 1030 1350 erat
1050 1310 1194 1350 autem
1215 1308 1404 1358 Quintus

52 1367 143 1422 ipse
178 1369 369 1408 staturae
400 1380 561 1421 paruae
594 1391 649 1396 —
683 1367 745 1409 ait
782 1367 945 1409 frater
983 1381 1121 1409 meus
1161 1367 1405 1410 dimidius

52 1426 216 1468 maior
247 1427 325 1467 est
356 1439 503 1480 quam
534 1427 688 1468 totus.

170 1483 223 1525 In
254 1484 483 1526 consulatu
513 1484 698 1539 Vatinii,
735 1499 862 1539 quem
893 1484 1043 1539 paucis
1077 1484 1226 1527 diebus
1259 1485 1447 1541 gessit,5

53 1543 259 1586 notabilis
292 1542 512 1585 Ciceronis
550 1543 778 1585 urbanitas
814 1543 1207 1586 circumferebatur.
1268 1559 1345 1586 ma
1353 1558 1403 1600 g-

2 1620 37 1647 25
55 1617 171 1644 num
204 1603 462 1644 ostentum
501 1603 645 1657 inquit
682 1617 811 1644 anno
844 1602 1048 1645 Vatinii
1078 1602 1271 1645 factum
1309 1607 1407 1658 est,

55 1661 185 1717 quod
210 1661 303 1703 illo
329 1661 543 1703 consule
569 1675 662 1704 nec
686 1662 864 1703 bruma
889 1677 978 1704 nec
1003 1676 1091 1704 uer
1115 1676 1206 1704 nec
1233 1664 1406 1706 aestas

52 1734 145 1762 nec
177 1722 448 1762 autumnus
485 1720 597 1762 fuit.
661 1720 858 1776 querenti
889 1720 1041 1763 deinde
1068 1720 1261 1777 Vatinio,
1293 1722 1407 1777 quod

55 1781 263 1835 grauatus
291 1781 403 1822 essct
422 1779 596 1822 domum
623 1779 676 1822 ad
697 1794 742 1822 se
761 1780 1028 1822 infirmatum
1046 1780 1207 1833 uenire,
1232 1795 1407 1836 respon-

55 1838 118 1880 dit
147 1838 288 1880 uolui
330 1838 382 1880 in
419 1839 693 1881 consulatu
730 1841 818 1881 tuo
855 1840 1050 1894 uenire,
1089 1840 1173 1881 sed
1203 1854 1302 1882 nox
1333 1855 1406 1882 me

3 1914 38 1941 ⁸0
57 1896 455 1952 comprehendit.
504 1898 652 1940 ulcisci
678 1900 823 1940 autem
848 1912 893 1941 se
920 1898 1068 1942 Cicero
1095 1899 1335 1954 uidebatur,
1360 1902 1409 1941 ut

153 2017 171 2047 1
198 2014 428 2058 relinqueret
451 2013 488 2048 P
610 2018 631 2049 2
656 2014 727 2063 ‚prs
752 2013 789 2048 P
915 2015 1012 2049 foret
1040 2015 1195 2051 Gellius·
1222 2014 1335 2051 fleret
1362 2015 1407 2060 P,

56 2059 158 2095 fier&
181 2060 218 2095 B
290 2063 314 2095 4
338 2061 534 2106 puerulum
555 2071 618 2097 em.
645 2062 748 2106 apud
775 2060 884 2097 Gell..·
911 2073 1065 2106 puerum
1091 2062 1172 2098 BP
1237 2067 1257 2098 6
1284 2063 1407 2098 fecun-

58 2106 224 2188 d12ss'1mus
242 2107 280 2142 P
371 2112 390 2143 7
418 2119 505 2154 ergo
531 2108 568 2143 B
665 2113 708 2144 10
733 2109 882 2144 marcus
902 2110 983 2144 BP
1076 2109 1253 2155 damasyp
1255 2121 1345 2155 pum
1373 2110 1409 2145 B

130 2154 211 2190 ··xl
238 2154 276 2189 P
345 2158 389 2191 15
415 2157 579 2191 staturae
606 2156 813 2192 emendator
838 2157 913 2192 cod.
936 2156 1130 2192 cantabra
1156 2160 1314 2193 naturae
1328 2157 1412 2192 BP

59 2203 267 2237 accmctum
291 2202 329 2238 P
422 2205 466 2238 16
491 2202 669 2248 alhgauit
694 2203 731 2239 P
826 2206 868 2239 17
895 2205 1028 2248 qulnto
1055 2204 1136 2239 BP
1232 2208 1275 2240 19
1301 2205 1410 2239 hma-

59 2248 195 2283 mentss'
216 2250 237 2284 b
352 2253 396 2284 22
422 2250 607 2285 malorum
632 2261 724 2286 corr.
752 2251 794 2287 in
819 2251 937 2287 maior
962 2251 1017 2286 est
1040 2252 1082 2287 in
1106 2252 1144 2287 B
1252 2255 1297 2287 23
1325 2262 1410 2287 con-

61 2294 180 2330 solatu
204 2296 240 2331 B
313 2300 360 2332 28
385 2307 510 2333 ue1are
535 2299 578 2333 ni
602 2298 716 2342 fallor
734 2297 783 2333 P'
859 2302 904 2334 29
932 2298 1122 2335 consolatu
1142 2296 1188 2334 B'
1264 2302 1309 2334 30
1330 2298 1358 2333 1⁶1
1377 2298 1414 2332 P
