<?xml version="1.0" encoding="UTF-8"?>
<!DOCTYPE html PUBLIC "-//W3C//DTD XHTML 1.0 Transitional//EN"
    "http://www.w3.org/TR/xhtml1/DTD/xhtml1-transitional.dtd">
<html xmlns="http://www.w3.org/1999/xhtml" xml:lang="en" lang="en">
 <head>
  <title>
</title>
<meta http-equiv="Content-Type" content="text/html;charset=utf-8" />
  <meta name='ocr-system' content='tesseract 3.04.00' />
  <meta name='ocr-capabilities' content='ocr_page ocr_carea ocr_par ocr_line ocrx_word'/>
</head>
<body>
  <div class='ocr_page' id='page_1' title='image "./macrobiusfrancis00macruoft_0360.png"; bbox 0 0 1526 2444; ppageno 0'>
   <div class='ocr_carea' id='block_1_1' title="bbox 111 44 927 86">
    <p class='ocr_par' dir='ltr' id='par_1_1' title="bbox 111 44 927 86">
     <span class='ocr_line' id='line_1_1' title="bbox 111 44 927 86; baseline -0.009 0"><span class='ocrx_word' id='word_1_1' title='bbox 111 45 195 86; x_wconf 85' lang='lat'>348</span> <span class='ocrx_word' id='word_1_2' title='bbox 619 44 720 81; x_wconf 83' lang='lat' dir='ltr'>SAT.</span> <span class='ocrx_word' id='word_1_3' title='bbox 743 44 871 79; x_wconf 88' lang='lat' dir='ltr'><strong>LIBRI</strong></span> <span class='ocrx_word' id='word_1_4' title='bbox 897 45 927 79; x_wconf 91' lang='lat' dir='ltr'><strong>V</strong></span> 
     </span>
    </p>
   </div>
   <div class='ocr_carea' id='block_1_2' title="bbox 169 148 1314 379">
    <p class='ocr_par' dir='ltr' id='par_1_2' title="bbox 169 148 1314 262">
     <span class='ocr_line' id='line_1_2' title="bbox 169 148 1314 222; baseline -0.001 -31"><span class='ocrx_word' id='word_1_5' title='bbox 169 150 268 191; x_wconf 76' lang='grc' dir='ltr'><em>υἱὸν</em></span> <span class='ocrx_word' id='word_1_6' title='bbox 300 150 581 222; x_wconf 76' lang='grc' dir='ltr'><em>Θερσάνδρου</em></span> <span class='ocrx_word' id='word_1_7' title='bbox 614 151 771 192; x_wconf 82' lang='grc' dir='ltr'><em>κλυτὸν</em></span> <span class='ocrx_word' id='word_1_8' title='bbox 802 149 958 206; x_wconf 78' lang='grc' dir='ltr'><em>ῄνεσεν</em></span> <span class='ocrx_word' id='word_1_9' title='bbox 988 148 1120 205; x_wconf 82' lang='grc' dir='ltr'><em>ἀνέρα</em></span> <span class='ocrx_word' id='word_1_10' title='bbox 1151 151 1314 203; x_wconf 83' lang='grc' dir='ltr'><em>σίγλων</em></span> 
     </span>
     <span class='ocr_line' id='line_1_3' title="bbox 227 207 1011 268; baseline 0 -20"><span class='ocrx_word' id='word_1_11' title='bbox 227 209 441 262; x_wconf 81' lang='grc' dir='ltr'><em>χρυσείων</em></span> <span class='ocrx_word' id='word_1_12' title='bbox 473 207 594 262; x_wconf 74' lang='grc' dir='ltr'><em>ἱερὴν</em></span> <span class='ocrx_word' id='word_1_13' title='bbox 626 208 680 268; x_wconf 81' lang='grc' dir='ltr'>δὴ</span> <span class='ocrx_word' id='word_1_14' title='bbox 712 210 806 250; x_wconf 79' lang='grc' dir='ltr'><em>τότε</em></span> <span class='ocrx_word' id='word_1_15' title='bbox 838 207 1011 262; x_wconf 79' lang='grc' dir='ltr'><em>χιλιάδα</em></span> 
     </span>
    </p>

    <p class='ocr_par' dir='ltr' id='par_1_3' title="bbox 169 261 1213 377">
     <span class='ocr_line' id='line_1_4' title="bbox 169 261 1213 319; baseline 0 -13"><span class='ocrx_word' id='word_1_16' title='bbox 169 265 357 318; x_wconf 82' lang='grc' dir='ltr'><em>ὑμνῆσαι</em></span> <span class='ocrx_word' id='word_1_17' title='bbox 388 263 551 319; x_wconf 79' lang='grc' dir='ltr'><em>ταχέων</em></span> <span class='ocrx_word' id='word_1_18' title='bbox 582 263 617 306; x_wconf 85' lang='grc' dir='ltr'>τ’</span> <span class='ocrx_word' id='word_1_19' title='bbox 637 261 763 307; x_wconf 80' lang='grc' dir='ltr'><em>Ὦπιν</em></span> <span class='ocrx_word' id='word_1_20' title='bbox 795 267 1024 319; x_wconf 87' lang='grc' dir='ltr'><em>βλήτειραν</em></span> <span class='ocrx_word' id='word_1_21' title='bbox 1055 265 1213 307; x_wconf 79' lang='grc' dir='ltr'><em>ὀιστῶν</em></span> 
     </span>
     <span class='ocr_line' id='line_1_5' title="bbox 228 320 1114 379; baseline 0.001 -16"><span class='ocrx_word' id='word_1_22' title='bbox 228 323 253 375; x_wconf 77' lang='grc' dir='ltr'><em>ἥ</em></span> <span class='ocrx_word' id='word_1_23' title='bbox 285 321 319 363; x_wconf 84' lang='grc' dir='ltr'>τ’</span> <span class='ocrx_word' id='word_1_24' title='bbox 352 321 421 363; x_wconf 84' lang='grc' dir='ltr'>ἐπὶ</span> <span class='ocrx_word' id='word_1_25' title='bbox 451 324 671 379; x_wconf 78' lang='grc' dir='ltr'><em>Κεγχρείῳ</em></span> <span class='ocrx_word' id='word_1_26' title='bbox 702 325 844 377; x_wconf 87' lang='grc' dir='ltr'><em>τίμιον</em></span> <span class='ocrx_word' id='word_1_27' title='bbox 876 320 997 364; x_wconf 82' lang='grc' dir='ltr'><em>οἶκον</em></span> <span class='ocrx_word' id='word_1_28' title='bbox 1029 324 1114 377; x_wconf 78' lang='grc' dir='ltr'><em>εχει</em></span> 
     </span>
    </p>
   </div>
   <div class='ocr_carea' id='block_1_3' title="bbox 113 406 1482 538">
    <p class='ocr_par' dir='ltr' id='par_1_4' title="bbox 113 406 1482 538">
     <span class='ocr_line' id='line_1_6' title="bbox 113 406 1482 446; baseline -0.013 -1"><span class='ocrx_word' id='word_1_29' title='bbox 113 406 157 445; x_wconf 74' lang='lat' dir='ltr'>et</span> <span class='ocrx_word' id='word_1_30' title='bbox 186 418 285 444; x_wconf 87' lang='lat' dir='ltr'>mox</span> <span class='ocrx_word' id='word_1_31' title='bbox 1464 420 1482 446; x_wconf 71' lang='lat'><strong>5</strong></span> 
     </span>
     <span class='ocr_line' id='line_1_7' title="bbox 171 481 1196 538; baseline -0.001 -13"><span class='ocrx_word' id='word_1_32' title='bbox 171 481 279 537; x_wconf 76' lang='grc' dir='ltr'><em>μηδὲ</em></span> <span class='ocrx_word' id='word_1_33' title='bbox 308 487 415 537; x_wconf 78' lang='grc' dir='ltr'><em>θεῆς</em></span> <span class='ocrx_word' id='word_1_34' title='bbox 444 485 634 538; x_wconf 84' lang='grc' dir='ltr'><em>προλίπῃ</em></span> <span class='ocrx_word' id='word_1_35' title='bbox 666 484 890 538; x_wconf 76' lang='grc' dir='ltr'><em>Λητωίὸος</em></span> <span class='ocrx_word' id='word_1_36' title='bbox 921 484 1050 524; x_wconf 78' lang='grc' dir='ltr'><em>ἄκλεα</em></span> <span class='ocrx_word' id='word_1_37' title='bbox 1082 484 1196 537; x_wconf 73' lang='grc' dir='ltr'><em>ἔργα.</em></span> 
     </span>
    </p>
   </div>
   <div class='ocr_carea' id='block_1_4' title="bbox 73 563 1433 722">
    <p class='ocr_par' dir='ltr' id='par_1_5' title="bbox 73 563 1433 722">
     <span class='ocr_line' id='line_1_8' title="bbox 73 563 1433 619; baseline -0.001 -14"><span class='ocrx_word' id='word_1_38' title='bbox 73 564 328 619; x_wconf 72' lang='lat' dir='ltr'>6apparust,</span> <span class='ocrx_word' id='word_1_39' title='bbox 364 565 408 605; x_wconf 90' lang='lat' dir='ltr'>ni</span> <span class='ocrx_word' id='word_1_40' title='bbox 444 564 589 618; x_wconf 87' lang='lat' dir='ltr'>fallor,</span> <span class='ocrx_word' id='word_1_41' title='bbox 627 563 738 618; x_wconf 91' lang='lat' dir='ltr'>Opin</span> <span class='ocrx_word' id='word_1_42' title='bbox 774 564 958 606; x_wconf 84' lang='lat' dir='ltr'>Dianam</span> <span class='ocrx_word' id='word_1_43' title='bbox 995 564 1168 618; x_wconf 77' lang='lat' dir='ltr'>dietam,</span> <span class='ocrx_word' id='word_1_44' title='bbox 1205 566 1247 605; x_wconf 73' lang='lat' dir='ltr'>e&#39;n</span> <span class='ocrx_word' id='word_1_45' title='bbox 1284 563 1433 618; x_wconf 88' lang='lat' dir='ltr'>Vergi-</span> 
     </span>
     <span class='ocr_line' id='line_1_9' title="bbox 113 622 1433 664; baseline 0 -1"><span class='ocrx_word' id='word_1_46' title='bbox 113 623 218 663; x_wconf 88' lang='lat' dir='ltr'><strong>lium</strong></span> <span class='ocrx_word' id='word_1_47' title='bbox 255 622 306 663; x_wconf 87' lang='lat' dir='ltr'>de</span> <span class='ocrx_word' id='word_1_48' title='bbox 342 622 476 663; x_wconf 84' lang='lat' dir='ltr'>nimia</span> <span class='ocrx_word' id='word_1_49' title='bbox 512 622 705 664; x_wconf 78' lang='lat' dir='ltr'>doctrina</span> <span class='ocrx_word' id='word_1_50' title='bbox 741 623 821 664; x_wconf 85' lang='lat' dir='ltr'>hoc</span> <span class='ocrx_word' id='word_1_51' title='bbox 850 636 1007 664; x_wconf 89' lang='lat' dir='ltr'>nomen</span> <span class='ocrx_word' id='word_1_52' title='bbox 1038 623 1083 663; x_wconf 89' lang='lat' dir='ltr'>in</span> <span class='ocrx_word' id='word_1_53' title='bbox 1113 622 1202 662; x_wconf 90' lang='lat' dir='ltr'>eius</span> <span class='ocrx_word' id='word_1_54' title='bbox 1235 622 1433 663; x_wconf 76' lang='lat' dir='ltr'>comitem</span> 
     </span>
     <span class='ocr_line' id='line_1_10' title="bbox 114 680 398 722; baseline 0.007 -2"><span class='ocrx_word' id='word_1_55' title='bbox 114 680 398 722; x_wconf 65' lang='lat' dir='ltr'>transssulisse.</span> 
     </span>
    </p>
   </div>
   <div class='ocr_carea' id='block_1_5' title="bbox 75 759 1488 1068">
    <p class='ocr_par' dir='ltr' id='par_1_6' title="bbox 75 759 1488 1068">
     <span class='ocr_line' id='line_1_11' title="bbox 75 759 1488 814; baseline 0.001 -13"><span class='ocrx_word' id='word_1_56' title='bbox 75 764 98 805; x_wconf 81' lang='lat'><strong>7</strong></span> <span class='ocrx_word' id='word_1_57' title='bbox 229 759 460 802; x_wconf 83' lang='lat' dir='ltr'>Excessere</span> <span class='ocrx_word' id='word_1_58' title='bbox 493 774 637 802; x_wconf 90' lang='lat' dir='ltr'>omnes</span> <span class='ocrx_word' id='word_1_59' title='bbox 670 760 806 814; x_wconf 72' lang='lat' dir='ltr'>adytis</span> <span class='ocrx_word' id='word_1_60' title='bbox 839 760 1006 814; x_wconf 82' lang='lat' dir='ltr'>arisque</span> <span class='ocrx_word' id='word_1_61' title='bbox 1037 759 1195 801; x_wconf 70' lang='lat' dir='ltr'>relictis</span> <span class='ocrx_word' id='word_1_62' title='bbox 1452 777 1488 802; x_wconf 83' lang='grc' dir='ltr'>ιο</span> 
     </span>
     <span class='ocr_line' id='line_1_12' title="bbox 174 817 227 858; baseline 0 0"><span class='ocrx_word' id='word_1_63' title='bbox 174 817 227 858; x_wconf 86' lang='lat' dir='ltr'>di.</span> 
     </span>
     <span class='ocr_line' id='line_1_13' title="bbox 115 897 1436 953; baseline -0.002 -14"><span class='ocrx_word' id='word_1_64' title='bbox 115 898 197 939; x_wconf 88' lang='lat' dir='ltr'>hoc</span> <span class='ocrx_word' id='word_1_65' title='bbox 221 898 331 939; x_wconf 87' lang='lat' dir='ltr'>unde</span> <span class='ocrx_word' id='word_1_66' title='bbox 356 897 573 953; x_wconf 82' lang='lat' dir='ltr'>Vergilius</span> <span class='ocrx_word' id='word_1_67' title='bbox 599 898 765 953; x_wconf 69' lang='lat' dir='ltr'>dixerit,</span> <span class='ocrx_word' id='word_1_68' title='bbox 787 898 929 939; x_wconf 89' lang='lat' dir='ltr'>nullus</span> <span class='ocrx_word' id='word_1_69' title='bbox 955 897 1142 951; x_wconf 70' lang='lat' dir='ltr'>inquirilz,</span> <span class='ocrx_word' id='word_1_70' title='bbox 1169 897 1242 938; x_wconf 81' lang='lat' dir='ltr'>sed</span> <span class='ocrx_word' id='word_1_71' title='bbox 1268 899 1436 939; x_wconf 78' lang='lat' dir='ltr'>constat</span> 
     </span>
     <span class='ocr_line' id='line_1_14' title="bbox 114 955 1433 1009; baseline 0 -13"><span class='ocrx_word' id='word_1_72' title='bbox 114 956 237 997; x_wconf 89' lang='lat' dir='ltr'>illum</span> <span class='ocrx_word' id='word_1_73' title='bbox 269 956 319 997; x_wconf 89' lang='lat' dir='ltr'>de</span> <span class='ocrx_word' id='word_1_74' title='bbox 344 955 571 997; x_wconf 82' lang='lat' dir='ltr'><strong>EVRIPIDE</strong></span> <span class='ocrx_word' id='word_1_75' title='bbox 603 956 797 1009; x_wconf 57' lang='lat' dir='ltr'>irarzisse,</span> <span class='ocrx_word' id='word_1_76' title='bbox 828 956 900 1009; x_wconf 86' lang='lat' dir='ltr'>qui</span> <span class='ocrx_word' id='word_1_77' title='bbox 930 955 975 996; x_wconf 91' lang='lat' dir='ltr'>in</span> <span class='ocrx_word' id='word_1_78' title='bbox 1000 955 1144 996; x_wconf 84' lang='lat' dir='ltr'>fabula</span> <span class='ocrx_word' id='word_1_79' title='bbox 1170 955 1433 997; x_wconf 84' lang='lat' dir='ltr'><strong>TROADIBVS</strong></span> 
     </span>
     <span class='ocr_line' id='line_1_15' title="bbox 114 1012 1434 1068; baseline -0.001 -14"><span class='ocrx_word' id='word_1_80' title='bbox 114 1014 276 1054; x_wconf 73' lang='lat' dir='ltr'>inducit</span> <span class='ocrx_word' id='word_1_81' title='bbox 319 1013 563 1068; x_wconf 84' lang='lat' dir='ltr'>Apollinem</span> <span class='ocrx_word' id='word_1_82' title='bbox 613 1027 707 1055; x_wconf 89' lang='lat' dir='ltr'>cum</span> <span class='ocrx_word' id='word_1_83' title='bbox 751 1013 880 1055; x_wconf 85' lang='lat' dir='ltr'>Troia</span> <span class='ocrx_word' id='word_1_84' title='bbox 929 1013 1132 1067; x_wconf 85' lang='lat' dir='ltr'>capienda</span> <span class='ocrx_word' id='word_1_85' title='bbox 1174 1016 1304 1067; x_wconf 75' lang='lat' dir='ltr'>esset,</span> <span class='ocrx_word' id='word_1_86' title='bbox 1351 1012 1434 1054; x_wconf 66' lang='lat' dir='ltr'>ism</span> 
     </span>
    </p>
   </div>
   <div class='ocr_carea' id='block_1_6' title="bbox 116 1071 1490 1181">
    <p class='ocr_par' dir='ltr' id='par_1_7' title="bbox 116 1071 1490 1181">
     <span class='ocr_line' id='line_1_16' title="bbox 116 1071 1490 1113; baseline 0.001 -1"><span class='ocrx_word' id='word_1_87' title='bbox 116 1071 323 1112; x_wconf 78' lang='lat' dir='ltr'>dicentem</span> <span class='ocrx_word' id='word_1_88' title='bbox 1457 1087 1490 1113; x_wconf 69' lang='grc' dir='ltr'>ιε</span> 
     </span>
     <span class='ocr_line' id='line_1_17' title="bbox 394 1126 992 1181; baseline -0.002 -11"><span class='ocrx_word' id='word_1_89' title='bbox 394 1130 525 1170; x_wconf 84' lang='grc' dir='ltr'><em>λείπω</em></span> <span class='ocrx_word' id='word_1_90' title='bbox 557 1129 605 1170; x_wconf 82' lang='grc' dir='ltr'>τὸ</span> <span class='ocrx_word' id='word_1_91' title='bbox 637 1129 810 1170; x_wconf 83' lang='grc' dir='ltr'><em>κλεινὸν</em></span> <span class='ocrx_word' id='word_1_92' title='bbox 832 1126 992 1181; x_wconf 84' lang='grc' dir='ltr'><em>Ἴλιον,</em></span> 
     </span>
    </p>
   </div>
   <div class='ocr_carea' id='block_1_7' title="bbox 77 1207 1491 1436">
    <p class='ocr_par' dir='ltr' id='par_1_8' title="bbox 116 1207 1435 1320">
     <span class='ocr_line' id='line_1_18' title="bbox 116 1207 1435 1263; baseline -0.001 -13"><span class='ocrx_word' id='word_1_93' title='bbox 116 1209 188 1263; x_wconf 89' lang='lat' dir='ltr'>qui</span> <span class='ocrx_word' id='word_1_94' title='bbox 206 1221 352 1250; x_wconf 84' lang='lat' dir='ltr'>uersus</span> <span class='ocrx_word' id='word_1_95' title='bbox 373 1209 538 1263; x_wconf 60' lang='lat' dir='ltr'>docens),</span> <span class='ocrx_word' id='word_1_96' title='bbox 555 1209 666 1250; x_wconf 88' lang='lat' dir='ltr'>unde</span> <span class='ocrx_word' id='word_1_97' title='bbox 679 1208 894 1263; x_wconf 84' lang='lat' dir='ltr'>Vergilius</span> <span class='ocrx_word' id='word_1_98' title='bbox 914 1208 1182 1262; x_wconf 77' lang='lat' dir='ltr'>usurpauerit</span> <span class='ocrx_word' id='word_1_99' title='bbox 1195 1207 1435 1250; x_wconf 82' lang='lat' dir='ltr'>discessisse</span> 
     </span>
     <span class='ocr_line' id='line_1_19' title="bbox 120 1267 766 1320; baseline 0 -13"><span class='ocrx_word' id='word_1_100' title='bbox 120 1267 219 1309; x_wconf 90' lang='lat' dir='ltr'>deos</span> <span class='ocrx_word' id='word_1_101' title='bbox 251 1281 276 1307; x_wconf 84' lang='lat' dir='ltr'>a</span> <span class='ocrx_word' id='word_1_102' title='bbox 307 1267 481 1308; x_wconf 71' lang='lat' dir='ltr'>ciuitate</span> <span class='ocrx_word' id='word_1_103' title='bbox 512 1267 595 1308; x_wconf 89' lang='lat' dir='ltr'>iam</span> <span class='ocrx_word' id='word_1_104' title='bbox 629 1268 766 1320; x_wconf 75' lang='lat' dir='ltr'>capta.</span> 
     </span>
    </p>

    <p class='ocr_par' dir='ltr' id='par_1_9' title="bbox 77 1322 1491 1436">
     <span class='ocr_line' id='line_1_20' title="bbox 77 1322 1437 1371; baseline -0.001 -5"><span class='ocrx_word' id='word_1_105' title='bbox 77 1329 103 1371; x_wconf 88' lang='lat'>8</span> <span class='ocrx_word' id='word_1_106' title='bbox 206 1324 322 1366; x_wconf 76' lang='lat' dir='ltr'>Nec</span> <span class='ocrx_word' id='word_1_107' title='bbox 358 1339 445 1366; x_wconf 91' lang='lat' dir='ltr'>non</span> <span class='ocrx_word' id='word_1_108' title='bbox 482 1325 572 1365; x_wconf 88' lang='lat' dir='ltr'>sine</span> <span class='ocrx_word' id='word_1_109' title='bbox 610 1324 862 1366; x_wconf 70' lang='lat' dir='ltr'>auctoritate</span> <span class='ocrx_word' id='word_1_110' title='bbox 893 1322 1079 1365; x_wconf 84' lang='lat' dir='ltr'>Graecae</span> <span class='ocrx_word' id='word_1_111' title='bbox 1116 1323 1340 1364; x_wconf 73' lang='lat' dir='ltr'>uetustatis</span> <span class='ocrx_word' id='word_1_112' title='bbox 1373 1328 1437 1365; x_wconf 73' lang='lat' dir='ltr'>est</span> 
     </span>
     <span class='ocr_line' id='line_1_21' title="bbox 117 1382 1491 1436; baseline 0 -13"><span class='ocrx_word' id='word_1_113' title='bbox 117 1382 229 1436; x_wconf 88' lang='lat' dir='ltr'>quod</span> <span class='ocrx_word' id='word_1_114' title='bbox 263 1382 325 1423; x_wconf 71' lang='lat' dir='ltr'>aii:</span> <span class='ocrx_word' id='word_1_115' title='bbox 1454 1398 1491 1423; x_wconf 83' lang='lat'>20</span> 
     </span>
    </p>
   </div>
   <div class='ocr_carea' id='block_1_8' title="bbox 173 1462 1311 1517">
    <p class='ocr_par' dir='ltr' id='par_1_10' title="bbox 173 1462 1311 1517">
     <span class='ocr_line' id='line_1_22' title="bbox 173 1462 1311 1517; baseline -0.001 -14"><span class='ocrx_word' id='word_1_116' title='bbox 173 1463 270 1517; x_wconf 85' lang='lat' dir='ltr'>ipsa</span> <span class='ocrx_word' id='word_1_117' title='bbox 299 1462 416 1504; x_wconf 86' lang='lat' dir='ltr'>Iouis</span> <span class='ocrx_word' id='word_1_118' title='bbox 448 1462 644 1516; x_wconf 86' lang='lat' dir='ltr'>rapidum</span> <span class='ocrx_word' id='word_1_119' title='bbox 674 1462 857 1504; x_wconf 72' lang='lat' dir='ltr'>iaculata</span> <span class='ocrx_word' id='word_1_120' title='bbox 888 1476 910 1503; x_wconf 90' lang='lat' dir='ltr'>e</span> <span class='ocrx_word' id='word_1_121' title='bbox 940 1462 1125 1503; x_wconf 88' lang='lat' dir='ltr'>nubibus</span> <span class='ocrx_word' id='word_1_122' title='bbox 1155 1462 1311 1515; x_wconf 88' lang='lat' dir='ltr'>ignem.</span> 
     </span>
    </p>
   </div>
   <div class='ocr_carea' id='block_1_9' title="bbox 117 1543 1492 1770">
    <p class='ocr_par' dir='ltr' id='par_1_11' title="bbox 117 1543 1492 1770">
     <span class='ocr_line' id='line_1_23' title="bbox 117 1543 1437 1597; baseline -0.002 -13"><span class='ocrx_word' id='word_1_123' title='bbox 117 1543 387 1597; x_wconf 83' lang='lat' dir='ltr'>Euripides</span> <span class='ocrx_word' id='word_1_124' title='bbox 435 1543 547 1584; x_wconf 90' lang='lat' dir='ltr'>enim</span> <span class='ocrx_word' id='word_1_125' title='bbox 595 1543 758 1584; x_wconf 71' lang='lat' dir='ltr'>inducit</span> <span class='ocrx_word' id='word_1_126' title='bbox 800 1543 1036 1584; x_wconf 88' lang='lat' dir='ltr'>Mineruam</span> <span class='ocrx_word' id='word_1_127' title='bbox 1086 1545 1237 1584; x_wconf 78' lang='lat' dir='ltr'>uentos</span> <span class='ocrx_word' id='word_1_128' title='bbox 1288 1544 1437 1583; x_wconf 73' lang='lat' dir='ltr'>contra</span> 
     </span>
     <span class='ocr_line' id='line_1_24' title="bbox 118 1599 1436 1654; baseline -0.002 -11"><span class='ocrx_word' id='word_1_129' title='bbox 118 1600 374 1643; x_wconf 80' lang='lat' dir='ltr'>Graecorum</span> <span class='ocrx_word' id='word_1_130' title='bbox 405 1601 586 1642; x_wconf 85' lang='lat' dir='ltr'>classem</span> <span class='ocrx_word' id='word_1_131' title='bbox 617 1616 642 1642; x_wconf 82' lang='lat' dir='ltr'><strong>a</strong></span> <span class='ocrx_word' id='word_1_132' title='bbox 671 1599 871 1654; x_wconf 78' lang='lat' dir='ltr'>Neptuno</span> <span class='ocrx_word' id='word_1_133' title='bbox 902 1602 1115 1654; x_wconf 74' lang='lat' dir='ltr'>petentem</span> <span class='ocrx_word' id='word_1_134' title='bbox 1147 1601 1436 1653; x_wconf 70' lang='lat' dir='ltr'>dicentemque</span> 
     </span>
     <span class='ocr_line' id='line_1_25' title="bbox 119 1657 1436 1713; baseline -0.002 -13"><span class='ocrx_word' id='word_1_135' title='bbox 119 1658 270 1700; x_wconf 88' lang='lat' dir='ltr'>debere</span> <span class='ocrx_word' id='word_1_136' title='bbox 307 1659 428 1700; x_wconf 91' lang='lat' dir='ltr'>illum</span> <span class='ocrx_word' id='word_1_137' title='bbox 463 1659 621 1712; x_wconf 83' lang='lat' dir='ltr'>facere,</span> <span class='ocrx_word' id='word_1_138' title='bbox 659 1659 770 1712; x_wconf 91' lang='lat' dir='ltr'>quod</span> <span class='ocrx_word' id='word_1_139' title='bbox 799 1657 990 1713; x_wconf 80' lang='lat' dir='ltr'>Iuppiter</span> <span class='ocrx_word' id='word_1_140' title='bbox 1019 1658 1184 1711; x_wconf 75' lang='lat' dir='ltr'>feeerit,</span> <span class='ocrx_word' id='word_1_141' title='bbox 1222 1672 1246 1699; x_wconf 87' lang='lat' dir='ltr'>a</span> <span class='ocrx_word' id='word_1_142' title='bbox 1278 1671 1360 1711; x_wconf 90' lang='lat' dir='ltr'>quo</span> <span class='ocrx_word' id='word_1_143' title='bbox 1391 1657 1436 1697; x_wconf 88' lang='lat' dir='ltr'>in</span> 
     </span>
     <span class='ocr_line' id='line_1_26' title="bbox 120 1716 1492 1770; baseline -0.001 -12"><span class='ocrx_word' id='word_1_144' title='bbox 120 1716 303 1758; x_wconf 82' lang='lat' dir='ltr'>Graecos</span> <span class='ocrx_word' id='word_1_145' title='bbox 334 1716 494 1758; x_wconf 88' lang='lat' dir='ltr'>fulmen</span> <span class='ocrx_word' id='word_1_146' title='bbox 525 1717 742 1770; x_wconf 70' lang='lat' dir='ltr'>acceperit.</span> <span class='ocrx_word' id='word_1_147' title='bbox 1455 1731 1492 1756; x_wconf 80' lang='lat'>25</span> 
     </span>
    </p>
   </div>
   <div class='ocr_carea' id='block_1_10' title="bbox 117 1803 394 1807">
    <p class='ocr_par' dir='ltr' id='par_1_12' title="bbox 117 1803 394 1807">
     <span class='ocr_line' id='line_1_27' title="bbox 117 1803 394 1807; baseline 0 0"><span class='ocrx_word' id='word_1_148' title='bbox 117 1803 394 1807; x_wconf 95' lang='lat' dir='ltr'> </span> 
     </span>
    </p>
   </div>
   <div class='ocr_carea' id='block_1_11' title="bbox 211 1852 1170 1889">
    <p class='ocr_par' dir='ltr' id='par_1_13' title="bbox 211 1852 1170 1889">
     <span class='ocr_line' id='line_1_28' title="bbox 211 1852 1170 1889; baseline 0 -3"><span class='ocrx_word' id='word_1_149' title='bbox 211 1856 255 1888; x_wconf 88' lang='lat'>10</span> <span class='ocrx_word' id='word_1_150' title='bbox 279 1853 369 1887; x_wconf 89' lang='lat' dir='ltr'>Aen.</span> <span class='ocrx_word' id='word_1_151' title='bbox 394 1853 428 1887; x_wconf 87' lang='lat' dir='ltr'>H</span> <span class='ocrx_word' id='word_1_152' title='bbox 445 1856 511 1888; x_wconf 85' lang='lat'>351</span> <span class='ocrx_word' id='word_1_153' title='bbox 587 1857 631 1888; x_wconf 88' lang='lat'>14</span> <span class='ocrx_word' id='word_1_154' title='bbox 649 1853 781 1889; x_wconf 84' lang='lat' dir='ltr'>Troad.</span> <span class='ocrx_word' id='word_1_155' title='bbox 802 1856 846 1888; x_wconf 84' lang='lat'>25</span> <span class='ocrx_word' id='word_1_156' title='bbox 918 1857 960 1887; x_wconf 80' lang='lat'>21</span> <span class='ocrx_word' id='word_1_157' title='bbox 981 1852 1070 1888; x_wconf 87' lang='lat' dir='ltr'>Aen.</span> <span class='ocrx_word' id='word_1_158' title='bbox 1091 1853 1106 1887; x_wconf 95' lang='lat' dir='ltr'>I</span> <span class='ocrx_word' id='word_1_159' title='bbox 1127 1856 1170 1886; x_wconf 83' lang='lat'>42</span> 
     </span>
    </p>
   </div>
   <div class='ocr_carea' id='block_1_12' title="bbox 115 1925 394 1930">
    <p class='ocr_par' dir='ltr' id='par_1_14' title="bbox 115 1925 394 1930">
     <span class='ocr_line' id='line_1_29' title="bbox 115 1925 394 1930; baseline 0 0"><span class='ocrx_word' id='word_1_160' title='bbox 115 1925 394 1930; x_wconf 95' lang='lat' dir='ltr'> </span> 
     </span>
    </p>
   </div>
   <div class='ocr_carea' id='block_1_13' title="bbox 213 1977 1437 2022">
    <p class='ocr_par' dir='ltr' id='par_1_15' title="bbox 213 1977 1437 2022">
     <span class='ocr_line' id='line_1_30' title="bbox 213 1977 1437 2022; baseline -0.002 -8"><span class='ocrx_word' id='word_1_161' title='bbox 213 1984 230 2014; x_wconf 86' lang='lat'>1</span> <span class='ocrx_word' id='word_1_162' title='bbox 262 1981 395 2014; x_wconf 86' lang='grc' dir='ltr'><em>κλυτόν</em></span> <span class='ocrx_word' id='word_1_163' title='bbox 427 1980 733 2015; x_wconf 77' lang='lat' dir='ltr'>Schneidewinus:</span> <span class='ocrx_word' id='word_1_164' title='bbox 770 1981 860 2014; x_wconf 83' lang='lat' dir='ltr'>TON</span> <span class='ocrx_word' id='word_1_165' title='bbox 891 1980 928 2014; x_wconf 91' lang='grc' dir='ltr'><strong><em>Ρ</em></strong></span> <span class='ocrx_word' id='word_1_166' title='bbox 1041 1983 1062 2014; x_wconf 92' lang='grc'>2</span> <span class='ocrx_word' id='word_1_167' title='bbox 1088 1979 1187 2022; x_wconf 83' lang='grc' dir='ltr'>ἱερήν</span> <span class='ocrx_word' id='word_1_168' title='bbox 1219 1977 1437 2013; x_wconf 78' lang='lat' dir='ltr'>Meinekius:</span> 
     </span>
    </p>
   </div>
   <div class='ocr_carea' id='block_1_14' title="bbox 118 2024 1438 2162">
    <p class='ocr_par' dir='ltr' id='par_1_16' title="bbox 118 2024 1438 2162">
     <span class='ocr_line' id='line_1_31' title="bbox 118 2024 1438 2067; baseline -0.002 -6"><span class='ocrx_word' id='word_1_169' title='bbox 118 2027 230 2061; x_wconf 89' lang='grc' dir='ltr'>ΕΡΗΝ</span> <span class='ocrx_word' id='word_1_170' title='bbox 257 2026 294 2060; x_wconf 91' lang='grc' dir='ltr'><strong><em>Ρ</em></strong></span> <span class='ocrx_word' id='word_1_171' title='bbox 382 2026 574 2060; x_wconf 75' lang='grc' dir='ltr'>ΧΕΙΛΙΔΛΑ</span> <span class='ocrx_word' id='word_1_172' title='bbox 605 2026 642 2060; x_wconf 89' lang='grc' dir='ltr'><strong><em>Ρ</em></strong></span> <span class='ocrx_word' id='word_1_173' title='bbox 733 2030 753 2060; x_wconf 92' lang='grc'><strong>3</strong></span> <span class='ocrx_word' id='word_1_174' title='bbox 778 2026 971 2060; x_wconf 79' lang='grc' dir='ltr'>ΤΑΧΕΙΟΟΝ</span> <span class='ocrx_word' id='word_1_175' title='bbox 1000 2025 1037 2059; x_wconf 92' lang='grc' dir='ltr'><em>Ρ</em></span> <span class='ocrx_word' id='word_1_176' title='bbox 1127 2027 1161 2059; x_wconf 77' lang='grc' dir='ltr'>τ’</span> <span class='ocrx_word' id='word_1_177' title='bbox 1185 2035 1249 2060; x_wconf 89' lang='lat' dir='ltr'>om.</span> <span class='ocrx_word' id='word_1_178' title='bbox 1279 2025 1322 2067; x_wconf 88' lang='lat' dir='ltr'>P,</span> <span class='ocrx_word' id='word_1_179' title='bbox 1353 2024 1438 2059; x_wconf 77' lang='lat' dir='ltr'>add.</span> 
     </span>
     <span class='ocr_line' id='line_1_32' title="bbox 118 2070 1436 2116; baseline -0.002 -10"><span class='ocrx_word' id='word_1_180' title='bbox 118 2072 318 2106; x_wconf 77' lang='lat' dir='ltr'>Meinelcius</span> <span class='ocrx_word' id='word_1_181' title='bbox 443 2074 466 2105; x_wconf 86' lang='lat'>4</span> <span class='ocrx_word' id='word_1_182' title='bbox 490 2073 524 2106; x_wconf 82' lang='grc' dir='ltr'>τ’</span> <span class='ocrx_word' id='word_1_183' title='bbox 550 2072 772 2107; x_wconf 77' lang='lat' dir='ltr'>Meinelcius:</span> <span class='ocrx_word' id='word_1_184' title='bbox 797 2073 830 2106; x_wconf 97' lang='grc' dir='ltr'>Δ</span> <span class='ocrx_word' id='word_1_185' title='bbox 858 2073 894 2106; x_wconf 91' lang='grc' dir='ltr'><em>Ρ</em></span> <span class='ocrx_word' id='word_1_186' title='bbox 1016 2071 1192 2116; x_wconf 81' lang='grc' dir='ltr'>Κεγχρείῳ</span> <span class='ocrx_word' id='word_1_187' title='bbox 1218 2070 1436 2105; x_wconf 74' lang='lat' dir='ltr'>Meinekius:</span> 
     </span>
     <span class='ocr_line' id='line_1_33' title="bbox 119 2115 1438 2162; baseline -0.002 -9"><span class='ocrx_word' id='word_1_188' title='bbox 119 2119 331 2153; x_wconf 80' lang='grc' dir='ltr'>ΚΕΓΧΡΙΟΟΝ</span> <span class='ocrx_word' id='word_1_189' title='bbox 357 2117 394 2152; x_wconf 90' lang='grc' dir='ltr'><em>Ρ</em></span> <span class='ocrx_word' id='word_1_190' title='bbox 482 2119 607 2153; x_wconf 85' lang='grc' dir='ltr'>ΤΙΜΙ*</span> <span class='ocrx_word' id='word_1_191' title='bbox 631 2119 711 2162; x_wconf 80' lang='lat' dir='ltr'>(uid</span> <span class='ocrx_word' id='word_1_192' title='bbox 734 2118 845 2161; x_wconf 79' lang='lat' dir='ltr'>fuisse</span> <span class='ocrx_word' id='word_1_193' title='bbox 869 2118 921 2162; x_wconf 80' lang='grc' dir='ltr'>ω)</span> <span class='ocrx_word' id='word_1_194' title='bbox 943 2120 948 2161; x_wconf 92' lang='grc' dir='ltr'>Ι</span> <span class='ocrx_word' id='word_1_195' title='bbox 969 2119 1151 2152; x_wconf 92' lang='grc' dir='ltr'>ΟΝΟΚΟΝ</span> <span class='ocrx_word' id='word_1_196' title='bbox 1177 2118 1213 2152; x_wconf 91' lang='grc' dir='ltr'><em>Ρ</em></span> <span class='ocrx_word' id='word_1_197' title='bbox 1307 2120 1327 2151; x_wconf 91' lang='grc'>8</span> <span class='ocrx_word' id='word_1_198' title='bbox 1353 2115 1438 2151; x_wconf 89' lang='lat' dir='ltr'>doc-</span> 
     </span>
    </p>
   </div>
   <div class='ocr_carea' id='block_1_15' title="bbox 116 2173 1443 2279">
    <p class='ocr_par' dir='ltr' id='par_1_17' title="bbox 116 2173 1443 2279">
     <span class='ocr_line' id='line_1_34' title="bbox 116 2173 1436 2223; baseline -0.003 -1"><span class='ocrx_word' id='word_1_199' title='bbox 116 2173 222 2223; x_wconf 57' lang='lat' dir='ltr'>mn}</span> <span class='ocrx_word' id='word_1_200' title='bbox 246 2187 283 2222; x_wconf 85' lang='lat' dir='ltr'><em>P</em></span> <span class='ocrx_word' id='word_1_201' title='bbox 364 2191 407 2221; x_wconf 93' lang='lat'>10</span> <span class='ocrx_word' id='word_1_202' title='bbox 433 2187 546 2222; x_wconf 77' lang='lat' dir='ltr'>adms</span> <span class='ocrx_word' id='word_1_203' title='bbox 565 2186 602 2221; x_wconf 83' lang='lat' dir='ltr'><strong><em>P</em></strong></span> <span class='ocrx_word' id='word_1_204' title='bbox 683 2190 726 2220; x_wconf 83' lang='lat'>16</span> <span class='ocrx_word' id='word_1_205' title='bbox 752 2187 953 2221; x_wconf 85' lang='grc' dir='ltr'>ΛειΠοτω</span> <span class='ocrx_word' id='word_1_206' title='bbox 979 2187 1015 2222; x_wconf 94' lang='grc' dir='ltr'><strong><em>Ρ</em></strong></span> <span class='ocrx_word' id='word_1_207' title='bbox 1101 2191 1144 2221; x_wconf 86' lang='lat'>18</span> <span class='ocrx_word' id='word_1_208' title='bbox 1170 2197 1192 2221; x_wconf 77' lang='lat' dir='ltr'>a</span> <span class='ocrx_word' id='word_1_209' title='bbox 1216 2185 1367 2220; x_wconf 66' lang='lat' dir='ltr'>mutate</span> <span class='ocrx_word' id='word_1_210' title='bbox 1394 2205 1436 2210; x_wconf 90' lang='lat'><em>-</em></span> 
     </span>
     <span class='ocr_line' id='line_1_35' title="bbox 117 2230 1443 2279; baseline -0.003 -11"><span class='ocrx_word' id='word_1_211' title='bbox 117 2237 161 2268; x_wconf 90' lang='grc'>21</span> <span class='ocrx_word' id='word_1_212' title='bbox 187 2237 272 2279; x_wconf 78' lang='lat' dir='ltr'>1gne</span> <span class='ocrx_word' id='word_1_213' title='bbox 297 2234 339 2268; x_wconf 76' lang='lat' dir='ltr'>in</span> <span class='ocrx_word' id='word_1_214' title='bbox 363 2244 435 2269; x_wconf 77' lang='lat' dir='ltr'>ras.</span> <span class='ocrx_word' id='word_1_215' title='bbox 460 2234 502 2268; x_wconf 78' lang='lat' dir='ltr'>in</span> <span class='ocrx_word' id='word_1_216' title='bbox 525 2234 563 2268; x_wconf 90' lang='lat' dir='ltr'><strong><em>P</em></strong></span> <span class='ocrx_word' id='word_1_217' title='bbox 629 2236 672 2267; x_wconf 88' lang='grc'>22</span> <span class='ocrx_word' id='word_1_218' title='bbox 692 2234 820 2268; x_wconf 73' lang='lat' dir='ltr'>eontra</span> <span class='ocrx_word' id='word_1_219' title='bbox 841 2232 1167 2278; x_wconf 73' lang='lat' dir='ltr'>Cantabriyimsis:</span> <span class='ocrx_word' id='word_1_220' title='bbox 1192 2230 1393 2267; x_wconf 74' lang='lat' dir='ltr'>contrarios</span> <span class='ocrx_word' id='word_1_221' title='bbox 1405 2230 1443 2264; x_wconf 91' lang='lat' dir='ltr'><strong><em>P</em></strong></span> 
     </span>
    </p>
   </div>
  </div>
 </body>
</html>
