<?xml version="1.0" encoding="UTF-8"?>
<!DOCTYPE html PUBLIC "-//W3C//DTD XHTML 1.0 Transitional//EN"
    "http://www.w3.org/TR/xhtml1/DTD/xhtml1-transitional.dtd">
<html xmlns="http://www.w3.org/1999/xhtml" xml:lang="en" lang="en">
 <head>
  <title>
</title>
<meta http-equiv="Content-Type" content="text/html;charset=utf-8" />
  <meta name='ocr-system' content='tesseract 3.04.00' />
  <meta name='ocr-capabilities' content='ocr_page ocr_carea ocr_par ocr_line ocrx_word'/>
</head>
<body>
  <div class='ocr_page' id='page_1' title='image "./macrobiusfrancis00macruoft_0298.png"; bbox 0 0 1526 2444; ppageno 0'>
   <div class='ocr_carea' id='block_1_1' title="bbox 129 61 948 106">
    <p class='ocr_par' dir='ltr' id='par_1_1' title="bbox 129 61 948 106">
     <span class='ocr_line' id='line_1_1' title="bbox 129 61 948 106; baseline -0.004 -6"><span class='ocrx_word' id='word_1_1' title='bbox 129 64 214 106; x_wconf 83' lang='lat'>286</span> <span class='ocrx_word' id='word_1_2' title='bbox 643 61 739 98; x_wconf 82' lang='lat' dir='ltr'>SAT.</span> <span class='ocrx_word' id='word_1_3' title='bbox 765 62 892 97; x_wconf 85' lang='lat' dir='ltr'>LIBRI</span> <span class='ocrx_word' id='word_1_4' title='bbox 921 63 948 97; x_wconf 94' lang='lat' dir='ltr'>V</span> 
     </span>
    </p>
   </div>
   <div class='ocr_carea' id='block_1_2' title="bbox 89 168 1506 972">
    <p class='ocr_par' dir='ltr' id='par_1_2' title="bbox 89 168 1506 972">
     <span class='ocr_line' id='line_1_2' title="bbox 89 168 1189 225; baseline -0.005 -12"><span class='ocrx_word' id='word_1_5' title='bbox 89 171 115 213; x_wconf 83' lang='lat'><strong>2</strong></span> <span class='ocrx_word' id='word_1_6' title='bbox 188 170 327 225; x_wconf 83' lang='lat' dir='ltr'>qualis</span> <span class='ocrx_word' id='word_1_7' title='bbox 358 183 458 223; x_wconf 89' lang='lat' dir='ltr'>apes</span> <span class='ocrx_word' id='word_1_8' title='bbox 490 171 653 210; x_wconf 76' lang='lat' dir='ltr'>aestate</span> <span class='ocrx_word' id='word_1_9' title='bbox 682 183 794 210; x_wconf 88' lang='lat' dir='ltr'>noua</span> <span class='ocrx_word' id='word_1_10' title='bbox 824 182 900 222; x_wconf 88' lang='lat' dir='ltr'>per</span> <span class='ocrx_word' id='word_1_11' title='bbox 930 168 1060 210; x_wconf 87' lang='lat' dir='ltr'>florea</span> <span class='ocrx_word' id='word_1_12' title='bbox 1089 181 1189 208; x_wconf 87' lang='lat' dir='ltr'>rura</span> 
     </span>
     <span class='ocr_line' id='line_1_3' title="bbox 188 225 1229 281; baseline -0.003 -12"><span class='ocrx_word' id='word_1_13' title='bbox 188 229 352 269; x_wconf 86' lang='lat' dir='ltr'>exercet</span> <span class='ocrx_word' id='word_1_14' title='bbox 384 227 461 268; x_wconf 89' lang='lat' dir='ltr'>sub</span> <span class='ocrx_word' id='word_1_15' title='bbox 494 227 581 268; x_wconf 89' lang='lat' dir='ltr'>sole</span> <span class='ocrx_word' id='word_1_16' title='bbox 611 227 733 268; x_wconf 87' lang='lat' dir='ltr'>labor</span> <span class='ocrx_word' id='word_1_17' title='bbox 763 241 857 268; x_wconf 90' lang='lat' dir='ltr'>cum</span> <span class='ocrx_word' id='word_1_18' title='bbox 889 226 1028 281; x_wconf 84' lang='lat' dir='ltr'>gentis</span> <span class='ocrx_word' id='word_1_19' title='bbox 1061 225 1229 266; x_wconf 81' lang='lat' dir='ltr'>adultos</span> 
     </span>
     <span class='ocr_line' id='line_1_4' title="bbox 188 283 1138 338; baseline -0.002 -12"><span class='ocrx_word' id='word_1_20' title='bbox 188 285 369 327; x_wconf 90' lang='lat' dir='ltr'>educunt</span> <span class='ocrx_word' id='word_1_21' title='bbox 398 284 511 325; x_wconf 86' lang='lat' dir='ltr'>fetus</span> <span class='ocrx_word' id='word_1_22' title='bbox 543 287 617 325; x_wconf 85' lang='lat' dir='ltr'>aut</span> <span class='ocrx_word' id='word_1_23' title='bbox 648 299 741 325; x_wconf 88' lang='lat' dir='ltr'>cum</span> <span class='ocrx_word' id='word_1_24' title='bbox 772 284 979 338; x_wconf 88' lang='lat' dir='ltr'>liquentia</span> <span class='ocrx_word' id='word_1_25' title='bbox 1010 283 1138 324; x_wconf 85' lang='lat' dir='ltr'>mella</span> 
     </span>
     <span class='ocr_line' id='line_1_5' title="bbox 189 340 1247 396; baseline -0.002 -13"><span class='ocrx_word' id='word_1_26' title='bbox 189 343 353 396; x_wconf 82' lang='lat' dir='ltr'>stipant</span> <span class='ocrx_word' id='word_1_27' title='bbox 383 345 426 383; x_wconf 91' lang='lat' dir='ltr'>et</span> <span class='ocrx_word' id='word_1_28' title='bbox 457 341 597 383; x_wconf 84' lang='lat' dir='ltr'>dulces</span> <span class='ocrx_word' id='word_1_29' title='bbox 629 341 876 383; x_wconf 87' lang='lat' dir='ltr'>distendunt</span> <span class='ocrx_word' id='word_1_30' title='bbox 905 344 1074 383; x_wconf 78' lang='lat' dir='ltr'>nectare</span> <span class='ocrx_word' id='word_1_31' title='bbox 1105 340 1247 393; x_wconf 80' lang='lat' dir='ltr'>cellas,</span> 
     </span>
     <span class='ocr_line' id='line_1_6' title="bbox 189 397 1502 453; baseline -0.003 -12"><span class='ocrx_word' id='word_1_32' title='bbox 189 403 264 441; x_wconf 88' lang='lat' dir='ltr'>aut</span> <span class='ocrx_word' id='word_1_33' title='bbox 295 413 422 441; x_wconf 88' lang='lat' dir='ltr'>onera</span> <span class='ocrx_word' id='word_1_34' title='bbox 453 399 666 453; x_wconf 86' lang='lat' dir='ltr'>accipiunt</span> <span class='ocrx_word' id='word_1_35' title='bbox 695 402 938 440; x_wconf 87' lang='lat' dir='ltr'>uenientum</span> <span class='ocrx_word' id='word_1_36' title='bbox 970 402 1043 440; x_wconf 86' lang='lat' dir='ltr'>aut</span> <span class='ocrx_word' id='word_1_37' title='bbox 1073 398 1240 452; x_wconf 86' lang='lat' dir='ltr'>agmine</span> <span class='ocrx_word' id='word_1_38' title='bbox 1270 397 1385 438; x_wconf 86' lang='lat' dir='ltr'>facto</span> <span class='ocrx_word' id='word_1_39' title='bbox 1485 411 1502 437; x_wconf 84' lang='lat'><strong>5</strong></span> 
     </span>
     <span class='ocr_line' id='line_1_7' title="bbox 188 457 1245 512; baseline -0.002 -14"><span class='ocrx_word' id='word_1_40' title='bbox 188 458 392 512; x_wconf 87' lang='lat' dir='ltr'>ignauum</span> <span class='ocrx_word' id='word_1_41' title='bbox 423 457 543 498; x_wconf 87' lang='lat' dir='ltr'>fucos</span> <span class='ocrx_word' id='word_1_42' title='bbox 574 471 702 511; x_wconf 91' lang='lat' dir='ltr'>pecus</span> <span class='ocrx_word' id='word_1_43' title='bbox 733 471 758 498; x_wconf 89' lang='lat' dir='ltr'>a</span> <span class='ocrx_word' id='word_1_44' title='bbox 788 457 1060 510; x_wconf 84' lang='lat' dir='ltr'>praesepibus</span> <span class='ocrx_word' id='word_1_45' title='bbox 1091 458 1245 497; x_wconf 87' lang='lat' dir='ltr'>arcent.</span> 
     </span>
     <span class='ocr_line' id='line_1_8' title="bbox 191 513 1379 568; baseline -0.003 -12"><span class='ocrx_word' id='word_1_46' title='bbox 191 515 328 557; x_wconf 90' lang='lat' dir='ltr'>feruet</span> <span class='ocrx_word' id='word_1_47' title='bbox 359 529 464 568; x_wconf 87' lang='lat' dir='ltr'>opus</span> <span class='ocrx_word' id='word_1_48' title='bbox 494 515 768 568; x_wconf 71' lang='lat' dir='ltr'>redolentque</span> <span class='ocrx_word' id='word_1_49' title='bbox 798 514 945 567; x_wconf 85' lang='lat' dir='ltr'>thymo</span> <span class='ocrx_word' id='word_1_50' title='bbox 977 514 1210 567; x_wconf 84' lang='lat' dir='ltr'>fragrantia</span> <span class='ocrx_word' id='word_1_51' title='bbox 1241 513 1379 554; x_wconf 89' lang='lat' dir='ltr'>mella.</span> 
     </span>
     <span class='ocr_line' id='line_1_9' title="bbox 92 569 1066 626; baseline -0.002 -12"><span class='ocrx_word' id='word_1_52' title='bbox 92 580 118 621; x_wconf 85' lang='lat'><strong>3</strong></span> <span class='ocrx_word' id='word_1_53' title='bbox 189 573 290 626; x_wconf 82' lang='grc' dir='ltr'><em>ἠύτε</em></span> <span class='ocrx_word' id='word_1_54' title='bbox 323 574 455 614; x_wconf 81' lang='grc' dir='ltr'><em>ἔθνεα</em></span> <span class='ocrx_word' id='word_1_55' title='bbox 485 569 568 614; x_wconf 80' lang='grc' dir='ltr'><em>εἶσι</em></span> <span class='ocrx_word' id='word_1_56' title='bbox 599 572 843 626; x_wconf 80' lang='grc' dir='ltr'><em>μελισσάων</em></span> <span class='ocrx_word' id='word_1_57' title='bbox 874 571 1066 612; x_wconf 77' lang='grc' dir='ltr'><em>ἁδινάων</em></span> 
     </span>
     <span class='ocr_line' id='line_1_10' title="bbox 190 628 1243 685; baseline -0.003 -13"><span class='ocrx_word' id='word_1_58' title='bbox 190 630 346 684; x_wconf 78' lang='grc' dir='ltr'><em>πέτρης</em></span> <span class='ocrx_word' id='word_1_59' title='bbox 376 629 423 672; x_wconf 81' lang='grc' dir='ltr'>ἐκ</span> <span class='ocrx_word' id='word_1_60' title='bbox 453 633 677 685; x_wconf 76' lang='grc' dir='ltr'><em>γλαφυρῆς</em></span> <span class='ocrx_word' id='word_1_61' title='bbox 707 628 789 671; x_wconf 83' lang='grc' dir='ltr'><em>αἰεὶ</em></span> <span class='ocrx_word' id='word_1_62' title='bbox 821 628 922 671; x_wconf 81' lang='grc' dir='ltr'><em>νέον</em></span> <span class='ocrx_word' id='word_1_63' title='bbox 954 628 1243 684; x_wconf 78' lang='grc' dir='ltr'><em>ἐρχομενάων·</em></span> 
     </span>
     <span class='ocr_line' id='line_1_11' title="bbox 191 683 1506 743; baseline -0.002 -14"><span class='ocrx_word' id='word_1_64' title='bbox 191 689 407 743; x_wconf 87' lang='grc' dir='ltr'><em>βοτρυδὸν</em></span> <span class='ocrx_word' id='word_1_65' title='bbox 438 685 487 729; x_wconf 78' lang='grc' dir='ltr'>δὲ</span> <span class='ocrx_word' id='word_1_66' title='bbox 516 686 716 730; x_wconf 83' lang='grc' dir='ltr'><em>πέτονται</em></span> <span class='ocrx_word' id='word_1_67' title='bbox 746 683 810 729; x_wconf 84' lang='grc' dir='ltr'>ἐπ’</span> <span class='ocrx_word' id='word_1_68' title='bbox 846 688 1029 728; x_wconf 80' lang='grc' dir='ltr'><em>ἄνθεσιν</em></span> <span class='ocrx_word' id='word_1_69' title='bbox 1060 688 1331 740; x_wconf 76' lang='grc' dir='ltr'><em>εἰαρινοῖσιν,</em></span> <span class='ocrx_word' id='word_1_70' title='bbox 1473 700 1506 726; x_wconf 83' lang='grc' dir='ltr'>ιο</span> 
     </span>
     <span class='ocr_line' id='line_1_12' title="bbox 191 743 1376 800; baseline -0.003 -13"><span class='ocrx_word' id='word_1_71' title='bbox 191 746 240 787; x_wconf 72' lang='grc' dir='ltr'>αἱ</span> <span class='ocrx_word' id='word_1_72' title='bbox 267 745 346 800; x_wconf 83' lang='grc' dir='ltr'><em>μέν</em></span> <span class='ocrx_word' id='word_1_73' title='bbox 377 743 413 787; x_wconf 86' lang='grc' dir='ltr'>τ’</span> <span class='ocrx_word' id='word_1_74' title='bbox 450 747 559 786; x_wconf 74' lang='grc' dir='ltr'><em>ἔνθα</em></span> <span class='ocrx_word' id='word_1_75' title='bbox 591 747 685 794; x_wconf 79' lang='grc' dir='ltr'><em>ἅλις</em></span> <span class='ocrx_word' id='word_1_76' title='bbox 714 747 991 799; x_wconf 81' lang='grc' dir='ltr'><em>πεποτήαται,</em></span> <span class='ocrx_word' id='word_1_77' title='bbox 1022 745 1070 785; x_wconf 68' lang='grc' dir='ltr'>αι’</span> <span class='ocrx_word' id='word_1_78' title='bbox 1099 743 1149 785; x_wconf 86' lang='grc' dir='ltr'>δέ</span> <span class='ocrx_word' id='word_1_79' title='bbox 1175 759 1219 785; x_wconf 86' lang='grc' dir='ltr'>τε</span> <span class='ocrx_word' id='word_1_80' title='bbox 1251 745 1376 784; x_wconf 82' lang='grc' dir='ltr'><em>ἔνθα·</em></span> 
     </span>
     <span class='ocr_line' id='line_1_13' title="bbox 192 801 1297 852; baseline -0.003 -7"><span class='ocrx_word' id='word_1_81' title='bbox 192 804 249 852; x_wconf 81' lang='grc' dir='ltr'>ὡς</span> <span class='ocrx_word' id='word_1_82' title='bbox 279 810 365 845; x_wconf 81' lang='grc' dir='ltr'><em>τῶν</em></span> <span class='ocrx_word' id='word_1_83' title='bbox 396 805 529 845; x_wconf 83' lang='grc' dir='ltr'><em>ἔθνεα</em></span> <span class='ocrx_word' id='word_1_84' title='bbox 559 803 697 845; x_wconf 82' lang='grc' dir='ltr'><em>πολλὰ</em></span> <span class='ocrx_word' id='word_1_85' title='bbox 729 810 840 844; x_wconf 83' lang='grc' dir='ltr'><em>νεῶν</em></span> <span class='ocrx_word' id='word_1_86' title='bbox 872 803 956 844; x_wconf 75' lang='grc' dir='ltr'>ἄπο</span> <span class='ocrx_word' id='word_1_87' title='bbox 986 801 1058 844; x_wconf 82' lang='grc' dir='ltr'>καὶ</span> <span class='ocrx_word' id='word_1_88' title='bbox 1088 802 1297 844; x_wconf 80' lang='grc' dir='ltr'><em>κλισιάων</em></span> 
     </span>
     <span class='ocr_line' id='line_1_14' title="bbox 192 860 1138 915; baseline -0.002 -12"><span class='ocrx_word' id='word_1_89' title='bbox 192 861 340 915; x_wconf 83' lang='grc' dir='ltr'><em>ἠιόνος</em></span> <span class='ocrx_word' id='word_1_90' title='bbox 368 862 640 914; x_wconf 86' lang='grc' dir='ltr'><em>προπάροιθε</em></span> <span class='ocrx_word' id='word_1_91' title='bbox 671 863 852 914; x_wconf 78' lang='grc' dir='ltr'><em>βαθείης</em></span> <span class='ocrx_word' id='word_1_92' title='bbox 883 860 1138 914; x_wconf 82' lang='grc' dir='ltr'><em>ἐστιχόωντο</em></span> 
     </span>
     <span class='ocr_line' id='line_1_15' title="bbox 194 916 1389 972; baseline -0.003 -12"><span class='ocrx_word' id='word_1_93' title='bbox 194 919 346 960; x_wconf 81' lang='grc' dir='ltr'><em>ἰλαδὸν</em></span> <span class='ocrx_word' id='word_1_94' title='bbox 377 920 438 967; x_wconf 77' lang='grc' dir='ltr'>εἰς</span> <span class='ocrx_word' id='word_1_95' title='bbox 468 918 648 972; x_wconf 73' lang='grc' dir='ltr'><em>ἀγορήν·</em></span> <span class='ocrx_word' id='word_1_96' title='bbox 681 919 785 972; x_wconf 80' lang='grc' dir='ltr'><em>μετὰ</em></span> <span class='ocrx_word' id='word_1_97' title='bbox 816 917 867 959; x_wconf 86' lang='grc' dir='ltr'>δέ</span> <span class='ocrx_word' id='word_1_98' title='bbox 894 929 1047 971; x_wconf 82' lang='grc' dir='ltr'><em>σφισιν</em></span> <span class='ocrx_word' id='word_1_99' title='bbox 1068 916 1202 959; x_wconf 87' lang='grc' dir='ltr'><em>Ὄσσα</em></span> <span class='ocrx_word' id='word_1_100' title='bbox 1233 917 1389 969; x_wconf 79' lang='grc' dir='ltr'><em>δεδήει.</em></span> 
     </span>
    </p>
   </div>
   <div class='ocr_carea' id='block_1_3' title="bbox 95 996 1508 1225">
    <p class='ocr_par' dir='ltr' id='par_1_3' title="bbox 95 996 1508 1111">
     <span class='ocr_line' id='line_1_16' title="bbox 95 996 1508 1053; baseline -0.001 -13"><span class='ocrx_word' id='word_1_101' title='bbox 95 999 254 1046; x_wconf 89' lang='lat' dir='ltr'>4uides</span> <span class='ocrx_word' id='word_1_102' title='bbox 286 999 517 1053; x_wconf 86' lang='lat' dir='ltr'>descriptas</span> <span class='ocrx_word' id='word_1_103' title='bbox 550 1013 649 1053; x_wconf 87' lang='lat' dir='ltr'>apes</span> <span class='ocrx_word' id='word_1_104' title='bbox 681 1014 706 1041; x_wconf 92' lang='lat' dir='ltr'>a</span> <span class='ocrx_word' id='word_1_105' title='bbox 739 998 929 1053; x_wconf 85' lang='lat' dir='ltr'>Vergilio</span> <span class='ocrx_word' id='word_1_106' title='bbox 962 998 1150 1052; x_wconf 88' lang='lat' dir='ltr'>opifices,</span> <span class='ocrx_word' id='word_1_107' title='bbox 1182 999 1235 1039; x_wconf 88' lang='lat' dir='ltr'>ab</span> <span class='ocrx_word' id='word_1_108' title='bbox 1267 996 1454 1038; x_wconf 87' lang='lat' dir='ltr'>Homero</span> <span class='ocrx_word' id='word_1_109' title='bbox 1474 1011 1508 1038; x_wconf 84' lang='lat'>1⁵</span> 
     </span>
     <span class='ocr_line' id='line_1_17' title="bbox 134 1055 1456 1111; baseline -0.003 -13"><span class='ocrx_word' id='word_1_110' title='bbox 134 1070 285 1111; x_wconf 86' lang='lat' dir='ltr'>uagas:</span> <span class='ocrx_word' id='word_1_111' title='bbox 322 1057 430 1098; x_wconf 88' lang='lat' dir='ltr'>alter</span> <span class='ocrx_word' id='word_1_112' title='bbox 466 1057 698 1098; x_wconf 85' lang='lat' dir='ltr'>discursum</span> <span class='ocrx_word' id='word_1_113' title='bbox 735 1060 777 1098; x_wconf 84' lang='lat' dir='ltr'>et</span> <span class='ocrx_word' id='word_1_114' title='bbox 814 1057 948 1099; x_wconf 89' lang='lat' dir='ltr'>solam</span> <span class='ocrx_word' id='word_1_115' title='bbox 986 1056 1153 1098; x_wconf 89' lang='lat' dir='ltr'>uolatus</span> <span class='ocrx_word' id='word_1_116' title='bbox 1192 1055 1456 1103; x_wconf 85' lang='lat' dir='ltr'>uarietatem,</span> 
     </span>
    </p>

    <p class='ocr_par' dir='ltr' id='par_1_4' title="bbox 96 1113 1455 1225">
     <span class='ocr_line' id='line_1_18' title="bbox 96 1113 1455 1169; baseline -0.004 -12"><span class='ocrx_word' id='word_1_117' title='bbox 96 1115 244 1163; x_wconf 71' lang='lat' dir='ltr'>balter</span> <span class='ocrx_word' id='word_1_118' title='bbox 281 1115 478 1169; x_wconf 83' lang='lat' dir='ltr'>exprimit</span> <span class='ocrx_word' id='word_1_119' title='bbox 514 1115 683 1156; x_wconf 84' lang='lat' dir='ltr'>natiuae</span> <span class='ocrx_word' id='word_1_120' title='bbox 721 1115 827 1156; x_wconf 83' lang='lat' dir='ltr'>artis</span> <span class='ocrx_word' id='word_1_121' title='bbox 859 1115 1055 1156; x_wconf 89' lang='lat' dir='ltr'>officium.</span> <span class='ocrx_word' id='word_1_122' title='bbox 1115 1114 1162 1154; x_wconf 88' lang='lat' dir='ltr'>in</span> <span class='ocrx_word' id='word_1_123' title='bbox 1190 1113 1259 1154; x_wconf 85' lang='lat' dir='ltr'>his</span> <span class='ocrx_word' id='word_1_124' title='bbox 1291 1125 1455 1166; x_wconf 90' lang='lat' dir='ltr'>quoque</span> 
     </span>
     <span class='ocr_line' id='line_1_19' title="bbox 137 1171 1180 1225; baseline -0.002 -11"><span class='ocrx_word' id='word_1_125' title='bbox 137 1172 330 1215; x_wconf 88' lang='lat' dir='ltr'>uersibus</span> <span class='ocrx_word' id='word_1_126' title='bbox 361 1171 480 1214; x_wconf 91' lang='lat' dir='ltr'>Maro</span> <span class='ocrx_word' id='word_1_127' title='bbox 513 1173 655 1214; x_wconf 85' lang='lat' dir='ltr'>extitit</span> <span class='ocrx_word' id='word_1_128' title='bbox 684 1172 941 1225; x_wconf 86' lang='lat' dir='ltr'>locupletior</span> <span class='ocrx_word' id='word_1_129' title='bbox 970 1172 1180 1225; x_wconf 82' lang='lat' dir='ltr'>interpres</span> 
     </span>
    </p>
   </div>
   <div class='ocr_carea' id='block_1_4' title="bbox 196 1251 1511 1584">
    <p class='ocr_par' dir='ltr' id='par_1_5' title="bbox 196 1251 1406 1308">
     <span class='ocr_line' id='line_1_20' title="bbox 196 1251 1406 1308; baseline -0.002 -14"><span class='ocrx_word' id='word_1_130' title='bbox 196 1268 221 1295; x_wconf 93' lang='lat' dir='ltr'>o</span> <span class='ocrx_word' id='word_1_131' title='bbox 254 1253 369 1307; x_wconf 87' lang='lat' dir='ltr'>socii,</span> <span class='ocrx_word' id='word_1_132' title='bbox 398 1267 534 1307; x_wconf 84' lang='lat' dir='ltr'>neque</span> <span class='ocrx_word' id='word_1_133' title='bbox 566 1254 680 1295; x_wconf 91' lang='lat' dir='ltr'>enim</span> <span class='ocrx_word' id='word_1_134' title='bbox 710 1253 850 1308; x_wconf 89' lang='lat' dir='ltr'>ignari</span> <span class='ocrx_word' id='word_1_135' title='bbox 882 1267 1025 1294; x_wconf 86' lang='lat' dir='ltr'>sumus</span> <span class='ocrx_word' id='word_1_136' title='bbox 1057 1254 1153 1293; x_wconf 89' lang='lat' dir='ltr'>ante</span> <span class='ocrx_word' id='word_1_137' title='bbox 1185 1251 1406 1303; x_wconf 88' lang='lat' dir='ltr'>malorum,</span> 
     </span>
    </p>

    <p class='ocr_par' dir='ltr' id='par_1_6' title="bbox 197 1309 1511 1481">
     <span class='ocr_line' id='line_1_21' title="bbox 197 1309 1511 1365; baseline -0.004 -12"><span class='ocrx_word' id='word_1_138' title='bbox 197 1325 221 1353; x_wconf 95' lang='lat'>0</span> <span class='ocrx_word' id='word_1_139' title='bbox 251 1312 368 1365; x_wconf 89' lang='lat' dir='ltr'>passi</span> <span class='ocrx_word' id='word_1_140' title='bbox 399 1312 609 1365; x_wconf 84' lang='lat' dir='ltr'>grauiora,</span> <span class='ocrx_word' id='word_1_141' title='bbox 641 1311 758 1352; x_wconf 90' lang='lat' dir='ltr'>dabit</span> <span class='ocrx_word' id='word_1_142' title='bbox 789 1311 890 1352; x_wconf 86' lang='lat' dir='ltr'>deus</span> <span class='ocrx_word' id='word_1_143' title='bbox 920 1310 987 1351; x_wconf 88' lang='lat' dir='ltr'>his</span> <span class='ocrx_word' id='word_1_144' title='bbox 1019 1323 1185 1364; x_wconf 90' lang='lat' dir='ltr'>quoque</span> <span class='ocrx_word' id='word_1_145' title='bbox 1215 1309 1381 1350; x_wconf 53' lang='lat' dir='ltr'>finems</span> <span class='ocrx_word' id='word_1_146' title='bbox 1477 1322 1511 1348; x_wconf 83' lang='lat'>20</span> 
     </span>
     <span class='ocr_line' id='line_1_22' title="bbox 197 1367 1323 1422; baseline -0.003 -12"><span class='ocrx_word' id='word_1_147' title='bbox 197 1383 272 1410; x_wconf 91' lang='lat' dir='ltr'>uos</span> <span class='ocrx_word' id='word_1_148' title='bbox 304 1373 347 1410; x_wconf 85' lang='lat' dir='ltr'>et</span> <span class='ocrx_word' id='word_1_149' title='bbox 379 1367 616 1422; x_wconf 84' lang='lat' dir='ltr'>Scyllaeam</span> <span class='ocrx_word' id='word_1_150' title='bbox 648 1369 808 1410; x_wconf 86' lang='lat' dir='ltr'>rabiem</span> <span class='ocrx_word' id='word_1_151' title='bbox 839 1370 1091 1422; x_wconf 84' lang='lat' dir='ltr'>penitusque</span> <span class='ocrx_word' id='word_1_152' title='bbox 1123 1369 1323 1409; x_wconf 87' lang='lat' dir='ltr'>sonantes</span> 
     </span>
     <span class='ocr_line' id='line_1_23' title="bbox 198 1425 1181 1481; baseline -0.002 -13"><span class='ocrx_word' id='word_1_153' title='bbox 198 1427 373 1468; x_wconf 86' lang='lat' dir='ltr'>accestis</span> <span class='ocrx_word' id='word_1_154' title='bbox 407 1428 616 1481; x_wconf 88' lang='lat' dir='ltr'>scopulos,</span> <span class='ocrx_word' id='word_1_155' title='bbox 649 1441 724 1469; x_wconf 91' lang='lat' dir='ltr'>uos</span> <span class='ocrx_word' id='word_1_156' title='bbox 757 1429 800 1468; x_wconf 84' lang='lat' dir='ltr'>et</span> <span class='ocrx_word' id='word_1_157' title='bbox 831 1425 1044 1481; x_wconf 83' lang='lat' dir='ltr'>Cyclopea</span> <span class='ocrx_word' id='word_1_158' title='bbox 1079 1439 1181 1467; x_wconf 85' lang='lat' dir='ltr'>saxa</span> 
     </span>
    </p>

    <p class='ocr_par' dir='ltr' id='par_1_7' title="bbox 197 1483 1370 1584">
     <span class='ocr_line' id='line_1_24' title="bbox 198 1483 1348 1538; baseline -0.003 -13"><span class='ocrx_word' id='word_1_159' title='bbox 198 1485 377 1538; x_wconf 87' lang='lat' dir='ltr'>experti:</span> <span class='ocrx_word' id='word_1_160' title='bbox 409 1487 605 1526; x_wconf 87' lang='lat' dir='ltr'>reuocate</span> <span class='ocrx_word' id='word_1_161' title='bbox 637 1485 802 1526; x_wconf 90' lang='lat' dir='ltr'>animos</span> <span class='ocrx_word' id='word_1_162' title='bbox 833 1486 1124 1538; x_wconf 87' lang='lat' dir='ltr'>maestumque</span> <span class='ocrx_word' id='word_1_163' title='bbox 1153 1483 1348 1523; x_wconf 90' lang='lat' dir='ltr'>timorem</span> 
     </span>
     <span class='ocr_line' id='line_1_25' title="bbox 197 1539 1370 1584; baseline -0.003 -1"><span class='ocrx_word' id='word_1_164' title='bbox 197 1542 375 1584; x_wconf 76' lang='lat' dir='ltr'>mittite:</span> <span class='ocrx_word' id='word_1_165' title='bbox 406 1542 551 1583; x_wconf 86' lang='lat' dir='ltr'>forsan</span> <span class='ocrx_word' id='word_1_166' title='bbox 585 1547 626 1583; x_wconf 87' lang='lat' dir='ltr'>et</span> <span class='ocrx_word' id='word_1_167' title='bbox 655 1543 759 1584; x_wconf 90' lang='lat' dir='ltr'>haec</span> <span class='ocrx_word' id='word_1_168' title='bbox 792 1542 892 1584; x_wconf 90' lang='lat' dir='ltr'>olim</span> <span class='ocrx_word' id='word_1_169' title='bbox 924 1542 1164 1583; x_wconf 88' lang='lat' dir='ltr'>meminisse</span> <span class='ocrx_word' id='word_1_170' title='bbox 1194 1539 1370 1581; x_wconf 83' lang='lat' dir='ltr'>iuuabit.</span> 
     </span>
    </p>
   </div>
   <div class='ocr_carea' id='block_1_5' title="bbox 235 1700 1226 1737">
    <p class='ocr_par' dir='ltr' id='par_1_8' title="bbox 235 1700 1226 1737">
     <span class='ocr_line' id='line_1_26' title="bbox 235 1700 1226 1737; baseline -0.003 -1"><span class='ocrx_word' id='word_1_171' title='bbox 235 1705 253 1736; x_wconf 81' lang='lat'>1</span> <span class='ocrx_word' id='word_1_172' title='bbox 285 1702 374 1736; x_wconf 85' lang='lat' dir='ltr'>Aen.</span> <span class='ocrx_word' id='word_1_173' title='bbox 406 1701 423 1735; x_wconf 92' lang='lat' dir='ltr'>I</span> <span class='ocrx_word' id='word_1_174' title='bbox 453 1706 522 1737; x_wconf 85' lang='lat'>430</span> <span class='ocrx_word' id='word_1_175' title='bbox 617 1706 637 1737; x_wconf 90' lang='grc'>8</span> <span class='ocrx_word' id='word_1_176' title='bbox 668 1702 708 1737; x_wconf 93' lang='grc'>11.</span> <span class='ocrx_word' id='word_1_177' title='bbox 742 1703 767 1736; x_wconf 94' lang='grc' dir='ltr'>Β</span> <span class='ocrx_word' id='word_1_178' title='bbox 792 1705 836 1736; x_wconf 85' lang='grc'>87</span> <span class='ocrx_word' id='word_1_179' title='bbox 934 1705 976 1736; x_wconf 87' lang='grc'>19</span> <span class='ocrx_word' id='word_1_180' title='bbox 1003 1700 1091 1734; x_wconf 85' lang='lat' dir='ltr'>Aen.</span> <span class='ocrx_word' id='word_1_181' title='bbox 1119 1700 1134 1733; x_wconf 94' lang='lat' dir='ltr'>I</span> <span class='ocrx_word' id='word_1_182' title='bbox 1160 1702 1226 1734; x_wconf 88' lang='lat'>198</span> 
     </span>
    </p>
   </div>
   <div class='ocr_carea' id='block_1_6' title="bbox 241 1791 416 1796">
    <p class='ocr_par' dir='ltr' id='par_1_9' title="bbox 241 1791 416 1796">
     <span class='ocr_line' id='line_1_27' title="bbox 241 1791 416 1796; baseline 0 0"><span class='ocrx_word' id='word_1_183' title='bbox 241 1791 416 1796; x_wconf 95' lang='lat' dir='ltr'> </span> 
     </span>
    </p>
   </div>
   <div class='ocr_carea' id='block_1_7' title="bbox 141 1847 1464 1978">
    <p class='ocr_par' dir='ltr' id='par_1_10' title="bbox 141 1847 1464 1978">
     <span class='ocr_line' id='line_1_28' title="bbox 234 1847 1464 1900; baseline -0.008 -8"><span class='ocrx_word' id='word_1_184' title='bbox 234 1861 254 1892; x_wconf 87' lang='grc'><strong><em>3</em></strong></span> <span class='ocrx_word' id='word_1_185' title='bbox 285 1856 492 1900; x_wconf 66' lang='lat' dir='ltr'>hnquanna</span> <span class='ocrx_word' id='word_1_186' title='bbox 525 1852 571 1888; x_wconf 87' lang='lat' dir='ltr'>P&#39;</span> <span class='ocrx_word' id='word_1_187' title='bbox 693 1855 710 1886; x_wconf 86' lang='grc'><strong>7</strong></span> <span class='ocrx_word' id='word_1_188' title='bbox 743 1852 937 1895; x_wconf 80' lang='lat' dir='ltr'>flagrantia</span> <span class='ocrx_word' id='word_1_189' title='bbox 967 1852 1003 1886; x_wconf 90' lang='lat' dir='ltr'><em>P</em></span> <span class='ocrx_word' id='word_1_190' title='bbox 1117 1854 1136 1884; x_wconf 80' lang='lat'>8</span> <span class='ocrx_word' id='word_1_191' title='bbox 1168 1849 1396 1884; x_wconf 75' lang='grc' dir='ltr'>ΕΘΕΝΕΔΕΕΙ</span> <span class='ocrx_word' id='word_1_192' title='bbox 1427 1847 1464 1882; x_wconf 89' lang='grc' dir='ltr'><strong><em>Ρ</em></strong></span> 
     </span>
     <span class='ocr_line' id='line_1_29' title="bbox 141 1899 1460 1978; baseline -0.008 -5"><span class='ocrx_word' id='word_1_193' title='bbox 141 1938 373 1973; x_wconf 69' lang='grc' dir='ltr'>ΛΔΙΔΝΔΕΟΝ</span> <span class='ocrx_word' id='word_1_194' title='bbox 400 1936 448 1970; x_wconf 87' lang='grc' dir='ltr'>Ρ’</span> <span class='ocrx_word' id='word_1_195' title='bbox 545 1939 565 1969; x_wconf 89' lang='lat'>9</span> <span class='ocrx_word' id='word_1_196' title='bbox 586 1938 668 1978; x_wconf 76' lang='lat' dir='ltr'>post</span> <span class='ocrx_word' id='word_1_197' title='bbox 699 1899 907 1968; x_wconf 49' lang='grc' dir='ltr'>ἎΔΦΥΡΗΕ</span> <span class='ocrx_word' id='word_1_198' title='bbox 935 1934 977 1968; x_wconf 77' lang='lat' dir='ltr'>in</span> <span class='ocrx_word' id='word_1_199' title='bbox 1006 1942 1078 1967; x_wconf 74' lang='lat' dir='ltr'>ras.</span> <span class='ocrx_word' id='word_1_200' title='bbox 1102 1932 1238 1975; x_wconf 77' lang='lat' dir='ltr'>scripta</span> <span class='ocrx_word' id='word_1_201' title='bbox 1262 1933 1293 1964; x_wconf 78' lang='lat' dir='ltr'>et</span> <span class='ocrx_word' id='word_1_202' title='bbox 1317 1939 1460 1964; x_wconf 72' lang='lat' dir='ltr'>rursum</span> 
     </span>
    </p>
   </div>
   <div class='ocr_carea' id='block_1_8' title="bbox 141 1988 1464 2110">
    <p class='ocr_par' dir='ltr' id='par_1_11' title="bbox 141 1988 1464 2110">
     <span class='ocr_line' id='line_1_30' title="bbox 141 1988 1464 2055; baseline -0.008 0"><span class='ocrx_word' id='word_1_203' title='bbox 141 2020 254 2055; x_wconf 81' lang='lat' dir='ltr'>deleta</span> <span class='ocrx_word' id='word_1_204' title='bbox 291 1988 495 2053; x_wconf 62' lang='grc' dir='ltr'>ΠΕἹΡΗΕΕΚ</span> <span class='ocrx_word' id='word_1_205' title='bbox 527 2017 610 2051; x_wconf 81' lang='grc' dir='ltr'>ΚΛΔ</span> <span class='ocrx_word' id='word_1_206' title='bbox 641 2015 790 2050; x_wconf 74' lang='grc' dir='ltr'>ΦΥΡΗ(</span> <span class='ocrx_word' id='word_1_207' title='bbox 820 2015 861 2048; x_wconf 78' lang='lat' dir='ltr'>in</span> <span class='ocrx_word' id='word_1_208' title='bbox 888 2014 923 2047; x_wconf 91' lang='lat' dir='ltr'><em>P</em></span> <span class='ocrx_word' id='word_1_209' title='bbox 1038 2011 1379 2047; x_wconf 78' lang='grc' dir='ltr'>ΕΡΧΟΙΜΕΝΔΟΟΝ·</span> <span class='ocrx_word' id='word_1_210' title='bbox 1401 2009 1407 2053; x_wconf 81' lang='grc' dir='ltr'>ἰ</span> <span class='ocrx_word' id='word_1_211' title='bbox 1428 2009 1464 2043; x_wconf 90' lang='grc' dir='ltr'><strong><em>Ρ</em></strong></span> 
     </span>
     <span class='ocr_line' id='line_1_31' title="bbox 143 2056 1460 2110; baseline -0.008 -9"><span class='ocrx_word' id='word_1_212' title='bbox 143 2069 186 2101; x_wconf 89' lang='grc'>10</span> <span class='ocrx_word' id='word_1_213' title='bbox 211 2064 288 2110; x_wconf 72' lang='grc' dir='ltr'>ἐπ’]</span> <span class='ocrx_word' id='word_1_214' title='bbox 315 2065 368 2099; x_wconf 93' lang='grc' dir='ltr'>ΕΝ</span> <span class='ocrx_word' id='word_1_215' title='bbox 398 2063 434 2098; x_wconf 88' lang='grc' dir='ltr'><strong><em>Ρ</em></strong></span> <span class='ocrx_word' id='word_1_216' title='bbox 522 2067 562 2097; x_wconf 86' lang='grc'>11</span> <span class='ocrx_word' id='word_1_217' title='bbox 587 2062 844 2097; x_wconf 76' lang='grc' dir='ltr'>ΠΕΠΟΤΔΤΔΙ</span> <span class='ocrx_word' id='word_1_218' title='bbox 873 2060 909 2093; x_wconf 89' lang='grc' dir='ltr'><strong><em>Ρ</em></strong></span> <span class='ocrx_word' id='word_1_219' title='bbox 1002 2062 1044 2093; x_wconf 88' lang='grc'>12</span> <span class='ocrx_word' id='word_1_220' title='bbox 1070 2058 1211 2093; x_wconf 75' lang='grc' dir='ltr'>ΕΟΝΕΛ</span> <span class='ocrx_word' id='word_1_221' title='bbox 1236 2057 1272 2092; x_wconf 87' lang='grc' dir='ltr'><strong><em>Ρ</em></strong></span> <span class='ocrx_word' id='word_1_222' title='bbox 1356 2056 1460 2090; x_wconf 80' lang='grc' dir='ltr'>ΑΝΟ-</span> 
     </span>
    </p>
   </div>
   <div class='ocr_carea' id='block_1_9' title="bbox 142 2113 1461 2307">
    <p class='ocr_par' dir='ltr' id='par_1_12' title="bbox 142 2113 1461 2307">
     <span class='ocr_line' id='line_1_32' title="bbox 143 2113 1461 2164; baseline -0.008 -6"><span class='ocrx_word' id='word_1_223' title='bbox 143 2113 395 2159; x_wconf 66' lang='grc' dir='ltr'>ΚΕΚΛΙΕΕΙᾸῶ</span> <span class='ocrx_word' id='word_1_224' title='bbox 421 2140 428 2148; x_wconf 86' lang='grc'><em>·</em></span> <span class='ocrx_word' id='word_1_225' title='bbox 452 2124 456 2164; x_wconf 82' lang='grc' dir='ltr'>Ι</span> <span class='ocrx_word' id='word_1_226' title='bbox 479 2121 515 2155; x_wconf 89' lang='lat' dir='ltr'><strong><em>P</em></strong></span> <span class='ocrx_word' id='word_1_227' title='bbox 613 2123 655 2154; x_wconf 89' lang='lat'>13</span> <span class='ocrx_word' id='word_1_228' title='bbox 688 2116 1207 2154; x_wconf 73' lang='grc' dir='ltr'>ΒΑΘΕΙΝΕΕΕΟΡΠΧΟΟΟΝΤΟ</span> <span class='ocrx_word' id='word_1_229' title='bbox 1234 2135 1240 2142; x_wconf 94' lang='grc'>-</span> <span class='ocrx_word' id='word_1_230' title='bbox 1263 2117 1268 2158; x_wconf 84' lang='grc' dir='ltr'>Ι</span> <span class='ocrx_word' id='word_1_231' title='bbox 1290 2114 1326 2149; x_wconf 87' lang='grc' dir='ltr'><strong><em>Ρ</em></strong></span> <span class='ocrx_word' id='word_1_232' title='bbox 1417 2116 1461 2147; x_wconf 82' lang='lat'>14</span> 
     </span>
     <span class='ocr_line' id='line_1_33' title="bbox 142 2155 1460 2205; baseline -0.008 -1"><span class='ocrx_word' id='word_1_233' title='bbox 142 2169 331 2205; x_wconf 78' lang='grc' dir='ltr'>ΕΙΔΑΔΟΝ</span> <span class='ocrx_word' id='word_1_234' title='bbox 355 2168 391 2202; x_wconf 88' lang='grc' dir='ltr'><strong><em>Ρ</em></strong></span> <span class='ocrx_word' id='word_1_235' title='bbox 459 2167 635 2202; x_wconf 77' lang='grc' dir='ltr'>ΔΤΟΡΗΝ</span> <span class='ocrx_word' id='word_1_236' title='bbox 656 2166 691 2200; x_wconf 87' lang='grc' dir='ltr'><em>Ρ</em></span> <span class='ocrx_word' id='word_1_237' title='bbox 752 2166 874 2200; x_wconf 76' lang='grc' dir='ltr'>ΜΑΤΑ</span> <span class='ocrx_word' id='word_1_238' title='bbox 898 2160 946 2197; x_wconf 87' lang='grc' dir='ltr'>Ρ’</span> <span class='ocrx_word' id='word_1_239' title='bbox 1013 2166 1056 2198; x_wconf 86' lang='grc'>16</span> <span class='ocrx_word' id='word_1_240' title='bbox 1076 2161 1242 2197; x_wconf 78' lang='lat' dir='ltr'>uelatum</span> <span class='ocrx_word' id='word_1_241' title='bbox 1260 2164 1301 2196; x_wconf 80' lang='lat' dir='ltr'>ut</span> <span class='ocrx_word' id='word_1_242' title='bbox 1318 2160 1393 2196; x_wconf 76' lang='lat' dir='ltr'>uid.</span> <span class='ocrx_word' id='word_1_243' title='bbox 1416 2155 1460 2192; x_wconf 83' lang='lat' dir='ltr'>P‘</span> 
     </span>
     <span class='ocr_line' id='line_1_34' title="bbox 143 2204 1461 2296; baseline -0.008 -46"><span class='ocrx_word' id='word_1_244' title='bbox 143 2219 186 2251; x_wconf 83' lang='lat'>21</span> <span class='ocrx_word' id='word_1_245' title='bbox 213 2215 337 2296; x_wconf 54' lang='lat' dir='ltr'>sclillea</span> <span class='ocrx_word' id='word_1_246' title='bbox 361 2214 398 2248; x_wconf 91' lang='lat' dir='ltr'><strong><em>P</em></strong></span> <span class='ocrx_word' id='word_1_247' title='bbox 487 2217 530 2247; x_wconf 81' lang='grc'>22</span> <span class='ocrx_word' id='word_1_248' title='bbox 557 2211 714 2247; x_wconf 78' lang='lat' dir='ltr'>accectls</span> <span class='ocrx_word' id='word_1_249' title='bbox 733 2211 779 2246; x_wconf 85' lang='lat' dir='ltr'>P&#39;</span> <span class='ocrx_word' id='word_1_250' title='bbox 870 2209 1025 2254; x_wconf 81' lang='lat' dir='ltr'>sirpulol&#39;</span> <span class='ocrx_word' id='word_1_251' title='bbox 1044 2213 1086 2244; x_wconf 80' lang='lat' dir='ltr'>ut</span> <span class='ocrx_word' id='word_1_252' title='bbox 1107 2209 1184 2244; x_wconf 74' lang='lat' dir='ltr'>uid.</span> <span class='ocrx_word' id='word_1_253' title='bbox 1210 2204 1258 2242; x_wconf 85' lang='lat' dir='ltr'>P&#39;</span> <span class='ocrx_word' id='word_1_254' title='bbox 1355 2204 1461 2240; x_wconf 91' lang='lat' dir='ltr'>c1clo-</span> 
     </span>
     <span class='ocr_line' id='line_1_35' title="bbox 143 2273 215 2307; baseline -0.014 -9"><span class='ocrx_word' id='word_1_255' title='bbox 143 2273 215 2307; x_wconf 88' lang='lat' dir='ltr'>pea</span> 
     </span>
    </p>
   </div>
  </div>
 </body>
</html>
