1526 2444
132 64 217 104 142
644 64 742 100 SAT.
767 65 895 100 LIBRI
919 64 953 99 11

131 170 202 225 qui
227 170 492 224 respondisse
518 171 598 212 sibi
616 170 838 213 Vatinium
863 172 1127 226 meminerat,
1149 186 1244 214 cum
1269 172 1454 215 humeris
1498 196 1499 199 =

132 242 175 269 se
207 228 269 269 rei
299 229 491 281 publicae
518 228 568 270 de
594 229 717 270 exilio
744 233 1007 284 reportatum
1035 230 1298 284 gloriaretur,
1329 231 1454 272 unde
1505 239 1508 244 '

132 299 248 340 ergo
279 285 375 327 tibi
405 286 628 328 uarices?
1503 285 1505 288 Α

91 345 116 386 6
248 341 449 385 Caninius
492 358 656 399 quoque
690 343 886 399 Reuilus,
928 345 999 399 qui
1034 359 1118 387 uno
1157 345 1243 399 die,
1286 347 1332 386 ut
1372 346 1456 387 iam
1498 395 1499 398 Ἴ

133 400 306 443 Seruius
342 402 522 456 rettulit,
563 403 712 444 consul
748 402 847 455 fuit,
882 405 1022 444 rostra
1059 417 1154 444 cum
1191 403 1456 456 ascendisset,
1494 422 1506 448 4ῑ

131 459 292 513 pariter
333 458 538 501 honorem
581 460 680 501 iniit
722 460 966 502 consulatus
1010 463 1052 501 et
1099 461 1297 514 eierauit‚
1346 461 1456 515 quod

132 516 291 571 Cicero,
328 517 443 559 omni
480 518 665 572 gaudens
698 519 916 560 occasione
947 518 1221 570 urbanitatis,
1251 519 1458 573 increpuit

131 576 461 630 λογοθεώρητος
498 578 574 618 est
611 575 852 618 Caninius
891 577 1067 618 consul
1105 579 1146 617 et
1179 576 1327 617 deinde
1364 576 1456 618 hoc

132 636 433 675 consecutus
466 636 542 675 est
572 633 802 687 Reuilus‚
832 635 886 675 ut
917 637 1245 688 quaereretur
1277 634 1456 688 quibus
1503 631 1517 688 [¹

131 692 428 733 consulibus
471 692 646 733 consul
688 691 862 734 fuerit.
931 691 1067 733 dicere
1110 694 1329 745 praeterea
1370 706 1511 747 non13

130 749 296 790 destitit
314 750 617 804 uigilantem
636 750 876 791 habemus
896 750 1156 791 consulem
1176 748 1455 804 Caninium,
1506 770 1510 771 ⁷

132 807 214 861 qui
245 807 294 848 in
326 807 595 848 consulatu
627 822 714 849 suo
748 822 973 849 somnum
1003 821 1100 848 non
1131 807 1270 849 uidit.

95 866 116 906 7
250 864 477 918 Pompeius
527 864 743 907 Ciceronis
791 865 1040 906 facetiarum
1088 864 1316 919 impatiens
1364 864 1456 908 fuit.
1504 878 1507 884 ⁸

135 923 252 964 cuius
284 923 388 964 haec
413 923 526 964 dicta
549 923 794 976 ferebantur
825 936 913 978 ego
945 937 1062 964 uero
1094 937 1234 977 quem
1266 923 1455 976 fugiam
1505 969 1506 972 Ἴ

133 980 311 1033 habeo,
349 995 491 1034 quem
529 995 709 1035 sequar
745 995 841 1022 non
870 981 1040 1022 habeo.
1101 980 1174 1022 sed
1205 983 1246 1021 et
1278 994 1374 1022 cum
1405 980 1457 1021 ad
1476 999 1510 1030 1

133 1038 383 1092 Pompeium
403 1039 604 1093 uenisset,
618 1039 853 1081 dicentibus
874 1052 966 1080 sero
981 1052 1076 1079 eum
1096 1039 1272 1092 uenisse,
1287 1052 1457 1092 respon·
1498 1037 1515 1075 ’ᾗ

133 1096 196 1137 dit
231 1096 434 1138 minime
473 1110 582 1138 sero
621 1097 753 1151 ueni,
794 1111 906 1139 nam
941 1096 1073 1138 nihil
1111 1096 1191 1137 hic
1227 1099 1457 1150 paratum
1501 1123 1502 1126 =

93 1154 292 1196 Suideo.
354 1154 502 1196 deinde
538 1156 819 1209 interroganti
850 1154 1070 1208 Pompeio,
1105 1154 1179 1195 ubi
1210 1167 1337 1207 gener
1368 1154 1456 1195 eius
1502 1167 1513 1173 ’

132 1210 361 1253 Dolabella
392 1215 515 1266 esset,
546 1213 766 1267 respondit
797 1227 902 1253 cum
934 1225 1107 1254 socero
1138 1215 1236 1254 tuo.
1291 1214 1333 1253 et
1363 1226 1456 1253 cum
1501 1235 1504 1236 ν

130 1269 331 1311 donasset
373 1270 600 1324 Pompeius
645 1270 915 1326 transfugam
958 1269 1132 1311 ciuitate
1174 1269 1388 1324 Romana,
1430 1284 1454 1311 o
1478 1291 1499 1307 21

128 1326 378 1369 hominem
423 1328 611 1369 bellum
648 1328 786 1382 inquit
829 1327 995 1369 Gallis
1037 1327 1299 1369 ciuitatem
1341 1342 1454 1381 pro-

128 1385 291 1427 mittit
321 1386 556 1440 alienam,
592 1387 676 1440 qui
711 1386 860 1427 nobis
897 1387 1124 1427 nostram
1154 1399 1252 1427 non
1282 1388 1455 1439 potest
1509 1422 1514 1424 c

128 1443 365 1485 reddere.
442 1446 618 1498 propter
666 1458 772 1498 quae
821 1443 973 1485 merito
1022 1443 1247 1484 uidebatur
1297 1443 1454 1484 dixisse
1504 1479 1507 1481 μ

128 1501 355 1556 Pompeius
399 1502 543 1557 cupio
588 1502 646 1543 ad
681 1503 853 1544 hostes
892 1500 1067 1543 Cicero
1109 1503 1358 1555 transeat,
1400 1503 1455 1542 ut
1505 1503 1512 1552 f

128 1573 217 1601 nos
249 1560 441 1601 timeat.

86 1619 111 1659 9
242 1617 291 1658 In
324 1615 548 1659 Caesarem
579 1631 743 1672 quoque
775 1617 1030 1658 mordacitas
1057 1615 1271 1658 Ciceronis
1304 1616 1451 1658 dentes
1507 1658 1510 1663 ,

128 1689 227 1717 suos
267 1675 452 1717 strinxit.
512 1690 611 1717 nam
649 1676 833 1729 primum
872 1677 970 1729 post
1003 1673 1227 1716 uictoriam
1260 1673 1450 1715 Caesaris
1508 1683 1513 1713 ί·

127 1733 425 1786 interrogatus,
451 1747 525 1774 cur
549 1733 594 1774 in
621 1733 826 1774 electione
851 1733 986 1786 partis
1012 1734 1207 1786 errasset,
1234 1732 1452 1786 respondit
1504 1738 1508 1742 '

126 1791 481 1844 praecinctura
512 1805 585 1832 me
612 1790 829 1844 decepit,
854 1791 1019 1832 iocatus
1047 1790 1091 1830 in
1117 1789 1351 1844 Caesarem,
1377 1789 1449 1844 qui

125 1849 186 1889 ita
221 1850 325 1902 toga
360 1849 730 1903 praecingebatur,
766 1851 813 1889 ut
847 1848 1057 1889 trahendo
1095 1847 1295 1889 laciniam
1332 1848 1450 1889 uelut
1467 1858 1514 1899 303

126 1906 266 1947 mollis
310 1907 521 1948 incederet
560 1906 685 1960 adeo,
733 1909 781 1947 ut
825 1905 942 1948 Sulla
989 1908 1206 1959 tamquam
1249 1905 1449 1959 prouidus
1509 1920 1512 1922 ’

221 2047 238 2077 1
265 2043 410 2078 uatmisi
422 2053 445 2079 *
458 2054 479 2078 >41
493 2053 515 2078 *
529 2053 551 2079 20<
564 2053 587 2078 *
599 2053 621 2078 *
634 2054 656 2078 *
670 2053 691 2078 *
706 2043 922 2078 meminerat
946 2042 983 2077 P
1097 2045 1117 2076 2
1148 2042 1372 2086 reportatam
1402 2038 1448 2076 B'
1512 2047 1516 2062 ²

125 2128 147 2159 4
172 2134 322 2159 caninus
348 2121 395 2159 B'
483 2128 504 2159 6
530 2124 697 2169 egerauit
724 2123 759 2156 P
853 2127 874 2158 8
899 2101 1273 2168 ΛΟΓΟΘῌΟΟΡΗΙΤΟΕ
1297 2122 1342 2166 Ρ,
1371 2122 1450 2157 ΛΟ·
1506 2125 1519 2157 ἰ

127 2171 444 2206 ΓΟΘΕΟΟΡΕΕΤΟΕ
467 2170 504 2205 Β
576 2173 596 2204 9
623 2169 868 2214 consequutus
891 2170 927 2204 P
997 2173 1040 2204 16
1065 2172 1111 2203 esi
1135 2168 1213 2204 sero
1239 2168 1275 2203 P
1343 2171 1386 2203 1⁷
1410 2179 1450 2203 m
1502 2206 1506 2209 ,

125 2218 166 2252 in
190 2227 275 2252 uem
298 2218 341 2252 in
363 2228 435 2252 ras.
462 2218 504 2252 in
527 2216 563 2251 P
632 2219 675 2251 18
701 2216 955 2260 mterrogandi
973 2215 1020 2250 B'
1093 2218 1137 2250 20
1159 2215 1265 2259 prior
1289 2225 1311 2248 a
1336 2215 1376 2249 i‘n
1394 2224 1450 2248 ro·

124 2265 287 2299 manain
299 2273 371 2299 ras.
386 2263 474 2299 inB
509 2267 552 2298 28
568 2262 728 2298 elatione
741 2262 788 2298 B'
827 2261 1073 2298 29locatu1'P
1105 2264 1148 2297 31
1163 2260 1244 2296 silla
1258 2261 1300 2305 P,
1314 2259 1449 2306 syllaB
1500 2314 1507 2319 ,.
