1526 2444
150 81 237 123 462
639 81 738 117 SAT.
765 81 893 117 LIBRI
916 82 983 118 VII

151 188 277 242 citur,
314 189 527 241 posteram
568 188 633 229 sui
663 189 844 241 partem,
882 202 975 229 cum
1016 188 1210 243 discedit,
1240 188 1469 242 ostendere,

151 248 199 286 ut
237 246 358 286 laeua
388 245 552 286 laeuam
584 245 753 286 dextera
784 245 1000 287 dexteram
1030 246 1239 300 respiciat.
1297 261 1396 287 nam
1427 250 1469 288 et

150 302 301 344 histrio
327 316 552 356 personam
580 302 660 344 sibi
687 302 917 344 detractam
943 317 992 344 ex
1018 318 1067 346 ea
1089 306 1209 358 parte
1235 303 1362 357 uidet,
1387 318 1470 358 qua

159 361 313 413 induit,
344 359 504 401 scilicet
533 374 617 401 non
640 360 791 401 faciem
822 360 892 401 sed
922 361 1198 415 posteriorem
1235 375 1470 404 cauernam.

119 419 144 459 8
162 418 309 460 deinde
327 417 590 472 interrogare
607 418 717 459 hunc
735 417 874 458 uirum
893 419 1056 473 uellem,
1075 433 1128 460 an
1145 422 1246 460 tunc
1263 419 1471 474 imagines
1506 430 1523 456 ⁵

155 490 176 517 e
207 475 333 517 rebus
365 475 550 526 euolant,
581 490 675 516 cum
701 477 776 528 est,
809 476 880 529 qui
910 476 1016 517 uelit
1039 476 1192 530 uidere,
1223 491 1277 518 an
1309 480 1471 518 etcum

112 533 294 575 9nullus
336 533 503 587 aspicit,
547 534 730 574 emicant
773 533 957 587 undique
1001 534 1251 575 simulacra?
1287 548 1384 575 nam
1422 535 1470 585 si,

153 591 264 645 quod
313 591 495 644 primum
544 591 646 644 dixi,
694 592 855 644 teneat,
906 605 1080 645 quaero,
1129 592 1245 633 cuius
1292 592 1469 646 imperio

153 649 377 690 simulacra
425 652 593 701 praesto
650 648 736 689 sint
783 647 983 703 intuenti,
1037 653 1080 690 et
1135 650 1328 704 quotiens
1377 650 1470 704 quis

151 706 336 748 uoluerit
360 720 435 747 ora
466 708 722 760 conuertere,
753 706 908 747 totiens
941 720 984 747 se
1016 710 1058 747 et
1087 706 1163 748 illa
1194 707 1470 749 conuertant‘?
1490 717 1524 744 1⁰

86 766 140 807 10
154 765 189 806 si
222 763 449 805 secundum
474 763 705 815 inhaereat,
735 765 783 804 ut
809 763 921 805 dicat
944 767 1146 818 perpetuo
1171 764 1302 806 fluore
1332 779 1472 806 rerum

154 821 344 863 omnium
376 835 549 862 manare
581 821 823 873 simulacra,
856 835 1030 874 quaero,
1062 837 1189 876 quam
1221 822 1291 863 diu
1322 822 1472 864 cohae-

152 879 289 920 rentia
318 881 580 932 permanent,
610 879 728 920 nullo
764 879 940 932 coagulo
973 879 1115 921 iuncta
1148 879 1199 920 ad
1223 894 1470 934 permanen-

154 936 281 977 dum?
349 938 422 976 aut
464 936 499 977 si
543 950 711 977 manere
754 935 1005 989 dederimus,
1050 951 1173 990 quem
1211 938 1263 978 ad
1300 938 1471 979 modum

153 994 339 1048 aliquem
387 993 630 1035 retinebunt
671 993 871 1047 colorem,
914 994 1029 1035 cuius
1071 997 1223 1036 natura
1273 1009 1366 1036 cum
1417 995 1472 1036 sit
1491 1002 1526 1030 1⁶

153 1052 411 1106 incorporea,
441 1054 584 1093 tamen
608 1065 838 1105 numquam
862 1054 1004 1105 potest
1035 1065 1125 1093 esse
1151 1052 1240 1093 sine
1267 1053 1473 1106 corpore?

88 1110 138 1151 11
155 1110 249 1151 dein
293 1109 385 1164 quis
428 1111 570 1162 potest
610 1109 655 1150 in
697 1108 885 1150 animum
927 1108 1141 1163 inducere,
1184 1110 1306 1151 simul
1348 1112 1473 1165 atque

156 1167 299 1209 oculos
330 1168 528 1220 uerteris,
558 1167 768 1208 incurrere
798 1166 1006 1220 imagines
1039 1167 1145 1208 caeli
1175 1167 1303 1208 maris
1334 1167 1472 1209 litoris
1516 1179 1526 1207 -ι,

153 1225 265 1279 prati
307 1224 480 1265 nauium
524 1224 730 1278 pecudum
769 1226 811 1264 et
850 1224 1222 1265 innumerabilium
1258 1228 1474 1279 praeterea

153 1297 311 1332 rerum,
350 1296 454 1335 quas
488 1295 568 1322 uno
613 1281 829 1323 oculorum
871 1282 985 1322 iactu
1026 1282 1236 1335 uidemus,
1281 1297 1376 1324 cum
1419 1284 1499 1324 sit

153 1339 330 1394 pupula,
363 1354 468 1393 quae
499 1339 593 1380 uisu
624 1339 775 1393 pollet,
812 1339 965 1393 oppido
998 1339 1160 1393 parua?
1221 1343 1263 1381 et
1292 1354 1473 1394 quonam
1505 1380 1507 1382 ,

155 1397 280 1439 modo
306 1399 420 1438 totus
452 1397 657 1438 exercitus
683 1397 866 1438 uisitur?
897 1411 950 1438 an
981 1397 1031 1439 de
1063 1398 1241 1452 singulis
1267 1398 1473 1439 militibus
1498 1442 1502 1448 Α

155 1455 345 1510 profecta
391 1455 619 1496 simulacra
657 1468 700 1495 se
737 1458 987 1509 congerunt,
1031 1457 1158 1510 atque
1194 1456 1257 1496 ita
1299 1455 1505 1498 collecta

88 1514 142 1555 12
156 1516 222 1554 tot
235 1513 354 1554 milia
365 1516 590 1566 penetrant
609 1513 751 1554 oeulos
770 1512 1002 1554 intuentis?
1023 1513 1094 1554 sed
1115 1513 1213 1567 quid
1231 1513 1474 1555 laboramus

157 1571 401 1624 opinionem
433 1570 492 1612 sic
521 1571 690 1611 inanem
720 1570 860 1611 uerbis
892 1570 1132 1624 uerberare,
1168 1585 1262 1612 cum
1293 1571 1385 1625 ipsa
1415 1571 1475 1612 rei
1500 1577 1503 1579 ’

156 1629 324 1670 uanitas
362 1643 406 1669 se
438 1627 634 1670 refellat?
695 1630 864 1670 constat
902 1630 1043 1669 autem
1074 1628 1212 1670 uisum
1241 1628 1364 1670 nobis
1395 1628 1474 1670 hac
1502 1627 1507 1681 J

88 1687 142 1728 13
156 1686 381 1740 prouenire
417 1686 591 1728 ratione.
650 1686 880 1739 genuinum
919 1686 1062 1727 lumen
1098 1700 1120 1727 e
1156 1687 1334 1740 pupula,
1377 1701 1523 1741 qua-

156 1758 334 1798 cumque
361 1758 453 1785 eam
473 1743 665 1797 uerteris‚
684 1743 844 1785 directa
862 1743 973 1784 linea
993 1743 1156 1785 emicat.
1197 1743 1241 1785 id
1261 1744 1474 1785 oculorum
1486 1745 1500 1783 -

157 1801 436 1843 domesticum
485 1800 741 1855 profluuium
786 1802 824 1842 si
865 1801 1096 1855 reppererit
1137 1801 1181 1842 in
1225 1801 1482 1843 circumfuso

155 1859 280 1900 nobis
313 1874 407 1900 aere
438 1859 586 1912 lucem,
616 1873 691 1924 per
721 1873 814 1900 eam
844 1859 1036 1900 directim
1065 1859 1216 1914 pergit,
1247 1873 1373 1913 quam
1403 1858 1501 1901 dm

157 1930 308 1970 corpus
335 1917 532 1971 offendat,
557 1919 600 1958 et
625 1917 662 1958 si
685 1916 835 1958 faciem
859 1916 1047 1971 uerteris,
1078 1919 1125 1958 ut
1149 1916 1503 1970 circumspicias,

156 1973 381 2028 utrobique
413 1975 523 2015 acies
554 1974 723 2015 uidendi
759 1975 917 2016 directa
952 1974 1154 2027 procedit.
1213 1975 1305 2029 ipse
1337 1976 1463 2015 auten
1507 2025 1511 2028 ‚

156 2032 310 2097 iactus,
349 2045 473 2085 quem
511 2032 692 2073 diximus
731 2031 780 2072 de
816 2032 972 2074 nostris
1010 2032 1141 2073 oculis
1179 2031 1376 2086 emicare,
1411 2032 1519 2072 in-

157 2089 316 2143 cipiens
348 2104 372 2129 a
396 2090 514 2130 tenui
545 2089 683 2130 radice
714 2090 759 2129 in
791 2103 954 2130 summa
983 2089 1033 2130 fit
1063 2090 1200 2144 latior,
1232 2090 1340 2131 sicut

251 2229 271 2259 3
297 2227 430 2270 parte*
456 2226 492 2260 P
570 2229 590 2261 6
617 2225 768 2259 auolant
795 2225 830 2259 P
910 2228 930 2259 8
957 2225 1046 2269 qmd
1071 2224 1116 2260 P'
1203 2228 1246 2260 12
1272 2234 1415 2260 manere
1461 2219 1526 2251 '5‘5

160 2275 203 2306 13
228 2271 353 2307 uincta
381 2272 417 2306 P
485 2274 530 2307 29
555 2271 778 2308 domertmffi
805 2271 841 2305 P
1503 2294 1506 2303 .
