1526 2444
502 25 606 62 V1111
631 28 771 62 11-16
806 24 841 60 X
866 27 959 60 1-4
1324 24 1409 66 189

61 135 174 191 quod
210 136 387 191 propter
421 133 551 176 huius
588 133 706 176 modi
738 133 1035 176 euocationem
1066 133 1294 176 numinum
1327 133 1410 176 dis—

60 195 380 249 cessionemque
413 193 476 236 ait
505 191 726 249 Vergilius

237 290 457 319 excessere
489 289 637 318 omnes
669 275 814 330 adytis
847 275 1018 331 arisque
1050 274 1212 317 relictis

237 335 297 390 di,

27 437 43 463 5
63 420 105 460 et
134 420 185 460 ut
214 417 420 460 tutelares
452 417 712 473 designaret,
744 416 901 459 adiecit

238 500 394 556 quibus
426 499 651 554 imperium
682 499 765 542 hoc
798 501 989 542 steterat.

60 585 193 638 utque
212 583 385 637 praeter
405 582 703 624 euocationem
730 582 861 624 etiam
886 582 975 624 uim
1002 580 1243 624 deuotionis
1270 582 1410 623 osten·
1427 579 1482 622 15

61 642 197 696 deret,
233 641 278 683 in
315 655 400 697 qua
435 641 664 696 praecipue
700 640 915 696 Iuppiter,
958 643 1006 683 ut
1045 640 1248 695 diximus,
1292 640 1412 682 inuo-

60 703 193 756 catur,
224 699 287 742 ait
642 747 650 754 ,
824 747 833 754 ‚

10 767 44 792 10
388 746 504 788 ferus
536 761 681 789 omnia
709 745 904 801 Iuppiter
935 746 1078 802 Argos

238 805 474 848 transtulit.

66 888 290 930 uideturne
315 887 439 929 uobis
465 887 696 942 probatum
729 887 821 929 sine
854 887 991 931 diuini
1022 890 1067 929 et
1097 886 1277 929 humani
1307 886 1412 928 iuris
1430 887 1483 929 16

68 947 247 991 scientia
284 961 372 989 non
409 960 536 1001 posse
571 946 909 1001 profunditatem
940 946 1135 989 Maronis
1165 945 1412 1001 intellegi?'

186 1005 268 1047 Hic
312 1019 407 1048 cum
451 1019 600 1047 omnes
644 1006 844 1048 concordi
882 1006 1133 1048 testimonio
1173 1003 1469 1047 doctrinamX

12 1083 46 1110 15
70 1067 113 1107 et
132 1067 287 1120 poetae
312 1066 355 1106 et
381 1064 621 1106 enarrantis
648 1067 894 1121 aequarent,
920 1065 1134 1107 exclamat
1151 1064 1415 1119 Euangelus,

0 1122 2 1124 ’
66 1124 138 1166 diu
158 1138 202 1166 se
223 1123 502 1165 subcubuisse
527 1123 775 1179 patientiae,
799 1138 877 1167 nec
902 1124 1020 1167 ultra
1046 1123 1415 1179 dissimulandum,

67 1183 171 1237 quin
206 1183 252 1224 in
292 1182 481 1224 medium
519 1183 694 1238 detegat
730 1183 982 1226 inscientiae
1013 1181 1291 1239 Vergilianae
1322 1183 1415 1225 uul-

65 1256 182 1284 nera.
249 1240 320 1283 ‘et
355 1240 467 1283 nos'
505 1241 647 1297 inquit
684 1242 904 1284 ‘manum
940 1242 1138 1284 ferulae
1183 1241 1455 1298 aliquando?

68 1300 417 1354 subduximus,
443 1302 486 1341 et
510 1314 590 1342 nos
615 1301 806 1356 cepimus
831 1302 1043 1356 pontificii
1067 1301 1173 1344 iuris
1200 1301 1414 1343 auditum:

13 1378 49 1405 20
68 1362 109 1401 et
141 1373 192 1401 ex
222 1359 304 1414 his,
336 1372 445 1413 quae
475 1358 602 1401 nobis
632 1363 738 1402 nota
770 1362 883 1415 sunt,
913 1359 1139 1403 Maronem
1169 1360 1298 1402 huius
1330 1360 1413 1402 dis-

66 1419 270 1473 ciplinam
295 1418 401 1459 iuris
426 1418 616 1460 nescisse
642 1419 874 1461 constabit.
918 1419 1090 1474 quando
1116 1419 1230 1461 enim
1257 1419 1455 1461 diceret3

185 1500 436 1543 caelicolum
470 1500 563 1556 regi
593 1500 839 1543 mactabam
870 1503 916 1544 in
945 1502 1092 1545 littore
1122 1504 1297 1545 taurum

69 1583 106 1624 si
145 1583 292 1638 sciret,
328 1586 501 1625 taurum
539 1583 758 1625 immolari
787 1584 889 1626 huic
921 1584 999 1627 deo
1031 1585 1233 1638 uetitum,
1270 1587 1347 1627 aut
1378 1585 1414 1627 si

69 1641 299 1696 didicisset,
331 1642 444 1697 quod
470 1642 646 1684 ATEIVS
673 1641 847 1686 CAPITO
880 1644 1233 1699 comprehendit?
1295 1644 1415 1687 cuius

18 1718 54 1746 25
71 1701 204 1743 uerba
240 1715 292 1743 ex
322 1712 463 1743 LIBRO
495 1712 638 1743 PRIMO
669 1713 733 1743 DE
765 1714 874 1744 IVRE
908 1713 1270 1746 SACRIFICIORVM
1309 1703 1415 1746 haec

70 1762 172 1802 sunt
213 1760 387 1815 itaque
428 1759 540 1802 Ioui
583 1762 731 1803 tauro
772 1776 916 1803 uerre
956 1762 1117 1805 ariete
1157 1762 1416 1805 immolari

66 1833 166 1861 non
214 1819 353 1862 licet.
438 1830 593 1862 LABEO
642 1834 744 1863 uero
790 1832 1077 1864 SEXAGEsmo
1122 1833 1183 1863 ET
1228 1822 1456 1865 ocrAvo4

160 1950 204 1982 22
231 1946 322 1981 Aen.
348 1945 399 1981 ΠΙ
424 1950 468 1982 21

163 2080 182 2111 1
215 2075 467 2112 discessionem
499 2077 536 2112 Β
667 2082 688 2113 3
722 2077 836 2113 aditis
861 2078 940 2114 BP
1073 2083 1117 2116 10
1141 2079 1337 2127 argos***
1370 2082 1415 2126 P,

69 2123 178 2169 agros
204 2120 250 2158 B'
372 2127 417 2159 14
446 2135 534 2160 nam
566 2135 650 2160 cum
673 2125 711 2160 B
832 2130 875 2162 17
907 2126 1044 2162 uulnus
1066 2127 1104 2162 P
1223 2132 1266 2165 19
1294 2140 1415 2175 coep1-

67 2170 150 2206 mus
170 2170 207 2205 Β
320 2171 464 2207 aditum
488 2167 535 2207 B'
652 2176 696 2207 22
723 2173 833 2209 litore
858 2173 896 2209 Β
1016 2178 1061 2210 23
1086 2177 1336 2212 immomolari
1364 2177 1414 2212 P'

68 2221 115 2300 ἐξ
139 2217 437 2300 1c‹'3preh{;1.id11'set
464 2219 468 2266 Ι
497 2218 548 2263 qd
572 2219 696 2255 ateius
716 2220 754 2255 P
857 2221 998 2258 atteius
1019 2222 1084 2268 (B)
1192 2228 1236 2259 26
1263 2226 1359 2259 arite
1386 2224 1422 2259 P

155 2275 247 2301 aueo
