1526 2444
133 77 220 119 460
621 77 723 114 SAT.
748 78 876 114 LIBRI
901 78 969 115 VII
1508 0 1526 138 ἒ

134 183 346 236 flammae,
383 197 470 224 non
499 186 589 224 tam
621 184 831 239 extinguit
862 199 987 239 quam
1024 185 1183 239 pariter
1215 184 1454 226 accenditur

135 255 268 294 aquae
329 240 582 293 pinguedine
642 241 889 283 alimoniam
948 243 1039 297 igni
1093 243 1453 284 subministrante.
1516 240 1519 241 ⁷

67 298 124 340 25
137 300 351 353 postremo
383 297 616 340 Homerum
649 313 883 353 sequamur,
915 300 988 354 qui
1019 300 1134 341 solus
1166 300 1248 342 fuit
1277 302 1453 342 naturae
1519 291 1526 305 ¹

136 355 340 397 conscius.
409 355 512 397 facit
549 356 661 397 enim
703 356 960 399 Nausicaam
1002 356 1172 399 Alcinoi
1211 358 1342 399 filiam
1385 358 1455 399 ab·

134 413 321 454 luentem
352 416 508 467 uestes,
547 428 641 455 cum
673 429 798 468 super
835 429 950 456 mare
981 418 1108 465 esset,
1143 429 1230 457 non
1266 415 1311 456 in
1347 415 1454 457 mari
1487 425 1504 452 ⁶

136 470 209 511 sed
234 471 280 511 in
308 470 451 512 fluuio.
511 471 621 512 idem
645 472 763 513 locus
791 471 964 514 Homeri
995 472 1116 514 docet
1146 487 1237 526 nos,
1267 472 1454 514 marinae

63 529 120 571 26
137 542 269 582 aquae
295 528 465 582 qiddam
495 529 632 570 inesse
657 530 814 584 pingue
839 529 1105 583 permixtum.
1171 530 1318 572 Vlixes
1344 530 1455 571 enim

136 601 231 627 cum
277 585 363 627 iam
412 586 567 628 dudum
617 602 732 628 mare
775 587 980 629 euasisset
1034 590 1076 628 et
1125 590 1257 629 staret
1300 588 1455 630 siccato

137 658 328 698 corpore,
360 644 419 685 ait
451 644 503 685 ad
534 643 770 686 Nausicaae
801 645 982 686 famulas

195 724 431 779 ἀμφίπολοι
462 724 594 778 στῆθ’
625 725 737 766 οὕτω
769 724 1040 779 ἀπόπροθεν,
1073 723 1171 780 ὄφρ’
1207 724 1296 780 ἐγὼ
1329 725 1457 774 αὐτός
1508 764 1510 766 ,

195 783 335 836 ἅλμην
366 782 522 835 ὤμοιιν
552 782 859 836 ἀπολούσομαι.

137 865 237 917 post
266 863 346 904 hoc
378 877 472 904 cum
503 862 788 905 descendisset
818 863 863 904 in
893 863 1068 905 fluuium

255 943 301 985 ἐκ
330 946 520 997 κεφαλῆς
550 944 733 998 ἔσμηχεν
765 943 866 993 ἁλὸς
895 945 1040 999 χνόον.

68 1025 122 1066 27
140 1024 307 1065 diuinus
340 1025 452 1065 enim
483 1028 620 1078 uates,
657 1026 728 1079 qui
758 1025 803 1066 in
834 1024 950 1067 omni
987 1038 1031 1065 re
1062 1027 1258 1065 naturam
1290 1026 1458 1066 secutus

138 1085 220 1136 est,
260 1082 467 1136 expressit
502 1082 613 1137 quod
651 1082 743 1124 fieri
783 1083 910 1133 solet,
945 1084 993 1123 ut
1030 1082 1100 1136 qui
1137 1080 1369 1123 ascendunt
1406 1081 1456 1123 de

138 1139 263 1192 mari,
295 1139 332 1181 si
362 1140 407 1180 in
439 1140 528 1181 sole
560 1140 775 1194 steterint,
806 1154 916 1194 aqua
947 1139 1115 1193 quidem
1146 1138 1339 1181 celeriter
1370 1138 1457 1180 sole

138 1198 338 1251 siccetur,
373 1200 546 1239 maneat
583 1200 724 1239 autem
761 1198 806 1238 in
846 1197 1034 1251 corporis
1071 1196 1289 1251 superficie
1325 1197 1458 1238 ueluti

137 1255 215 1297 flos
247 1255 432 1309 quidam,
464 1255 536 1308 qui
568 1258 610 1295 et
639 1255 684 1296 in
709 1254 964 1309 detergendo
997 1254 1191 1309 sentitur,
1221 1257 1264 1295 et
1286 1254 1368 1296 hoc
1394 1257 1459 1296 est
1496 1307 1499 1310 .

138 1327 272 1367 aquae
290 1313 478 1353 marinae
496 1313 721 1367 pinguedo,
747 1327 853 1367 quae
873 1313 965 1354 sola
983 1312 1160 1367 impedit
1185 1312 1454 1353 ablutionem.
1498 1355 1500 1358 ,

67 1393 196 1435 XIIII
255 1393 314 1434 Et
356 1393 455 1447 quia
498 1408 522 1434 a
564 1393 713 1435 ceteris
751 1393 970 1448 expeditus
1012 1393 1118 1434 mihi
1159 1395 1203 1434 te
1245 1392 1459 1447 paulisper

138 1451 345 1506 indulges,
370 1450 494 1492 modo
515 1453 656 1492 autem
680 1451 804 1493 nobis
825 1450 875 1492 de
896 1465 1004 1505 aqua
1023 1465 1161 1492 sermo
1185 1449 1278 1499 fuit,
1303 1464 1457 1504 quaero
1495 1455 1497 1458 ⁴

138 1523 211 1551 cur
247 1510 292 1550 in
329 1523 437 1563 aqua
474 1508 698 1551 simulacra
735 1508 897 1551 maiora
931 1509 1046 1550 ueris
1086 1507 1310 1550 uidentur?
1346 1507 1458 1562 quod

138 1580 270 1632 genus
302 1566 414 1620 apud
444 1567 717 1620 popinatores
757 1567 956 1632 pleraque
988 1566 1335 1608 scitamentorum
1372 1578 1458 1606 cer-
1489 1599 1491 1602 Α

137 1625 277 1666 nimus
302 1625 522 1678 proposita
546 1625 751 1678 ampliore
777 1625 915 1678 specie
940 1638 1067 1679 quam
1091 1637 1276 1677 corpore,
1303 1623 1457 1677 quippe

138 1682 329 1724 uidemus
359 1682 405 1722 in
430 1682 600 1724 doliolis
630 1683 777 1724 uitreis
809 1696 943 1736 aquae
974 1682 1112 1736 plenis
1138 1684 1180 1722 et
1210 1695 1291 1722 oua
1317 1681 1454 1735 globis

139 1740 371 1781 maioribus
409 1743 452 1781 et
488 1740 698 1782 iecuscula
734 1740 850 1782 fibris
887 1739 1184 1781 tumidioribus
1227 1741 1270 1780 et
1305 1738 1456 1780 bulbos

139 1797 263 1851 spiris
294 1797 554 1852 ingentibus.
601 1800 644 1839 et
676 1798 848 1840 omnino
879 1797 1021 1853 ipsum
1051 1797 1193 1838 uidere
1224 1810 1307 1850 qua
1336 1796 1457 1838 nobis
1485 1803 1488 1806 ’

138 1855 304 1896 ratione
347 1858 533 1908 constat,
576 1857 674 1910 quia
717 1856 858 1898 solent
895 1855 945 1897 de
983 1856 1065 1897 hoc
1106 1868 1192 1896 non
1234 1854 1341 1895 nulli
1381 1867 1489 1895 nec·

138 1926 238 1954 uera
270 1926 348 1954 nec
378 1914 467 1954 ueri
498 1913 654 1955 similia
685 1913 891 1956 sentire?'
953 1916 996 1955 et
1026 1912 1220 1954 Disarius
1486 1961 1492 1968 ,>

99 1971 126 2013 2
257 1969 415 2024 ‘Aqua'
441 1971 580 2025 inquit
610 1970 801 2014 ‘densior
825 1974 890 2013 est
915 1971 1023 2013 aeris
1053 1970 1274 2023 tenuitate,
1299 1971 1341 2010 et
1365 1968 1457 2010 ideo

236 2104 278 2135 10
305 2100 370 2136 Od.
395 2103 414 2137 Ζ
439 2105 506 2137 218
579 2105 622 2137 13
647 2101 697 2138 ib.
723 2105 742 2138 ζ
767 2105 833 2136 226

232 2226 255 2257 4
278 2222 474 2258 nausicaan
501 2223 537 2258 P
630 2227 673 2258 13
703 2223 743 2258 ἐκ
792 2223 870 2258 EG(
901 2222 937 2257 P
1026 2222 1174 2257 ΧΛΟΟΝ
1208 2221 1244 2255 Ρ
1336 2223 1380 2255 14
1409 2219 1457 2255 se·
1482 2218 1484 2224 ’

141 2269 276 2313 quntuf
300 2269 335 2302 P
403 2273 446 2303 22
472 2269 719 2316 sc1tamonltoy
777 2270 785 2282 '
858 2272 902 2304 26
929 2267 1053 2303 fribus
1074 2268 1110 2303 P
1175 2266 1308 2302 buluaf
1327 2267 1365 2302 P
