1526 2444
149 83 234 124 292
649 81 748 116 SAT.
774 79 903 116 LIBRI
926 80 960 115 V

81 188 134 231 27
207 188 266 229 τὼ
298 185 376 241 μὲν
407 187 490 239 ἄρα
521 187 792 240 προπάροιθε
822 186 1001 228 πυλάων
1030 185 1240 240 ὑψηλάων

209 245 393 287 ἕστασαν
424 245 481 293 ὡς
511 244 580 286 ὅτε
612 260 656 286 τε
689 245 817 299 δρύες
846 244 1022 298 οὔρεσιν
1051 245 1328 298 ὑψικάρηνοι,

209 301 290 344 αι’τ’
325 303 485 356 ἄνεμον
516 305 722 356 μίμνουσι
751 301 822 343 καὶ
851 301 979 344 ὑετὸν
1011 303 1150 356 ἤματα
1179 303 1332 356 πάντα,

208 361 377 434 ῥίζῃσιν
407 360 615 427 μεγάλῃσι
642 359 874 413 διηνεκέεσ’
911 360 1131 414 ἀραρυῖαι·
1523 390 1526 417 3

208 434 265 467 ως
295 434 378 471 αρα
409 415 467 459 τὼ
498 421 686 472 χειρεσσι
716 420 973 489 πεποιθότες
1002 415 1079 470 ἠδὲ
1109 419 1236 486 βίηφι
1503 433 1526 459 5:

209 480 369 530 μίμνον
401 476 687 531 ἐπερχόμενον
718 474 852 530 μέγαν
872 472 1023 517 ’Ἄσιον
1055 471 1148 517 οὐδ’
1185 475 1404 529 ἐφέβοντο.
1524 471 1526 476 ’

79 546 134 587 28
150 544 299 587 Graeci
330 546 487 586 milites
520 545 774 598 Polypoetes
805 547 848 586 et
876 545 1086 586 Leonteus
1118 547 1235 586 stant
1264 559 1340 598 pro
1373 560 1466 598 por·
1523 550 1526 604 j

147 604 215 655 tis,
259 606 302 644 et
342 603 581 644 immobiles
619 604 769 644 Asium
813 603 1105 644 aduenientem
1148 602 1316 644 hostem
1352 603 1468 644 uelut
1520 618 1526 651 ς

77 662 132 703 29
147 661 255 702 fixae
298 661 470 703 arbores
508 661 794 715 opperiuntur.
857 660 1064 702 haetenus
1101 664 1168 701 est
1204 659 1365 702 Graeca
1400 661 1467 701 de·
1522 667 1526 698 1

149 719 336 773 scriptio.
396 733 544 760 uerum
575 717 823 772 Vergiliana
852 717 998 760 Bitian
1029 720 1072 760 et
1101 717 1341 759 Pandarum
1371 732 1466 772 por·
1485 733 1499 758 1

148 779 237 817 tam
277 777 390 818 ultro
426 776 639 818 recludere
676 776 798 830 facit,
842 777 1060 818 oblaturos
1096 775 1212 817 hosti
1249 776 1357 830 quod
1393 790 1468 830 per

150 837 251 875 uota
288 834 537 888 quaerebat,
572 836 621 875 ut
658 847 816 887 conpos
847 836 1080 876 castrorum
1110 834 1246 887 fieret,
1283 847 1357 887 per
1386 833 1467 875 hoo

148 891 313 934 futuros
341 892 386 933 in
410 892 599 933 hostium
622 894 851 946 potestate:
883 894 924 932 et
949 892 1140 946 geminos
1166 892 1316 932 heroas
1342 891 1466 932 modo

147 952 283 991 turres
314 952 457 1002 uocat,
490 949 615 990 modo
646 949 847 991 describit
875 951 968 990 luce
1000 951 1222 991 cristarum
1255 963 1466 990 coruscos:

146 1021 223 1048 nee
254 1008 472 1060 arborum,
503 1009 550 1048 ut
583 1007 672 1058 ille,
709 1007 1028 1048 similitudinem
1060 1007 1358 1061 praetermisit,
1393 1007 1465 1048 sed
1485 1020 1499 1044 1

77 1065 134 1107 30
146 1065 315 1106 uberius
353 1080 444 1107 eam
483 1065 782 1119 pulchriusque
819 1065 1051 1118 descripsit.
1110 1079 1186 1105 nee
1222 1065 1302 1106 hoo
1339 1078 1465 1119 nega-

150 1124 292 1177 uerim,
323 1123 474 1164 cultius
507 1137 531 1163 a
558 1122 735 1164 Marone
766 1123 979 1177 prolatum

206 1192 280 1234 olli
311 1192 414 1234 dura
446 1192 562 1246 quies
596 1192 738 1233 oeulos
771 1195 812 1232 et
843 1191 1001 1232 ferreus
1036 1194 1188 1245 urguet

205 1265 394 1291 somnus:
426 1250 469 1290 in
502 1251 716 1291 aeternam
749 1250 1000 1290 clauduntur
1030 1249 1190 1290 lumina
1219 1251 1395 1290 noctem.

207 1304 265 1357 ὦς
295 1307 318 1349 ὁ
351 1304 430 1361 μὲν
461 1308 571 1348 ἔνθα
600 1306 744 1348 πεσὼν
775 1309 1009 1361 κοιμήσατο
1040 1307 1222 1361 χάλκεον
1251 1307 1402 1349 ὕπνον.

80 1377 166 1443 Χῌ
220 1376 316 1475 h‘In
348 1376 557 1431 aliquibus
589 1391 666 1430 par
695 1391 828 1431 paene
860 1377 1056 1431 splendor
1087 1377 1306 1418 amborum
1332 1379 1396 1418 est
1419 1383 1466 1419 ut

147 1449 191 1476 m
252 1450 288 1476 is

426 1492 583 1546 sparsit
612 1506 708 1533 rara
733 1493 892 1546 ungula
922 1507 1039 1534 rores

206 1550 459 1605 sanguineos
490 1550 704 1603 mixtaque
735 1564 856 1591 eruor
887 1551 1072 1592 calcatur
1102 1565 1239 1593 arena.

425 1608 570 1661 αἵματι
602 1605 640 1648 δ’
677 1606 789 1658 ἄξων
1483 1629 1499 1654 2

206 1664 367 1719 νέρθεν
398 1667 507 1714 ἅπας
530 1665 772 1707 πεπάλακτο
798 1664 868 1707 καὶ
896 1667 1077 1719 ἄντυγες
1102 1666 1150 1707 αἰ
1169 1665 1267 1720 περὶ
1292 1667 1465 1720 δίφρον.
1505 1712 1507 1715 ,

242 1770 258 1800 1
279 1767 385 1802 11.M
413 1771 475 1801 131
541 1770 583 1802 18
607 1767 697 1802 Aen.
722 1767 756 1801 X
775 1770 841 1802 745
900 1771 945 1802 20
970 1768 1011 1802 Il.
1037 1770 1065 1802 Λ
1084 1771 1150 1802 241
1213 1773 1257 1803 23
1282 1768 1371 1804 Aen.
1397 1769 1465 1803 XII

147 1816 214 1877 3—5-39
287 1816 330 1845 25
356 1813 396 1847 Π
423 1815 450 1847 Λ
475 1816 543 1848 534

242 1909 257 1938 1
283 1875 367 1939 ΕΡΔ
394 1905 430 1939 Ρ
512 1907 661 1940 πυλάων
685 1906 735 1951 ὑ.]
761 1907 1065 1942 ΠΥΨ*ΗΛΛ(ΟΝ
1093 1909 1147 1951 (in
1169 1919 1240 1943 νας.
1266 1909 1338 1950 fuit
1364 1910 1406 1951 Ν)
1431 1910 1468 1944 Ρ

148 1955 168 1984 2
194 1951 368 1985 Senticam
400 1951 434 1984 Ρ
525 1953 651 1987 ΔΡΙΕ(
675 1953 712 1986 Ρ
796 1954 1028 1988 ΥΨΙΚΡΗΝΟΙ
1054 1954 1091 1988 Ρ
1169 1957 1190 1988 3
1215 1955 1407 1990 ΑΝΕΜΟΜ
1433 1956 1469 1990 Ρ
1500 1986 1503 1987 ⁷

150 1998 235 2031 ΚΔΥ
263 1999 298 2030 1²
366 1999 488 2042 ὑετόν]
513 1999 657 2033 ΤΕΤΟΝ
687 1999 722 2032 Ρ
776 2000 912 2045 πάντα]
941 2001 1087 2035 ΝΑΝΤΔ
1109 2001 1144 2034 Ρ
1201 2004 1223 2035 4
1249 2003 1411 2036 ΡΙΖΕΕΙΝ
1432 2002 1469 2036 Ρ

148 2043 283 2078 ΔΙΗΝΕ
321 2043 671 2078 ΚΕΕΕΔΡΑΡΥΤΔΙ·
694 2046 699 2089 Ι
729 2046 764 2079 Ρ
902 2050 923 2080 5
956 2047 1393 2083 ΧΕΙΡΕΕΙΠΕΠΟΙΘΕΤΕΕ
1431 2049 1467 2082 Ρ

149 2123 244 2158 enom
271 2124 307 2158 P
375 2128 394 2159 -ι
420 2125 520 2169 ppoh
523 2124 671 2160 oaesP
739 2130 759 2161 8
785 2126 1021 2162 &1a1m0b11es
1044 2128 1079 2162 P
1148 2132 1168 2162 9
1194 2128 1406 2174 opeflnum·
1433 2130 1469 2164 P
1525 2106 1526 2154 ἶ

150 2172 193 2203 14
218 2170 408 2205 chorurcor
427 2171 464 2205 Ρ
551 2174 596 2206 20
621 2173 923 2208 χΑκεοΝγΠΝο
942 2174 978 2208 Ρ
1069 2178 1113 2209 26
1138 2175 1405 2212 ΠεΝΑΛΑκτο
1429 2175 1466 2210 Ρ
1524 2177 1526 2223 ς

147 2228 283 2261 ΑΝΓΕ(
307 2228 344 2262 Ρ
422 2230 574 2264 ΛΙΦΡΟ-
601 2229 637 2263 Ρ
711 2241 801 2275 quae
820 2235 903 2275 post
926 2231 1058 2274 δίφρον
1083 2233 1227 2268 addidit
1250 2234 1293 2268 ἃ(
1317 2235 1374 2278 ἄρ’
1398 2235 1492 2280 ἀφ’
1524 2226 1526 2264 ἶ

147 2273 298 2307 ἱππείων
322 2275 464 2309 ὁπλέων
489 2276 706 2319 ῥαθάμιγγες
730 2278 879 2319 ἔβαλλον
903 2277 1048 2322 lanius,
1077 2289 1150 2314 non
1173 2279 1339 2324 lequntwr
1361 2282 1404 2315 in
1430 2281 1492 2315 P
1523 2268 1526 2305 ἶ
