1526 2444
529 60 581 96 VI
607 63 744 97 15-21
782 58 851 95 VH
876 63 967 95 1—5
1118 67 1121 70 ⁴
1325 58 1413 101 433

67 183 215 225 sapere
253 168 419 211 homini
457 168 717 211 ministrant.
782 168 889 210 dura
927 181 1095 224 quoque
1133 181 1227 210 esse
1260 181 1411 210 senum
1426 168 1484 211 20

66 242 246 283 corpora
283 227 405 271 nulla
439 227 654 270 dubitatio
686 230 768 279 est,
807 230 851 269 et
881 227 976 270 ideo
1008 227 1091 282 ipsi
1124 227 1256 269 etiam
1287 229 1411 269 natu-

0 333 3 339 ,
65 287 177 330 rales
221 289 388 331 meatus
432 286 477 328 in
521 287 724 330 membris
766 287 1010 329 durioribus
1049 286 1324 341 obserantur,
1368 289 1411 329 et

3 399 5 402 Α
65 346 221 389 hausto
257 346 358 388 uino
396 345 612 389 exhalatio
649 346 770 389 nulla
802 342 1034 401 contingit,
1071 345 1146 387 sed
1183 347 1324 388 totum
1358 346 1412 388 ad

0 405 203 461 15ipsam
246 405 390 447 sedem
434 404 591 448 mentis
636 405 835 447 ascendit.
904 405 1004 447 hino
1041 405 1110 460 fit,
1152 407 1201 447 ut
1238 407 1281 446 et
1318 405 1413 447 sani
1427 405 1482 448 21

65 479 188 507 senes
225 464 352 506 malis
387 464 603 507 ebriorum
636 465 854 520 laborent,
890 467 1075 508 tremore
1107 464 1412 516 membrorum,

64 523 237 579 linguae
285 523 538 577 titubantia,
589 523 852 566 abundantia
893 523 1117 579 loquendi,
1166 523 1412 567 iracundiae

65 583 366 637 concitatione,
399 582 554 649 quibus
579 584 669 624 tam
697 583 955 626 subiacent
944 597 1120 625 1uuenes
1148 582 1255 625 ebrii
1283 597 1413 650 quam

65 656 187 684 senes
215 641 357 684 sobrii.
403 641 439 684 si
465 655 567 697 ergo
593 642 733 685 leuem
758 642 1019 697 pertulerint
1045 641 1280 697 impulsum
1308 642 1412 696 uini,

11 718 46 744 10
64 715 152 743 non
183 701 400 755 accipiunt
429 701 537 743 haec
568 702 701 756 mala,
737 701 809 743 sed
840 701 1035 755 incitant,
1068 701 1222 755 quibus
1256 701 1411 743 aetatis

63 761 229 802 ratione
261 760 347 802 iam
380 760 496 816 capti
529 759 658 803 sunt?

181 818 372 861 Probata
415 819 613 862 omnibus
658 818 820 861 Disarii
864 818 1158 874 disputatione
1204 818 1484 861 subiecitVII

66 877 351 933 Symmachus
402 877 465 919 ‘ut
515 879 707 933 spectata
757 880 823 920 est
870 880 965 920 tota
1006 878 1137 933 ratio,
1186 892 1316 932 quam
1361 877 1413 920 de

63 937 285 979 muliebris
312 936 533 979 ebrietatis
559 938 740 979 raritate
760 936 958 979 Disarius
984 937 1163 991 inuenit,
1189 937 1252 978 ita
1277 951 1411 980 unum

0 1014 44 1040 2⁴15
65 997 118 1039 ab
145 1010 194 1038 eo
220 996 574 1051 praetermissum
600 999 677 1051 est,
701 996 836 1039 nimio
862 995 1035 1052 frigore,
1063 996 1176 1051 quod
1198 996 1244 1038 in
1263 1011 1411 1038 earum

0 1072 2 1074 ’
63 1070 238 1110 corpore
276 1057 360 1110 est,
396 1054 626 1110 frigescere
662 1056 866 1098 haustum
904 1057 1054 1098 uinum
1094 1057 1137 1097 et
1168 1055 1230 1097 ita
1261 1055 1412 1098 debili-

63 1116 160 1166 tari,
190 1117 239 1156 ut
263 1115 330 1156 uis
355 1115 460 1169 eius,
486 1129 594 1170 quae
620 1115 826 1171 elanguit,
850 1115 1020 1160 nullum
1046 1115 1185 1169 possit
1210 1115 1412 1170 calorem,

65 1174 116 1216 de
149 1188 232 1228 quo
263 1174 454 1216 nascitur
485 1174 684 1229 ebrietas,
716 1173 929 1217 excitare?

183 1232 250 1274 Ad
281 1233 389 1275 haec
419 1232 565 1275 Horus
598 1232 662 1275 ‘tu
687 1247 803 1289 uero,
834 1232 1103 1288 Symmache,
1135 1233 1298 1275 frustra
1325 1233 1457 1288 opi-2

10 1311 48 1337 >20
65 1292 204 1347 naris,
243 1291 447 1347 frigidam
492 1306 586 1334 esse
629 1292 857 1335 mulierum
902 1295 1120 1347 naturam,
1165 1307 1294 1348 quam
1333 1306 1414 1347 ego

67 1350 315 1394 calidiorem
346 1351 483 1405 uirili,
525 1350 562 1393 si
599 1351 680 1393 tibi
717 1351 885 1395 uolenti
922 1352 1020 1405 erit,
1051 1351 1175 1393 facile
1211 1351 1417 1406 probabo.

66 1410 224 1453 humor
271 1410 481 1452 naturalis
532 1411 576 1452 in
625 1424 820 1465 corpore,
871 1411 1042 1465 quando
1092 1413 1210 1452 aetas
1260 1410 1459 1454 transitss

0 1515 8 1521 „
68 1469 310 1524 pueritiam,
352 1469 403 1511 fit
447 1469 594 1512 durior
631 1474 675 1512 et
712 1469 877 1512 aeuitur
913 1470 958 1511 in
989 1469 1114 1525 pilos.
1182 1469 1277 1511 ideo
1314 1471 1418 1512 tunc

69 1531 112 1570 et
142 1529 278 1583 pubes
310 1530 354 1571 et
384 1542 520 1584 genae
553 1531 596 1570 et
628 1529 739 1571 aliae
770 1531 915 1584 partes
942 1529 1135 1584 corporis
1161 1528 1418 1571 uestiuntur.

0 1599 51 1639 ζεῖ»
71 1587 144 1630 sed
169 1588 212 1629 in
239 1587 440 1630 muliebri
466 1602 644 1643 corpore
670 1588 785 1630 hunc
810 1588 1034 1630 humorem
1061 1588 1203 1630 calore
1230 1588 1419 1630 siccante

65 1646 116 1688 fit
158 1646 307 1702 inopia
351 1647 554 1702 pilorum,
598 1650 642 1689 et
683 1647 778 1690 ideo
820 1648 866 1690 in
910 1661 1090 1702 corpore
1129 1661 1254 1689 sexus
1291 1647 1417 1689 huius

10 1760 12 1764 Ι
66 1707 213 1747 manet
251 1706 478 1749 continuus
517 1706 720 1762 splendor
757 1709 801 1749 et
838 1706 1008 1749 leuitas.
1069 1708 1137 1748 est
1175 1709 1218 1748 et
1254 1706 1336 1749 hoc
1370 1706 1459 1753 in4

64 1764 153 1807 illis
172 1764 375 1807 indicium
395 1765 566 1820 caloris,
585 1765 850 1809 abundantia
871 1765 1098 1821 sanguinis
1119 1766 1239 1808 cuius
1259 1768 1417 1809 natura

65 1823 211 1866 feruor
242 1826 319 1880 est,
350 1825 425 1880 qui
455 1839 509 1867 ne
539 1827 641 1867 urat
672 1839 839 1892 corpus,
871 1825 908 1868 si
938 1825 1111 1879 insidat,
1143 1824 1294 1867 crebra
1319 1839 1416 1879 pur-

7 1899 47 1929 ιο
65 1882 240 1939 gatione
285 1883 563 1926 subtrahitur.
631 1884 727 1939 quis
766 1897 869 1940 ergo
908 1884 1025 1927 dicat
1060 1883 1262 1939 frigidas,
1308 1898 1415 1940 quas

65 1956 192 1984 nemo
241 1944 388 1997 potest
429 1956 591 1999 negare
634 1943 786 1998 plenas
833 1943 1007 1999 caloris,
1057 1943 1158 2000 quia
1203 1943 1416 2000 sanguine

65 2001 217 2056 plenae
243 2001 374 2044 sunt?
424 2001 577 2044 deinde
602 2002 706 2045 licet
729 2003 882 2046 urendi
908 2017 1089 2058 corpora
1115 2002 1414 2045 defunctorum
1430 2007 1458 2051 5

65 2074 168 2103 usus
198 2062 348 2104 nostro
381 2061 551 2103 saeculo
582 2061 728 2104 nullus
762 2063 835 2115 sit,
868 2063 996 2105 lectio
1029 2065 1177 2105 tamen
1209 2061 1335 2105 docet
1366 2076 1415 2104 eo

65 2121 260 2174 tempore
298 2134 382 2175 quo
422 2121 514 2176 igni
551 2120 643 2163 dari
679 2121 821 2164 honor
851 2122 1034 2164 mortuis
1065 2121 1326 2176 habebatur,
1364 2122 1416 2163 si-

0 2194 50 2230 {⁸5
68 2179 238 2233 quando
270 2194 350 2221 usu
382 2180 584 2235 uenisset,
615 2182 663 2222 ut
692 2181 818 2236 plura
849 2195 1030 2237 corpora
1063 2181 1191 2223 simul
1221 2180 1418 2223 incende-

0 2309 2 2326 ³
164 2310 206 2342 19
231 2305 395 2343 simache
420 2307 457 2342 P
530 2311 575 2343 28
600 2307 859 2344 habundantia
884 2309 921 2344 P

138 2371 326 2399 Macnomvs
1087 2373 1132 2404 28
