1526 2444
636 88 670 124 V
697 91 835 124 13-24
1327 85 1414 128 427

65 198 351 241 admiratione
380 196 633 239 referentem
665 197 706 239 εἰ
734 196 783 238 ἓν
815 193 870 250 ἦν
902 196 925 239 ὁ
955 197 1210 251 ἄνθρωπος,
1243 193 1324 237 οὐκ
1355 193 1410 236 ἂν

65 258 241 312 ἤλγεεν·
274 255 400 311 ἀλγεῖ
430 254 492 311 δέ,
524 255 604 299 οὐκ
635 256 720 311 ἄρα
751 255 801 297 ἓν
827 255 929 298 ἐστί.
979 269 1081 311 ergo
1108 255 1144 296 si
1167 255 1298 296 homo
1323 268 1411 296 non

63 330 213 371 unum,
261 315 512 358 nutriendus
562 317 627 357 est
675 329 763 357 non
814 328 864 357 ex
907 328 1005 356 uno.
1078 328 1180 355 nam
1224 315 1267 354 et
1310 313 1413 354 deus
1427 313 1485 355 20

65 375 253 417 omnium
301 374 536 416 fabricator
586 388 727 416 aerem
777 388 861 428 quo
913 372 1314 426 circumfundimur,
1370 373 1414 414 et

29 434 184 476 ecuius
223 433 435 488 spiramus
473 433 651 487 haustu,
686 447 776 475 non
814 432 1054 487 simplicem
1085 431 1243 473 habere
1274 429 1415 472 uoluit

66 492 332 548 qualitatem,
362 495 411 534 ut
444 495 518 534 aut
548 491 731 547 frigidus
764 492 821 534 sit
853 505 1022 545 semper
1053 496 1127 532 aut
1159 490 1307 543 caleat,
1340 488 1415 531 sed

64 565 142 593 nec
180 551 410 593 continuae
449 551 632 593 siccitati
662 565 741 593 nec
772 552 980 606 perpetuo
1013 564 1111 592 eum
1144 548 1308 591 addixit
1337 548 1413 590 hu-

65 610 194 665 mori,
232 611 333 665 quia
371 624 458 652 una
487 624 566 652 nos
598 623 688 652 non
718 611 892 665 poterat
924 608 1133 664 qualitate
1164 608 1330 650 nutrire
1362 607 1413 649 de

70 668 292 723 permixtis
326 671 530 724 quattuor
560 668 809 710 fabricatos.
864 682 940 709 uer
972 681 1075 723 ergo
1103 666 1286 709 calidum
1311 665 1414 708 fecit

12 742 47 769 10
65 730 109 769 et
150 727 415 781 humectum,
460 728 573 769 sicca
616 731 682 769 est
719 729 861 768 aestas
899 729 943 767 et
980 725 1135 776 calida,
1179 727 1412 767 autumnus

65 786 201 829 siccus
234 789 275 828 et
302 786 498 842 frigidus,
529 786 667 827 hiems
693 785 869 827 humida
894 785 1057 840 pariter
1083 786 1126 826 et
1149 783 1310 839 frigida
1335 787 1412 825 est.

65 845 126 887 sic
158 847 202 887 et
233 845 456 900 elementa,
488 858 596 900 quae
629 847 730 886 sunt
759 845 911 886 nostra
941 843 1166 898 principia,
1198 857 1249 884 ex
1275 842 1481 884 diuer-21

65 903 264 946 sitatibus
305 906 347 946 et
383 904 478 959 ipsa
513 905 714 946 constant
746 905 789 944 et
819 917 899 945 nos
930 902 1140 944 nutriunt.
1201 903 1267 943 est
1298 901 1413 943 enim

63 962 177 1018 ignis
208 962 370 1005 calidus
402 965 445 1004 et
476 962 627 1017 siccus,
659 976 730 1004 aer
760 961 986 1004 humectus
1018 963 1062 1003 et
1093 960 1268 1015 calidus,
1301 974 1414 1015 aqua

11 1035 46 1062 1⁶
65 1021 264 1063 similiter
294 1021 497 1064 humecta
529 1021 603 1063 sed
634 1021 809 1076 frigida,
840 1028 955 1063 terra
985 1019 1146 1075 frigida
1176 1020 1340 1074 pariter
1370 1022 1414 1061 et

65 1080 187 1123 sicca.
243 1095 317 1123 cur
344 1094 446 1137 ergo
472 1094 552 1123 nos
579 1080 631 1122 ad
657 1080 915 1122 uniformem
941 1079 1084 1122 cibum
1109 1078 1283 1134 redigis,
1316 1092 1413 1120 cum

63 1139 175 1181 nihil
205 1153 283 1181 nec
313 1139 359 1180 in
389 1139 514 1181 nobis
546 1154 625 1181 nec
651 1139 764 1181 circa
788 1153 869 1181 nos
898 1152 976 1180 nec
1002 1138 1047 1179 in
1072 1138 1152 1192 his,
1178 1137 1229 1179 de
1256 1137 1412 1191 quibus

0 1241 1 1247 ,
65 1212 229 1252 sumus,
266 1197 478 1240 uniforme
516 1198 602 1240 sit?
663 1197 777 1253 quod
816 1200 960 1240 autem
999 1211 1192 1239 acescere
1223 1196 1294 1238 uel
1324 1210 1412 1238 non
1425 1197 1483 1239 22

0 1288 1 1314 ¹
63 1271 301 1312 numquam
344 1257 510 1299 fumare
550 1257 595 1298 in
635 1256 857 1299 stomacho
896 1257 1038 1299 cibum
1075 1255 1142 1297 uis
1182 1255 1411 1310 adsignare

11 1330 47 1357 πο
64 1316 277 1371 uarietati,
309 1318 358 1357 ut
387 1317 620 1371 credamus,
651 1316 902 1370 pronunties
928 1317 1111 1369 oportet,
1144 1316 1219 1356 aut
1244 1328 1414 1368 semper

65 1389 181 1431 eum,
212 1375 285 1430 qui
315 1375 436 1417 uario
471 1375 565 1417 cibo
596 1376 751 1427 utitur,
786 1374 893 1416 haec
923 1373 1034 1428 pati,
1072 1375 1148 1415 aut
1177 1387 1414 1427 numquam

65 1434 186 1476 illum
235 1434 346 1489 pati,
398 1434 471 1488 qui
520 1433 759 1488 simplicem
810 1433 954 1475 sumit.
1026 1432 1063 1474 si
1105 1446 1210 1474 uero
1255 1434 1298 1473 et
1341 1432 1415 1486 qui

64 1507 214 1535 mensa
249 1492 408 1534 fruitur
445 1493 638 1547 copiosa,
676 1492 757 1534 hoc
793 1491 949 1534 uitium
988 1505 1114 1546 saepe
1151 1504 1238 1532 non
1271 1491 1414 1542 sentit,

65 1554 109 1593 et
146 1552 219 1606 qui
257 1566 302 1593 se
339 1566 423 1594 uno
462 1552 557 1594 cibo
595 1550 761 1606 adficit,
799 1564 924 1605 saepe
963 1550 1148 1592 sustinet
1185 1549 1266 1591 hoc
1299 1549 1414 1604 quod

13 1623 47 1651 25
66 1624 260 1666 accusas,
297 1624 372 1652 cur
401 1610 483 1653 hoc
514 1610 718 1653 uarietati
749 1612 793 1651 et
822 1624 911 1652 non
943 1609 1071 1651 modo
1104 1608 1308 1650 edacitati
1339 1607 1414 1650 ad-

66 1669 240 1724 signas?
307 1683 409 1711 nam
453 1672 496 1711 et
538 1669 589 1711 de
632 1668 817 1723 simplici
864 1668 1017 1710 auidus
1054 1682 1212 1710 noxam
1251 1667 1416 1722 patitur

66 1727 304 1784 cruditam,
334 1731 378 1770 et
408 1729 453 1770 in
485 1728 606 1771 uario
632 1728 879 1770 moderatus
906 1727 1160 1783 digestionis
1187 1726 1413 1768 commodo

65 1787 232 1830 fruitur.
306 1789 367 1842 at,
414 1787 599 1843 inquies,
649 1787 745 1841 ipsa
787 1786 1077 1829 inmoderatio
1123 1800 1175 1827 ex
1219 1785 1412 1827 ciborum
1426 1786 1484 1828 23

65 1846 275 1888 uarietate
305 1846 498 1889 nascitur
529 1846 737 1888 titillante
769 1846 871 1901 gula
896 1847 939 1887 et
963 1844 1018 1886 ad
1044 1844 1251 1886 sumenda
1275 1844 1412 1899 plura,

7 1916 52 1956 '⁸0
69 1918 196 1959 quam
235 1918 409 1947 necesse
448 1908 533 1960 est,
575 1907 852 1960 prouocante.
919 1918 1067 1946 rursus
1106 1903 1159 1945 ad
1197 1917 1266 1958 ea,
1304 1917 1413 1958 quae
1428 1904 1486 1946 24

7 1959 9 1988 ἶ
66 1963 152 2006 iam
184 1963 283 2018 dixi,
313 1964 527 2018 reuoluor,
559 1962 790 2006 cruditates
822 1963 873 2006 de
905 1963 1047 2017 modo,
1078 1977 1165 2005 non
1197 1961 1247 2004 de
1280 1962 1416 2017 quali-

66 2024 158 2064 tate
194 2023 431 2076 prouenire.
492 2022 667 2066 modum
704 2036 806 2065 uero
846 2024 1007 2076 seruat,
1047 2022 1119 2076 qui
1159 2021 1226 2063 sui
1259 2023 1413 2076 potens

162 2136 180 2167 1
200 2135 282 2177 περὶ
301 2134 428 2177 φύειοε
446 2133 646 2177 ἀνθρώπου
668 2133 754 2168 sect.
776 2131 827 2167 III
847 2143 883 2177 p.
902 2135 926 2166 4
941 2131 997 2167 ed.
1011 2131 1104 2168 Foes
1119 2132 1168 2177 (p.
1183 2134 1230 2166 20
1243 2130 1415 2176 Froben).

10 2243 13 2266 ῑ
163 2236 181 2267 1
208 2233 467 2268 ammiratione
494 2232 531 2267 P
615 2235 645 2267 2-
664 2231 825 2267 ΕΛΓΕΕΝ
853 2231 890 2267 Ρ
976 2224 1012 2268 ξ
1028 2231 1085 2267 ert
1110 2232 1147 2267 Ρ
1252 2235 1272 2266 3
1297 2232 1416 2266 nutri·

69 2279 165 2315 endu
196 2279 233 2314 P
330 2283 350 2315 9
381 2278 546 2326 pmixtos
575 2278 624 2313 P'
745 2282 785 2313 11
818 2277 966 2325 h1emps
992 2280 1029 2314 P
1124 2282 1166 2313 15
1200 2290 1222 2314 a
1252 2282 1352 2314 terra
1382 2278 1420 2313 P

71 2330 113 2362 17
140 2326 208 2362 nos
228 2337 293 2363 om.
323 2326 360 2361 P
430 2330 475 2361 23
503 2325 649 2370 copiosa
673 2336 738 2362 om.
766 2322 811 2360 P'
