1526 2444
553 86 571 119 1
595 88 735 122 24-25
772 85 806 121 11
834 88 924 120 1-9
1329 84 1415 126 411

67 195 301 250 ceterisque
352 193 576 236 similibus.
649 195 752 236 tunc
803 195 919 236 enim
967 193 1167 236 uidentur
1210 194 1417 249 consequi

67 255 254 296 fructum
266 253 438 305 laboris,
453 267 549 295 cum
564 252 860 308 adipiscuntur
873 253 1140 296 occasionem
1153 252 1416 308 publicandi,

0 342 4 347 -
68 327 177 368 quae
209 311 456 367 didicerant,
488 312 579 354 sine
610 312 914 355 ostentationis
940 315 1058 364 nota,
1089 327 1175 368 qua
1199 314 1316 355 caret
1343 311 1418 367 qui

5 409 7 413 .
66 386 154 414 non
183 371 342 427 ingerit
374 371 447 413 sed
477 371 688 414 inuitatur
717 374 766 414 ut
797 371 1002 426 proferat.
1052 373 1205 414 contra
1233 370 1458 427 magnae5

28 447 46 474 5
69 430 370 473 amaritudinis
402 432 479 486 est,
515 431 550 472 si
582 445 727 473 coram
758 431 908 473 multis
942 431 1130 486 aliquem
1161 430 1417 486 interroges,

66 489 180 545 quod
210 504 297 532 non
330 490 474 544 opima
506 490 685 532 scientia
717 491 944 545 quaesiuit.
995 490 1166 546 cogitur
1198 490 1315 532 enim
1342 492 1418 532 aut

65 562 225 605 negare
257 563 301 591 se
334 549 452 602 scire,
485 549 597 603 quod
629 552 866 591 extremum
897 549 1179 592 uerecundiae
1210 548 1416 591 damnum

63 609 236 663 putant,
276 610 349 649 aut
389 607 648 662 respondere
680 610 840 651 temere
874 611 918 651 et
948 608 1130 651 fortuito
1164 623 1209 650 se
1242 609 1416 650 euentui

64 666 155 709 ueri
186 665 342 709 falsiue
374 667 656 722 committere,
686 667 799 709 unde
832 681 958 723 saepe
990 667 1185 709 nascitur
1216 667 1414 711 inscitiae

12 743 47 769 10
64 724 266 781 proditio,
297 728 340 767 et
366 740 490 768 omne
515 726 597 768 hoc
622 726 905 768 infortunium
930 726 1108 781 pudoris
1136 726 1202 768 sui
1227 726 1416 781 imputat

66 785 321 827 consulenti.
377 798 456 826 nec
486 799 574 827 non
606 787 649 827 et
681 785 753 840 qui
786 785 987 827 obierunt
1018 785 1156 826 maria
1188 787 1232 827 et
1261 784 1457 839 terras,6

65 843 254 899 gaudent
291 858 389 885 cum
427 843 477 885 de
516 844 666 898 ignoto
699 844 847 886 multis
880 844 950 886 uel
981 846 1194 886 terrarum
1228 844 1313 886 situ
1344 845 1414 887 uel

65 902 162 944 sinu
206 901 337 944 maris
378 903 718 958 interrogantur,
763 903 1034 959 libenterque
1071 903 1335 959 respondent
1372 907 1415 945 et

63 960 311 1003 describunt
345 961 473 1004 modo
511 961 656 1004 uerbis
694 962 822 1005 modo
860 962 981 1004 radio
1022 963 1137 1018 loca,
1177 963 1416 1017 gloriosum

10 1035 46 1063 15
63 1022 284 1075 putantes,
330 1035 438 1075 quae
475 1020 560 1076 ipsi
596 1020 795 1063 uiderant
833 1021 1018 1063 aliorum
1056 1021 1191 1064 oculis
1232 1022 1414 1064 obicere.

63 1079 164 1134 quid
190 1079 317 1121 duces
342 1079 413 1121 uel
438 1079 628 1122 milites?
655 1095 783 1135 quam
806 1080 978 1123 fortiter
998 1096 1023 1123 a
1044 1095 1088 1123 se
1108 1080 1226 1123 faeta
1245 1095 1414 1136 semper
1429 1080 1454 1122 7

64 1137 303 1180 dicturiunt
340 1140 383 1179 et
419 1140 566 1180 tamen
598 1141 745 1181 tacent
776 1140 1050 1195 arrogantiae
1084 1140 1232 1182 metu?
1269 1154 1413 1183 nonne

64 1196 128 1251 hi,
172 1196 208 1239 si
251 1199 300 1239 ut
341 1197 447 1239 haec
490 1197 699 1252 referant,
741 1199 1000 1255 inuitentur,
1043 1199 1283 1242 mercedem
1329 1199 1412 1241 sibi

62 1255 222 1297 laboris
243 1256 479 1298 aestimant
498 1257 780 1312 persolutam,
802 1259 1189 1301 remunerationem
1209 1261 1412 1313 putantes

9 1331 44 1358 no
62 1314 176 1356 inter
205 1315 400 1357 uolentes
431 1330 621 1371 narrare,
653 1331 760 1371 quae
791 1317 1012 1360 fecerant?
1062 1317 1166 1360 adeo
1199 1321 1344 1359 autem
1370 1317 1454 1360 id8

63 1386 198 1429 genus
234 1375 535 1416 narrationum
573 1375 707 1417 habet
746 1376 961 1430 quendam
1000 1377 1164 1433 gloriae
1201 1391 1413 1432 saporem,

61 1434 132 1486 ut,
172 1432 210 1474 si
246 1433 382 1475 inuidi
419 1433 489 1475 uel
528 1434 686 1476 aemuli
723 1434 835 1477 forte
871 1437 1122 1489 praesentes
1161 1435 1267 1492 sint,
1304 1436 1413 1478 tales

11 1527 13 1529 .
62 1491 426 1548 interrogationes
447 1492 734 1548 obstrependo
756 1494 988 1536 discutiant
1008 1497 1051 1536 et
1069 1494 1176 1536 alias
1190 1495 1411 1538 inferendo

61 1549 232 1592 fabulas
272 1551 527 1606 prohibeant
564 1552 639 1594 illa
676 1553 857 1608 narrari,
897 1567 1005 1608 quae
1045 1554 1185 1596 solent
1214 1554 1411 1596 narranti

9 1625 44 1654 8⁵
61 1608 234 1651 laudem
266 1623 421 1654 creare.
470 1610 660 1666 pericula
691 1626 860 1667 quoque
887 1613 1123 1668 praeterita
1148 1613 1219 1654 uel
1244 1613 1451 1655 aerum-9

61 1682 141 1710 nas
166 1668 339 1724 penitus
367 1670 605 1726 absolutas,
631 1671 704 1725 qui
732 1671 883 1726 euasit,
909 1674 958 1713 ut
981 1671 1140 1714 referat
1166 1672 1413 1728 gratissime

0 1740 2 1778 ς
61 1734 341 1781 prouocatur:
389 1744 491 1771 nam
537 1730 610 1785 qui
653 1729 791 1772 adhuc
834 1730 880 1772 in
923 1731 1029 1786 ipsis
1073 1731 1142 1773 uel
1186 1731 1411 1786 paululum

0 1784 2 1831 ὲ
61 1786 294 1842 detinetur,
331 1787 480 1830 horret
517 1788 858 1832 admonitionem
896 1793 939 1832 et
976 1790 1181 1833 formidat
1211 1791 1411 1834 relatum.

0 1841 3 1894 Ξ
62 1844 106 1886 id
138 1845 243 1888 adeo
274 1845 550 1902 Euripides
583 1849 794 1902 expressit

0 1895 46 1971 iao
124 1927 183 1977 ὡς
213 1927 300 1982 ἡδύ
330 1944 398 1971 τοι
430 1928 633 1972 σωθέντα
664 1935 914 1985 μεμυῆσθαι
945 1933 1107 1974 πόνων.

157 2053 203 2085 30
228 2049 355 2095 Eurip.
379 2050 512 2096 fragm.
541 2055 606 2086 131
634 2052 776 2088 Nauck.

155 2163 178 2194 4
203 2163 314 2207 igerit
339 2161 384 2197 P‘
453 2166 472 2197 7
500 2162 626 2208 dapnfi
652 2163 688 2198 P
761 2168 803 2199 13
829 2164 1051 2211 respendent
1076 2163 1124 2202 P'
1201 2170 1245 2202 16
1271 2167 1415 2213 semper

7 2231 9 2241 ²
61 2252 129 2278 om.
157 2241 198 2324 ἔ)
266 2246 309 2278 18
335 2245 378 2280 ut
395 2256 462 2282 om.
483 2243 527 2280 P'
602 2250 646 2281 29
670 2245 710 2280 id
729 2247 943 2294 ade0]1de0
963 2248 1000 2283 P
1070 2252 1115 2285 30
1135 2216 1414 2297 ΜεΜΝὲἶτΑι-

8 2326 11 2362 ἒ
61 2324 222 2360 ΠΟΝΟΝ
249 2326 286 2361 Ρ
