1526 2444
526 667 746 710 LIBER
789 656 1098 718 QVARTVS

206 775 1076 801 **********

599 845 791 872 sermone
822 834 1018 873 mouetur

208 902 334 942 quam
366 888 404 929 si
434 888 537 929 dura
569 888 676 930 silex
707 891 779 930 aut
811 891 895 930 stet
924 888 1139 943 Marpesia
1170 891 1326 930 cautes.

205 945 378 989 tandem
410 946 616 1000 corripuit
646 960 738 989 sese
770 949 895 1002 atque
925 947 1097 989 inimica
1126 946 1297 1000 refugit.

147 1027 251 1068 item
281 1027 437 1081 pathos
469 1029 534 1068 est
565 1029 607 1068 et
637 1027 682 1068 in
711 1027 793 1070 hoe
822 1042 948 1069 uersu

207 1108 407 1162 obstupui
439 1110 734 1163 steteruntque
759 1123 905 1150 comae
930 1111 973 1150 et
997 1122 1078 1150 uox
1103 1108 1297 1150 faucibus
1321 1108 1469 1149 haesit.
1504 1109 1526 1156 ⁵}

107 1188 222 1231 2sed
253 1191 296 1230 et
325 1190 418 1230 tota
450 1189 619 1230 Daretis
650 1187 846 1244 fatigatio
877 1189 1026 1231 habitu
1058 1189 1297 1243 depingitur
1519 1185 1526 1249 2

207 1271 275 1311 ast
304 1270 425 1311 illum
457 1270 529 1311 fidi
560 1270 757 1324 aequales
790 1283 927 1322 genua
959 1283 1087 1325 aegra
1118 1269 1357 1310 trahentem

207 1331 561 1382 quassantemque
597 1330 776 1382 utroque
812 1331 939 1382 eaput
975 1341 1244 1381 crassumque
1282 1341 1471 1369 eruorem

207 1399 278 1426 ore
310 1383 580 1442 eiectantem}

149 1466 362 1508 sociorum
394 1480 560 1521 quoque
591 1467 680 1509 eius
710 1466 1040 1522 trepidationem
1071 1467 1256 1508 breuiter
1287 1465 1471 1508 ostendit
1490 1473 1503 1498 1

416 1548 668 1603 galeamque
700 1562 926 1603 ensemque
956 1548 1098 1590 uocati

207 1606 424 1660 accipiunt

148 1686 271 1740 quasi
296 1701 384 1728 non
410 1689 562 1741 sponte
588 1687 800 1741 accepturi
825 1701 989 1739 munus,
1014 1686 1124 1741 quod
1152 1688 1244 1727 erat
1269 1685 1468 1727 damnum

146 1745 434 1787 uerecundiae.
494 1759 545 1786 ex
576 1744 721 1786 eodem
752 1758 905 1799 genere
937 1747 1001 1786 est
1031 1743 1132 1785 illud

413 1828 588 1879 totoque
619 1825 834 1880 loquentis
867 1825 919 1866 ab
952 1838 1024 1867 ore

206 1883 414 1925 scintillae
446 1884 670 1939 absistunt,
702 1883 833 1925 oculis
866 1883 994 1924 micat
1025 1882 1191 1924 aeribus
1222 1882 1346 1937 ignis.

242 2024 259 2054 1
291 2020 401 2064 Verg.
433 2020 522 2056 Aen.
553 2020 605 2055 VI
635 2024 702 2056 470
821 2025 840 2055 5
875 2020 923 2055 ib.
955 2019 988 2053 Π
1020 2022 1087 2055 774
1206 2023 1224 2054 7
1255 2018 1304 2053 ib.
1337 2019 1369 2054 V
1399 2021 1466 2053 468

148 2070 188 2101 11
216 2066 264 2102 ib.
291 2066 323 2101 V
348 2070 415 2101 471
492 2070 533 2102 15
559 2068 607 2102 ib.
633 2067 702 2102 XII
729 2070 793 2101 101
1492 2078 1494 2081 ·

238 2192 456 2228 EXPLICIT
481 2185 565 2228 LI'B‘
580 2213 587 2221 ·
607 2193 642 2228 II
662 2214 669 2221 ·
691 2192 1102 2229 SATVRNALIORVM
1122 2211 1131 2220 -
1288 2191 1465 2228 INCIPIT

144 2238 352 2322 fffffTIIJVS
377 2240 428 2275 IN
450 2240 612 2276 LAVDE
630 2239 830 2276 VIRGILII
850 2260 857 2267 -
878 2241 1091 2284 inscriptum
1115 2240 1156 2275 in
1174 2239 1211 2274 P
1279 2243 1321 2274 13
1342 2239 1467 2282 damp-
