1526 2444
108 97 190 139 188
614 98 710 136 SAT.
734 99 864 135 LIBRI
882 100 934 135 111

107 216 179 244 me
213 204 379 245 sentio
418 205 600 260 dicere,
635 205 755 260 fuga
791 206 1061 248 formidine
1091 209 1286 250 terrore
1317 222 1431 250 eon-
1500 215 1503 217 “

106 261 314 314 pleatis‚
354 262 538 316 quique
577 263 839 305 aduersum
875 264 1104 319 legiones
1136 265 1432 307 exercitum-

107 332 197 372 que
222 320 451 360 nostrum
478 335 614 362 arma
644 322 847 376 telaque
880 322 1068 377 ferent,
1099 323 1174 364 uti
1204 338 1293 365 uos
1325 338 1431 365 eum
1504 335 1505 338 ’

109 375 382 418 exereitum
431 391 512 419 eos
560 378 735 420 hostes
785 393 966 434 eosque
1014 381 1240 422 homines
1282 382 1429 422 urbes

109 447 356 488 agrosque
400 449 586 490 eorum,
629 439 676 477 et
715 437 800 491 qui
836 438 887 479 in
925 437 1002 479 his
1041 438 1168 480 loeis
1208 438 1428 493 regioni-

107 492 297 545 busque
341 493 478 547 agris
521 494 799 535 urbibusue
841 495 1098 549 habitant,
1147 496 1429 550 abducatis,

108 549 295 591 lumine
327 564 506 604 supero
538 551 775 606 priuetis‚
805 553 1178 607 exercitumque
1208 554 1431 596 hostium

107 607 255 648 urbes
287 621 535 663 agrosque
567 623 755 663 eorum,
796 624 918 664 quos
949 625 1020 651 me
1052 612 1216 652 sentio
1247 611 1430 662 dicere,

107 665 181 705 uti
218 679 304 707 uos
343 679 426 707 eas
462 667 610 708 urbes
649 681 899 722 agrosque
936 667 1105 723 capita
1136 671 1430 724 aetatesque

109 736 277 764 eorum
319 723 528 765 deuotas
572 728 993 779 consecratasque
1035 726 1268 768 habeatis
1309 727 1429 768 ollis
1450 745 1482 770 ιο

108 780 327 835 legibus,
358 781 540 835 quibus
566 783 861 837 quandoque
888 786 1004 824 sunt
1027 785 1238 825 maxime
1261 785 1432 826 hostes

41 841 90 880 11
110 837 293 879 deuoti.
337 853 523 893 eosque
550 853 639 894 ego
666 840 887 882 uicarios
919 855 1007 895 pro
1041 856 1112 883 me
1143 841 1244 883 fide
1275 843 1430 897 magi-

109 898 375 950 stratuque
406 911 512 938 meo
543 912 632 951 pro
665 899 848 952 populo
867 898 1090 941 Romano
1123 898 1431 941 exercitibus
1503 930 1507 931 γ

108 953 501 1009 legionibusque
520 955 717 997 nostris
738 955 794 997 do
815 956 1055 1008 deuoueo,
1079 960 1133 998 ut
1157 972 1229 998 me
1255 972 1432 999 meam-

109 1025 202 1065 que
227 1011 381 1053 fidem
406 1011 770 1068 imperiumque
794 1014 1021 1069 legiones
1053 1016 1431 1069 exercitumque
1451 1031 1484 1058 15

108 1070 354 1122 nostrum,
386 1070 469 1123 qui
499 1071 551 1111 in
582 1071 660 1112 his
691 1071 838 1113 rebus
870 1072 1110 1126 gerundis
1142 1076 1277 1127 sunt,
1309 1073 1432 1114 bene

110 1126 282 1169 saluos
326 1129 546 1169 seruetis
590 1142 710 1170 esse.
783 1129 825 1170 si
866 1129 986 1171 haee
1028 1130 1101 1171 ita
1141 1130 1340 1185 faxitis,
1381 1133 1435 1171 ut

108 1197 198 1238 ego
239 1184 395 1226 seiam
436 1186 649 1228 sentiam
685 1186 1104 1242 intellegamque,
1146 1190 1262 1229 tuno
1301 1188 1433 1242 quis·
1497 1203 1499 1205 ¹

109 1242 220 1296 quis
257 1242 349 1284 hoo
386 1245 558 1285 uotum
596 1244 742 1298 faxit,
778 1244 864 1286 ubi
894 1244 1040 1299 faxit,
1076 1249 1212 1287 reete
1243 1244 1432 1287 factum

109 1302 217 1341 esto
256 1300 434 1341 ouibus
472 1301 596 1342 atris
633 1301 810 1343 tribus.
879 1302 1052 1344 Tellus
1089 1306 1248 1345 mater
1284 1305 1432 1357 teque
1451 1299 1500 1346 20>

41 1357 341 1411 12Iuppiter
372 1358 612 1400 obtestor.
674 1373 768 1401 eum
801 1359 1052 1402 Tellurem
1084 1361 1204 1416 dicit,
1236 1361 1431 1403 manibus

108 1418 265 1456 terram
301 1415 461 1470 tangit:
501 1431 595 1458 cum
631 1417 799 1459 Iouem
837 1418 957 1473 dicit,
992 1433 1143 1460 manus
1182 1419 1233 1461 ad
1270 1419 1432 1460 eaelum

107 1473 238 1515 tollit:
282 1487 377 1514 eum
416 1476 589 1515 uotum
627 1476 852 1530 recipere
892 1475 1011 1530 dicit,
1053 1477 1250 1519 manibus
1286 1480 1431 1530 pectus

40 1533 93 1575 13
109 1531 260 1586 tangit.
332 1531 377 1572 in
415 1532 740 1587 antiquitatibus
778 1535 920 1575 autem
958 1534 1061 1576 haee
1097 1535 1255 1589 oppida
1290 1535 1433 1576 inueni

109 1589 262 1630 deuota
293 1590 320 1640 †
352 1588 556 1632 Stonios
595 1589 855 1645 Fregellas
888 1590 1074 1633 Grauios
1106 1592 1258 1634 Veios
1290 1592 1484 1634 Fide-25

108 1661 214 1700 nas,
244 1647 349 1688 haec
379 1647 494 1689 intra
523 1647 714 1699 Italiam,
750 1651 971 1702 praeterea
1002 1648 1359 1705 Carthaginem
1390 1653 1433 1691 et
1498 1678 1502 1698 ς

109 1702 141 1745 G
151 1704 423 1757 orinthum‚
443 1705 516 1746 sed
531 1708 574 1747 et
588 1706 743 1747 multos
758 1706 965 1748 exercitus
985 1707 1223 1761 oppidaque
1242 1707 1431 1749 hostium

109 1760 332 1803 Gallorum
356 1761 645 1816 Hispanorum
669 1761 871 1805 Afrorum
895 1764 1139 1806 Maurorum
1170 1766 1432 1820 aliarumque
1496 1766 1499 1767 ⁷

39 1822 94 1863 14
111 1820 317 1873 gentium,
349 1834 454 1874 quas
478 1821 606 1874 prisci
631 1821 827 1863 locuntur
853 1823 1039 1864 annales.
1099 1823 1197 1865 hine
1222 1837 1323 1878 ergo
1355 1826 1431 1877 est,

202 1950 217 1979 1
245 1946 426 1979 terrorum
449 1945 486 1980 Β
569 1946 786 1991 compleatis
807 1947 843 1981 Β
926 1951 946 1982 6
971 1947 1155 1982 abdmatff
1175 1948 1212 1982 P
1283 1952 1303 1983 9
1329 1949 1371 1983 ut
1396 1949 1433 1982 P

109 1994 150 2026 12
175 1991 344 2026 uocanos
363 1989 409 2025 B'
475 1992 716 2038 magistratiq.
741 1991 787 2027 B'
857 1997 898 2028 13
925 2005 983 2028 me
1007 2005 1072 2029 om.
1099 1992 1145 2028 P'
1215 1998 1257 2029 16
1276 1995 1430 2039 gerunch

105 2037 141 2072 Β
188 2037 281 2072 bene
306 2038 430 2083 §aluos
455 2041 460 2082 1
483 2039 575 2074 bene
601 2038 722 2074 saluos
737 2040 773 2074 Β
823 2043 864 2075 17
885 2039 1037 2075 seruetis
1056 2041 1274 2076 Bac-helerus
1292 2041 1428 2076 Annal.

106 2083 279 2120 Fleckeis.
310 2088 426 2129 1875,
460 2088 548 2120 340:
587 2084 701 2120 siritis
733 2085 776 2129 P,
813 2085 972 2121 fluentis
1005 2090 1046 2122 ut
1078 2087 1155 2122 uid.
1191 2088 1336 2130 scripsit
1366 2086 1428 2130 ΡΞ,

105 2130 223 2165 r1n&1s
243 2131 280 2166 Β
387 2136 429 2167 19
454 2133 580 2167 uotum
604 2131 675 2165 hoe
700 2132 736 2166 Β
843 2132 936 2167 faxit
959 2132 1023 2167 ubi
1046 2133 1110 2168 ubi
1134 2132 1227 2168 faxit
1250 2134 1287 2168 P
1384 2136 1428 2167 25
1490 2162 1493 2166 .

104 2177 228 2213 tomos
262 2177 311 2221 P,
348 2177 483 2213 stomol
517 2178 565 2222 B,
601 2177 792 2213 Histonios
829 2179 1008 2223 Bequius
1043 2179 1226 2224 Philoloqi
1257 2179 1433 2214 XXXII
1488 2186 1491 2187 ’

105 2226 177 2259 567
293 2223 449 2269 fregella
474 2225 510 2259 Β
615 2224 740 2260 camos
759 2224 802 2268 P,
825 2224 967 2261 scamof
986 2226 1022 2260 Β
1115 2229 1159 2260 26
1186 2227 1371 2271 carta-gine
1397 2225 1433 2260 P
1487 2250 1491 2251 γ

104 2296 148 2328 29
174 2292 266 2337 quos
285 2292 331 2328 B'
402 2294 564 2338 loquun?
591 2294 627 2328 P
731 2296 776 2324 ὼ
801 2282 825 2340 ἕ
849 2295 885 2329 Ρ
