1526 2444
601 70 620 107 Ι
646 73 737 107 1-8
775 69 809 105 ΙΙ
836 74 854 105 1
1319 69 1404 112 163

57 181 170 238 quod
196 179 388 224 Aeneam
413 180 668 236 contigisset
693 181 846 222 eontra
872 192 998 220 suum
1023 178 1136 220 uelle
1161 178 1204 220 in
1230 177 1408 220 Italiam

55 240 297 296 peruenire,
347 255 476 296 quam
527 238 642 295 quod
686 239 869 293 optato
920 237 1134 292 potiretur
1177 236 1409 279 Tibridis

14 345 18 348 ,
57 300 221 354 alueo,
264 299 365 355 quia
403 299 533 341 sciret
564 312 662 340 eum
693 297 776 339 hoe
808 311 934 338 amne
970 297 1245 352 purificatum
1282 311 1410 352 posse

6 397 13 412 y.
63 373 186 401 sacra
235 360 366 402 etiam
411 358 494 400 sibi
535 358 618 399 rite
661 356 883 413 perficere,
931 370 1035 398 nam
1077 370 1131 398 ne
1175 355 1412 411 supplicari

0 415 41 456 *5
61 418 232 474 quidem
253 417 336 460 sibi
357 417 410 460 ab
432 432 481 460 eo
507 416 653 459 uellet.
696 430 811 458 nunc
837 415 1040 471 quoniam
1066 415 1410 470 purificationem
1425 419 1453 462 5

59 477 111 519 ad
140 491 261 519 saera
287 491 539 532 superorum
564 475 855 531 pertinentem
880 474 1056 516 deorum
1088 475 1134 516 in
1155 473 1411 529 Vergiliana

59 536 362 578 obseruatione
393 535 751 589 monstrauimus,
791 533 1013 575 uideamus
1045 534 1192 575 utrum
1223 535 1267 575 et
1299 533 1412 576 circa

58 595 296 638 inferorum
340 595 514 637 deorum
556 594 720 637 cultum
763 591 1076 648 proprietatem
1119 592 1252 634 moris
1296 592 1411 634 idem

58 656 189 710 poeta
220 655 469 696 seruauerit.
537 655 709 696 constat
739 652 806 694 dis
839 651 1005 706 superis
1038 665 1160 694 sacra
1190 651 1451 699 facturumss

7 724 42 751 1⁰
60 714 254 768 eorporis
281 713 500 755 ablutione
531 711 721 768 purgari,
752 725 848 753 cum
880 725 982 752 uero
1014 710 1165 752 inferis
1197 710 1410 752 lit-andum

55 775 134 827 est,
166 772 274 814 satis
301 775 444 814 aetum
470 771 639 813 uidetur
665 770 703 812 si
731 769 923 825 aspersio
951 770 1042 811 sola
1069 769 1306 825 contingat.
1358 769 1409 811 de

64 831 199 873 sacris
231 831 364 886 igitur
395 844 647 886 superorum
680 830 742 871 ait
773 830 943 871 Aeneas

268 913 402 955 donee
434 927 503 955 me
534 912 707 954 flumine
738 912 839 954 uiuo

115 972 305 1015 abluero.

0 1065 36 1092 2⁵
55 1058 100 1098 at
131 1054 244 1097 Dido
277 1070 373 1098 cum
405 1069 526 1097 saera
558 1054 624 1096 dis
655 1053 804 1095 inferis
837 1054 1038 1105 instituit,
1070 1054 1132 1095 ait
1421 1059 1445 1101 7

113 1138 295 1189 Annam,
327 1152 424 1181 cara
455 1137 561 1179 mihi
592 1137 751 1190 nutrix,
781 1136 864 1179 hue
897 1136 1000 1178 siste
1034 1151 1244 1179 sororem:

115 1197 182 1239 die
214 1211 368 1251 corpus
399 1198 601 1251 properet
631 1196 797 1238 fluuiali
829 1209 1033 1252 spargere
1063 1196 1256 1252 lympha.

56 1282 100 1321 et
132 1279 237 1321 alibi

114 1364 334 1417 sparserat
364 1363 407 1403 et
437 1361 588 1403 latices
621 1360 845 1403 simulatos
875 1360 1008 1403 fontis
1042 1362 1217 1404 Auerni.

0 1456 30 1484 ιο
48 1459 127 1487 nec
157 1459 246 1487 non
275 1459 372 1486 eum
403 1443 617 1485 Misenum
649 1443 892 1498 sepulturae
924 1444 1121 1485 mandari
1151 1444 1285 1486 refert
1418 1448 1443 1491 8

109 1527 223 1569 idem
254 1529 320 1568 ter
350 1526 489 1568 socios
519 1540 628 1580 pura
661 1525 928 1569 circumtulit
959 1526 1087 1582 unda,

110 1600 319 1642 spargens
350 1599 448 1627 rore
478 1585 575 1627 leui.

51 1667 112 1710 sic
144 1670 187 1710 et
217 1682 314 1710 eum
345 1668 448 1710 facit
479 1667 658 1710 Aenean
689 1667 802 1722 apud
833 1667 994 1711 inferos
1026 1683 1196 1711 ramum
1224 1669 1400 1712 Proser-

50 1727 179 1783 pinae
211 1730 571 1782 consecraturum,
600 1726 663 1769 ita
692 1726 825 1769 infert

0 1821 34 1848 25
111 1813 291 1865 occupat
321 1810 490 1852 Aeneas
523 1810 699 1864 aditum,
730 1824 970 1865 corpusque
1002 1811 1166 1853 recenti

112 1869 281 1925 spargit
312 1884 435 1924 aqua.

167 1951 411 1994 Verborum
431 1954 573 1994 autem
593 1952 835 2014 proprietas
855 1954 947 1994 tam
966 1955 1119 2023 poetae
1150 1953 1250 1996 huie
1275 1953 1396 1996 fami·
1412 1954 1457 1996 ΙΙ

0 2106 1 2142 3
144 2095 164 2126 2
192 2091 302 2138 Verg.
327 2091 417 2128 Aen.
443 2091 514 2126 Vll
537 2095 605 2127 303
712 2095 755 2127 13
780 2092 830 2127 ib.
857 2091 891 2126 II
919 2096 985 2127 719
1091 2096 1135 2129 16
1161 2092 1210 2130 ib.
1236 2093 1307 2128 IIII
1327 2098 1398 2130 634

50 2141 94 2174 21
121 2138 172 2175 ib.
198 2138 248 2174 VI
274 2142 342 2175 229
423 2142 468 2174 25
493 2139 542 2174 lb.
568 2138 620 2174 VI
646 2142 714 2175 635

0 2285 1 2297 ἢ
145 2272 167 2304 4
191 2279 260 2305 nee
287 2269 325 2304 P
447 2272 468 2304 9
494 2280 514 2304 c
538 2270 580 2305 in
605 2268 707 2305 sacra
730 2270 772 2305 in
796 2279 869 2305 ras.
895 2269 937 2305 in
963 2269 999 2304 P
1122 2274 1164 2305 10
1189 2270 1329 2306 inferos
1348 2270 1395 2305 B'

0 2320 1 2384 1
54 2318 95 2350 11
122 2315 261 2351 factum
281 2313 326 2351 B'
390 2319 433 2351 12
458 2315 653 2362 superor-us
674 2314 720 2352 B'
786 2320 828 2352 17
853 2316 999 2363 hmpha
1026 2316 1064 2352 P
1118 2320 1161 2352 19
1187 2317 1341 2353 sarserat
1362 2318 1400 2352 P

1042 2375 1112 2411 11*
