1526 2444
593 63 663 99 XII
689 67 826 100 12-21
1326 62 1381 105 61

35 173 275 228 consilio,
316 172 480 214 altera
510 171 664 214 armis
695 185 796 213 rem
834 171 1095 227 publicam
1131 172 1384 221 tueretur,

35 233 88 275 in
118 232 359 275 honorem
389 231 659 285 utriusque
694 230 863 286 partis
902 229 1035 273 hunc
1065 229 1269 284 Maium,
1306 243 1381 272 se-

36 293 272 347 quentem
297 289 498 332 Iunium
523 303 743 331 mensem
767 303 997 331 uocasse.
1041 291 1141 331 sunt
1166 289 1239 345 qui
1264 288 1380 331 hunc
1399 288 1451 329 17

35 364 227 392 mensem
252 349 305 391 ad
329 351 503 391 nostros
527 347 667 390 fastos
693 363 719 390 a
744 347 999 390 Tusculanis
1030 348 1238 390 transisse
1269 361 1383 390 com-

38 410 295 463 memorent,
344 407 458 462 apud
507 421 614 463 quos
663 421 776 449 nunc
829 421 997 462 quoque
1046 409 1228 450 uocatur
1280 406 1383 449 deus

38 466 222 518 Maius,
260 467 332 522 qui
370 469 436 508 est
471 465 686 522 Iuppiter,
730 481 755 508 a
791 463 1093 522 magnitudine
1131 465 1297 508 scilicet
1336 480 1385 508 ac

40 526 264 568 maiestate
318 525 466 567 dictus.
546 523 738 568 CINGWS
792 539 1014 567 mensem
1068 525 1384 568 nominatum
1401 523 1455 566 18

38 587 192 640 putat
223 599 249 627 a
279 583 429 639 Maia,
462 598 610 639 quam
640 583 859 626 Vulcani
891 584 1019 626 dicit
1048 598 1274 639 uxorem,
1306 598 1384 626 ar-

39 645 385 699 gumentoque
433 642 620 696 utitur,
669 643 800 698 quod
848 643 1034 685 flamen
1082 642 1385 685 Vulcanalis

9 701 292 748 oKalendis
335 701 486 744 Maiis
529 701 647 744 huic
684 701 806 744 deae
843 716 945 743 rem
982 701 1206 743 diuinam
1243 701 1384 743 facit.

44 761 119 803 sed
143 761 253 804 Plso
285 775 489 803 uxorem
520 759 741 802 Vulcani
770 759 1037 802 Maiestam
1068 774 1168 802 non
1198 759 1384 802 Maiam

0 859 1 863 ,
44 819 150 862 dicit
180 820 366 862 uocari.
427 818 692 861 contendunt
727 819 802 861 alii
838 818 1019 861 Maiam
1055 818 1260 861 Mercurii
1295 834 1386 861 ma·
1404 817 1456 860 19

0 876 1 891 ³
43 881 155 921 trem
191 878 328 920 mensi
363 891 523 921 nomen
559 877 743 933 dedisse,
780 878 882 920 hinc
919 878 1104 920 maxime
1140 878 1387 934 probantes,

45 937 159 992 quod
202 937 284 979 hoc
339 950 485 979 mense
534 939 793 979 mercatores
844 951 992 980 omnes
1035 937 1175 980 Maiae
1224 937 1387 993 pariter

0 1015 21 1042 5
38 995 335 1051 Mercurioque
380 995 633 1038 sacrificant.
707 996 940 1039 adfirmant
985 997 1178 1052 quidam,
1231 996 1386 1052 quibus
1401 994 1458 1036 20

39 1054 306 1098 CORNELIVS
361 1065 513 1097 LABEO
575 1055 806 1107 consentit,
862 1055 991 1098 hanc
1048 1055 1251 1110 Maiam,
1306 1055 1386 1098 cui

36 1128 210 1156 mense
239 1112 375 1156 Maio
407 1128 486 1155 res
519 1113 693 1156 diuina
718 1114 1029 1168 celebratur,
1059 1117 1242 1157 terram
1274 1128 1386 1156 esse

39 1173 134 1215 hoc
176 1173 411 1227 adeptam
459 1186 641 1215 nomen
678 1187 704 1215 a
746 1173 1121 1230 magnitudine,
1165 1173 1300 1215 sicut
1338 1177 1387 1216 et

40 1230 205 1273 Mater
234 1230 419 1287 Magna
448 1232 501 1273 in
538 1231 699 1274 sacris
736 1235 971 1286 uocatur,
1009 1233 1386 1288 adsertionemque

0 1309 24 1335 ιο
43 1290 355 1332 aestimationis
396 1304 499 1331 suae
542 1291 673 1332 etiam
725 1292 825 1334 hinc
868 1292 1082 1348 colligunt
1127 1292 1257 1347 quod
1302 1306 1385 1334 sus

40 1362 331 1404 praegnans
375 1349 419 1390 ei
462 1351 736 1404 mactatur,
779 1365 888 1406 quae
924 1351 1068 1393 hostia
1103 1351 1278 1405 propria
1322 1354 1389 1392 est

41 1412 195 1450 terrae.
268 1410 317 1448 et
361 1407 669 1449 Mercurium
712 1409 825 1451 ideo
868 1409 953 1451 illi
1001 1410 1053 1451 in
1103 1410 1263 1452 sacris
1305 1409 1388 1452 ad-

42 1466 186 1522 iungi
222 1466 383 1517 dicunt,
421 1466 539 1521 quia
574 1481 671 1509 uox
707 1469 943 1510 nascenti
980 1468 1177 1510 homini
1218 1470 1387 1511 terrae

42 1527 283 1567 contactu
314 1525 480 1567 datur:
517 1525 674 1568 scimus
712 1529 852 1569 autem
885 1526 1144 1570 Mercurium
1180 1527 1300 1570 uocis
1345 1529 1389 1569 et

0 1600 24 1627 ιε
43 1584 249 1627 sermonis
271 1585 506 1638 potentem.
544 1587 694 1626 auctor
719 1588 784 1627 est
804 1584 1072 1629 CORNELIVS
1092 1585 1250 1629 LABEO
1275 1584 1451 1629 hui021

40 1641 222 1698 Maiae,
258 1643 301 1684 id
333 1644 400 1684 est
429 1644 589 1697 terrae,
627 1643 801 1686 aedem
833 1644 1082 1687 Kalendis
1121 1644 1269 1687 Maiis
1307 1645 1387 1688 de-

41 1701 262 1744 dicatam
282 1701 373 1743 sub
392 1701 593 1744 nomine
613 1701 785 1745 Bonae
805 1703 957 1760 Deae,
977 1707 1027 1746 et
1046 1704 1254 1747 eandem
1275 1718 1386 1747 esse

40 1759 233 1803 Bonam
258 1759 413 1802 Deam
445 1762 494 1802 et
523 1763 715 1804 terram
748 1777 804 1805 ex
831 1763 944 1817 ipso
970 1763 1076 1805 ritu
1104 1764 1387 1806 occultiore

41 1833 300 1862 sacrorum
331 1819 506 1861 doceri
535 1833 685 1875 posse
717 1821 956 1864 confirmat.
1015 1822 1147 1864 hanc
1179 1823 1388 1864 eandem

0 1876 232 1922 »Bonam
276 1878 417 1920 deam
453 1877 775 1935 Faunamque
813 1884 862 1922 et
899 1880 1052 1936 Opem
1090 1883 1140 1923 et
1175 1881 1388 1924 Fatuam

140 1975 158 2006 1
185 1970 443 2006 alterassarmis
463 1970 500 2006 P
574 1976 596 2007 2
622 1971 742 2007 utnus
763 1969 811 2008 B'
892 1977 912 2008 3
939 1973 1099 2009 mensem
1125 1984 1191 2009 om.
1218 1974 1255 2009 P
1323 1985 1388 2009 uo-

41 2016 137 2053 cass'e
168 2017 252 2052 sunt
282 2017 348 2062 qui
378 2018 477 2053 hunc
507 2019 671 2055 mensem
701 2030 769 2056 om.
795 2020 832 2056 B
953 2024 973 2056 7
994 2024 1079 2066 post
1109 2020 1271 2056 mensem
1303 2022 1388 2057 add.

41 2075 181 2100 maium
206 2065 228 2100 b
302 2068 346 2100 10
371 2064 466 2100 mals
485 2066 531 2112 P,
555 2066 677 2102 malas
695 2067 733 2102 Β
806 2071 849 2103 15
875 2078 1082 2112 mercuroq.
1107 2068 1146 2103 P
1230 2072 1274 2104 16
1292 2068 1389 2104 hanc

42 2111 179 2147 Maiam
206 2121 272 2148 om.
301 2112 339 2146 P
421 2116 464 2148 19
489 2124 530 2148 m
555 2113 669 2150 sacris
688 2125 754 2151 om.
783 2112 820 2150 P
896 2115 1206 2161 assertionemque
1231 2116 1269 2152 Ρ
1343 2120 1388 2151 21

43 2169 87 2194 eo
119 2159 194 2203 (sed
213 2159 389 2204 primitus
418 2160 533 2203 fuisse
556 2162 635 2197 uid.
662 2163 711 2207 el)
739 2161 777 2197 P
871 2166 915 2198 22
941 2175 966 2198 n
991 2163 1034 2198 in
1056 2175 1093 2198 1n
1119 2163 1162 2199 in
1186 2174 1259 2199 ras.
1285 2164 1329 2199 in
1353 2165 1390 2199 B

42 2208 89 2240 24
101 2205 244 2242 *datur
255 2206 292 2242 P
373 2209 418 2242 26
430 2207 469 2242 ld
483 2207 537 2243 est
549 2210 672 2244 terrae
685 2219 751 2244 om.
769 2210 806 2244 P
882 2209 978 2246 mals
986 2210 1023 2245 P
1088 2214 1134 2246 30
1148 2210 1258 2247 deam
1270 2222 1338 2247 om.
1352 2212 1389 2246 B

42 2253 194 2298 faunaq.
212 2263 236 2289 *
254 2263 275 2289 e
302 2253 348 2298 P,
373 2254 501 2290 deinde
525 2256 543 2290 t
568 2256 653 2291 add.
675 2255 728 2290 P'
824 2258 863 2293 et
886 2261 971 2294 ante
996 2267 1106 2303 opem
1132 2268 1198 2294 om.
1219 2258 1257 2293 B
1352 2257 1390 2292 fa

43 2299 87 2335 in
110 2299 213 2336 fatua
239 2301 281 2336 in
305 2311 378 2338 ras.
403 2302 445 2337 in
470 2302 514 2346 P,
539 2302 671 2339 fatiam
695 2301 742 2338 B'
