1526 2444
120 33 207 102 396
630 58 728 95 SAT.
747 58 874 93 mem
894 58 944 93 VI
1508 0 1526 101 Ι

180 164 274 208 ἔνθ’
307 166 387 208 οὐκ
419 165 473 206 ἂν
505 167 705 219 βρίζοντα
737 165 846 213 ἴδοις
873 161 1172 217 Ἀγαμέμνονα
1205 162 1302 203 δῖον

182 222 284 266 οὐδὲ
314 220 662 265 καταπτώσσοντ’
695 221 798 264 οὐδ’
824 221 905 264 οὐκ
935 219 1144 263 ἐθέλοντα
1174 219 1401 274 μάχεσθαι.

59 294 357 336 15EP10VRVS
396 306 563 347 quoque
601 292 731 333 simili
767 291 891 333 modo
927 290 1154 332 maximam
1183 289 1450 342 uoluptatem

124 351 411 406 priuationem
454 350 844 403 detractionemque
890 348 1028 390 omnis
1065 348 1222 389 doloris
1260 346 1451 387 definiuit

125 409 192 450 his
240 408 383 449 uerbis
433 406 534 462 ὅρος
573 413 652 449 τοῦ
696 405 909 460 μεγέθους
949 411 1037 447 τῶν
1078 404 1252 458 ἡδονῶν
1293 404 1452 453 παντὸς
1485 422 1503 449 5

125 473 204 508 τοῦ
235 465 472 520 ἀλγοῦντος
502 464 782 519 ὑπεξαίρεσις.
837 464 983 506 eadem
1013 463 1180 504 ratione
1210 462 1324 503 idem
1348 460 1451 503 Ver-

127 524 254 579 gilius
304 523 631 565 inamabilem
681 522 785 563 dixit
831 520 1026 576 Stygiam
1073 520 1280 575 paludem.
1353 533 1452 560 nam

129 583 238 623 sicut
279 581 601 622 inlaudatum
643 580 750 621 κατὰ
792 578 995 634 στέρησιν
1037 578 1194 632 laudis,
1241 578 1304 618 ita
1346 577 1451 618 ina-

64 640 116 681 16
131 639 364 681 mabilem
395 653 471 693 per
501 638 657 680 amoris
689 636 892 692 στέρησιν
923 637 1156 678 detestatus
1188 637 1261 676 est.
1317 635 1452 676 altero

127 697 252 739 modo
295 696 538 738 inlaudatus
581 696 643 737 ita
686 695 941 736 defenditur:
992 693 1199 735 laudare
1242 693 1452 746 signifieat
1471 711 1504 736 ιο

127 755 269 810 prisca
292 755 440 809 lingua
464 754 684 795 nominare
711 753 1027 807 appellareque:
1059 752 1120 793 sie
1143 752 1189 792 in
1215 750 1453 792 actionibus

128 812 326 854 ciuilibus
370 813 518 854 auctor
559 811 724 852 laudari
768 811 938 864 dieitur,
982 809 1093 864 quod
1130 811 1196 851 est
1231 808 1455 861 nominari,

127 870 370 911 inlaudatus
425 882 527 923 ergo
583 871 648 909 est
702 868 823 922 quasi
875 867 1232 920 inlaudabilis,
1291 865 1334 906 id
1389 868 1455 907 est

129 942 396 982 numquam
420 925 775 980 nominandus,
800 925 926 967 sicuti
950 925 1164 980 quondam
1191 939 1216 966 a
1240 923 1454 965 communi

131 985 308 1027 consilio
335 985 462 1026 Asiae
495 983 708 1025 decretum
741 986 816 1035 est,
846 983 911 1024 uti
941 997 1095 1024 nomen
1121 982 1221 1032 eius,
1253 982 1324 1035 qui
1348 983 1453 1022 tem-
1474 1000 1489 1024 1

130 1043 250 1097 plum
299 1042 462 1083 Dianae
513 1041 726 1096 Ephesiae
780 1041 1025 1082 incenderat
1078 1040 1228 1094 nequis
1277 1039 1365 1080 ullo
1413 1039 1458 1079 in

64 1101 116 1141 17
131 1104 322 1154 tempore
370 1099 626 1141 nominaret.
702 1099 878 1140 tertium
926 1100 1062 1139 restat
1110 1112 1160 1138 ex
1207 1097 1294 1151 his,
1350 1110 1456 1150 quae

131 1159 386 1213 reprehensa
424 1160 537 1211 sunt,
572 1157 685 1211 quod
722 1157 946 1197 tunicam
983 1156 1298 1210 squalentem
1336 1168 1456 1195 auro

132 1217 249 1258 dixit.
308 1216 351 1257 id
383 1217 525 1256 autem
556 1214 771 1268 signifieat
801 1214 967 1268 copiam
997 1213 1333 1266 densitatemque
1365 1211 1455 1253 auri

131 1274 177 1315 in
202 1287 476 1328 squamarum
495 1272 678 1326 speciem
697 1271 863 1313 intexti.
913 1270 1145 1325 squalere
1166 1271 1278 1312 enim
1298 1269 1455 1311 dictum
1474 1287 1490 1313 2

134 1332 188 1372 ab
250 1345 520 1386 squamarum
577 1329 803 1371 crebritate
857 1330 1189 1383 asperitateque,
1250 1342 1357 1382 quae
1410 1327 1454 1368 in

66 1389 118 1430 18
134 1391 378 1443 serpentum
413 1388 678 1443 pisciumque
718 1387 843 1429 coriis
873 1388 1077 1428 uisuntur.
1138 1400 1264 1441 quam
1295 1399 1384 1427 rem
1415 1387 1458 1426 et

133 1447 206 1488 alii
238 1449 281 1488 et
309 1446 381 1488 hic
412 1446 524 1487 idem
555 1448 682 1499 poeta
711 1445 816 1487 loeis
849 1445 1011 1500 aliquot
1041 1445 1304 1486 demonstrat

343 1515 483 1569 ‘quem
514 1513 655 1568 pellis'
687 1514 825 1568 inquit
856 1514 987 1555 ‘aenis

190 1574 236 1615 in
266 1574 456 1628 plumam
487 1572 673 1628 squamis
706 1586 808 1614 auro
841 1574 1035 1614 conserta
1064 1571 1254 1626 tegebat'

134 1645 178 1685 et
210 1643 293 1684 alio
324 1643 418 1684 loeo

192 1713 361 1766 iamque
393 1711 496 1753 adeo
528 1711 705 1752 rutilum
735 1712 914 1754 thoraca
942 1711 1115 1752 indutus
1147 1710 1264 1752 aenis

193 1770 396 1812 horrebat
427 1769 628 1823 squamis.

230 1903 247 1933 1
274 1900 315 1934 ΙΙ.
342 1901 375 1933 Δ
400 1903 468 1934 223
559 1903 579 1934 6
606 1899 737 1944 Georg.
763 1899 831 1934 IIII
855 1903 923 1935 479
949 1900 1038 1935 Aen.
1062 1899 1114 1934 Vl
1138 1902 1206 1934 438
1302 1901 1347 1933 24
1370 1897 1460 1933 Aen.
1486 1912 1490 1915 ·

132 1946 184 1980 XI
212 1949 278 1979 770
351 1949 394 1979 27
421 1946 470 1980 ib.
496 1946 547 1980 XI
571 1950 639 1981 487
1433 1943 1439 1947 '

230 2069 248 2100 1
277 2067 466 2101 ΒΙΖΟΝΤΛ
495 2066 531 2100 Ρ
630 2071 650 2100 2
679 2066 1462 2112 ΚΑΤΑΠΤωΕωΝ[ΤΡΟΥΔΟΥΚΟΘΕΛΟΝ-

134 2114 192 2147 ΤΑ
218 2113 255 2147 Ρ
329 2115 349 2146 5
375 2113 614 2147 ΜΕΓΕΘΟΥΟ
640 2113 677 2147 Ρ
752 2114 938 2148 ΗΔΟΝΟΝ
965 2113 1001 2146 Ρ
1069 2116 1088 2147 6
1114 2111 1400 2147 ΥΝΕΖΑΙΡΕΟΙ(
1429 2111 1466 2146 Ρ

136 2158 232 2194 Εειᾶό
257 2158 514 2202 adlmiratmne
538 2159 597 2193 ide
622 2159 659 2193 P
761 2162 782 2193 8
808 2162 840 2194 et
865 2163 884 2194 9
911 2159 1113 2194 (ΤΕΡΕΕΙΝ
1140 2158 1176 2193 Ρ
1279 2161 1321 2192 11
1347 2158 1460 2192 actio-

135 2204 266 2286 nebul'P
272 2205 319 2240 P
424 2208 467 2240 17
493 2207 608 2240 tercn‘i
635 2205 672 2239 P
764 2209 808 2241 20
833 2205 989 2250 spec1em
1014 2215 1078 2240 om.
1105 2204 1142 2239 P
1228 2207 1272 2239 25
1297 2203 1463 2239 conserta

135 2261 203 2286 om.
