1526 2444
135 33 220 74 190
634 30 731 67 SAT.
757 31 883 66 LIBRI
906 30 957 66 111

132 150 271 181 LIBRO
295 138 444 180 intulit
468 138 567 179 nisi
588 137 821 192 Neptuno
847 136 1079 191 Apollini
1105 139 1153 178 et
1172 135 1326 178 Marti
1349 138 1456 177 tau-

131 211 237 238 rum
272 211 370 239 non
405 196 671 238 immolari.
741 209 833 238 ecce
863 194 1056 250 pontifex
1087 197 1185 236 tuus
1217 193 1316 247 quid
1346 193 1455 247 apud

135 269 238 309 quas
276 268 370 296 aras
408 256 632 307 mactetur,
674 254 862 308 ignorat,
901 267 995 294 cum
1031 253 1100 295 uel
1138 251 1317 294 aedituis
1353 251 1455 292 haec
1514 259 1518 291 “,

132 315 236 353 nota
266 312 352 353 sint
383 314 426 353 et
455 314 645 354 ueterum
675 326 763 353 non
793 312 974 352 tacuerit
1004 308 1245 352 industria'.

91 371 118 412 5
249 370 316 410 Ad
355 369 460 410 haec
497 369 797 411 Praetextatus
833 369 1028 410 renidens
1069 367 1244 422 ‘quibus
1281 366 1452 407 deorum
1488 385 1508 412 ⁵

131 430 255 469 tauro
298 427 543 469 immoletur
586 427 621 468 si
662 427 728 468 uis
769 440 864 468 cum
901 425 1092 481 Vergilio
1133 424 1455 478 communicare,

131 485 222 539 ipse
251 487 295 526 te
326 485 495 527 docebit

189 557 358 597 taurum
388 553 602 608 Neptuno,
632 555 800 595 taurum
831 552 913 594 tibi
943 551 1118 606 pulcher
1147 550 1316 606 Apollo.

93 623 252 666 ouides
277 625 322 665 in
348 638 474 678 opere
504 625 655 677 poetae
685 623 815 664 uerba
839 621 1077 663 Labeonis?
1136 620 1269 676 igitur
1299 621 1347 660 ut
1375 619 1456 660 hoc
1514 666 1515 670 Ἰ

131 681 488 781 {lfecgesseiffiffissffd
514 683 675 736 argute.
733 695 833 722 nam
860 679 1047 721 ostendit
1071 678 1148 720 deo
1174 692 1260 720 non
1284 677 1455 718 litatum
1475 698 1490 722 1

189 809 448 851 horrendum
480 809 595 850 dictu
627 810 669 849 et
698 808 794 848 uisu
825 806 1017 848 mirabile
1048 800 1299 847 mOnstrum.

94 879 116 919 7
134 892 234 932 ergo
277 879 506 932 respiciens
551 877 604 918 ad
645 876 788 918 futura
826 876 1011 918 hostiam
1051 874 1308 917 contrariam
1344 873 1456 915 fecit.

134 937 207 978 sed
244 939 286 978 et
315 938 511 988 nouerat,
549 935 661 976 hunc
693 947 878 976 errorem
907 948 993 975 non
1023 947 1114 974 esse
1146 931 1457 985 inexpiabilem.

133 994 308 1036 ATEIUS
341 994 452 1036 enim
483 993 668 1047 ΟΑΡΙΤΟ,
709 1006 833 1046 quem
862 992 908 1032 in
939 991 1027 1032 acie
1059 993 1207 1032 contra
1236 989 1456 1030 Maronem
1476 1009 1490 1034 1

134 1052 303 1103 locasti,
336 1052 488 1094 adiecit
517 1051 621 1093 haec
651 1051 783 1092 uerba
813 1049 971 1104 siquis
1003 1048 1135 1090 forte
1166 1050 1311 1089 tauro
1342 1046 1457 1088 Ioui
1512 1063 1514 1066 ’

133 1109 333 1165 fecerit,
362 1109 614 1164 piaculum
646 1108 776 1150 dato.
837 1107 1115 1149 committitur
1140 1118 1240 1159 ergo
1272 1118 1337 1145 res
1369 1118 1456 1146 non
1510 1126 1512 1131 ·

137 1167 307 1222 quidem
343 1167 561 1221 inpianda,
597 1166 771 1207 insolita
806 1167 950 1206 tamen
987 1167 1029 1205 et
1066 1163 1344 1205 committitur
1373 1175 1458 1203 non
1508 1179 1509 1183 ¹

132 1225 388 1281 ignorantia,
420 1225 492 1266 sed
523 1227 571 1266 ut
601 1225 742 1266 locum
773 1225 963 1264 monstro
994 1222 1152 1263 faceret
1181 1218 1410 1262 secuturo'.

62 1283 125 1326 XI
255 1283 444 1325 Subiecit
466 1283 711 1337 Euangelus
737 1280 796 1323 ‘si
821 1283 972 1322 euentu
1005 1281 1256 1322 excusantur
1285 1277 1456 1331 inlicita,

136 1341 203 1383 dic
240 1355 415 1396 quaeso,
452 1340 565 1396 quod
602 1342 694 1381 erat
729 1341 969 1381 monstrum
1006 1339 1247 1379 secuturum
1284 1338 1327 1377 et
1362 1349 1457 1376 cum

134 1399 278 1441 Cereri
296 1399 423 1441 libari
441 1400 540 1440 uino
560 1397 734 1452 iuberet,
759 1397 870 1452 quod
889 1396 1084 1438 omnibus
1105 1395 1235 1437 sacris
1260 1393 1456 1435 uetatur‘?

304 1469 371 1510 cui
401 1471 450 1510 tu
479 1468 589 1510 lacte
619 1467 743 1509 fauos
775 1469 817 1508 et
846 1465 942 1508 miti
973 1465 1082 1507 dilue
1113 1463 1294 1506 Baccho.

94 1538 281 1582 2uinum
336 1539 477 1579 autem
527 1536 671 1579 Cereri
722 1549 810 1578 non
856 1535 982 1577 libari
1031 1533 1175 1575 debuit
1220 1533 1341 1574 illum
1389 1531 1457 1573 uel

133 1596 348 1638 Plautus
380 1596 540 1646 docere,
572 1594 645 1650 qui
673 1594 719 1635 in
749 1593 1019 1635 Aulalaria
1050 1592 1111 1633 ait

250 1664 457 1719 Cererin',
488 1663 689 1719 strobile,
719 1663 765 1704 hi
797 1665 897 1704 sunt
925 1661 1080 1704 facturi
1110 1660 1311 1715 nuptias?

250 1723 351 1777 qui?
384 1724 483 1776 quia
512 1722 661 1764 temeti
691 1721 798 1763 nihil
830 1721 1005 1762 allatum
1036 1719 1173 1761 uideo.

226 1847 247 1878 8
272 1842 362 1877 Aen.
387 1841 439 1876 ΠΙ
466 1845 530 1876 119
629 1845 669 1875 12
695 1840 745 1876 ib.
770 1839 821 1874 111
845 1843 889 1874 25
986 1842 1029 1873 23
1056 1837 1187 1882 Georg.
1213 1837 1229 1871 Ι
1253 1839 1322 1871 344
1409 1839 1454 1871 26
1503 1824 1507 1826 ’

133 1889 254 1924 Aulul.
281 1889 314 1922 II
340 1892 372 1931 6,
399 1892 419 1922 5

227 2003 249 2033 4
273 1999 514 2034 &metm-M
540 1998 576 2032 P
674 1996 869 2031 tacuerunt
891 1994 937 2029 B'
1040 1998 1060 2029 9
1085 1991 1250 2028 lebeonis
1272 1992 1308 2026 P
1413 1995 1455 2026 10

133 2044 256 2090 arguit
281 2046 301 2079 b
385 2044 543 2080 ostendit
566 2042 650 2079 1de0
675 2042 749 2078 BP
830 2045 872 2076 11
898 2041 1089 2085 sequutum
1117 2040 1153 2074 P
1235 2042 1279 2073 14
1302 2038 1456 2072 nouerat

132 2092 231 2134 huno
256 2091 292 2125 B
371 2094 413 2125 15
439 2089 577 2126 atteias
597 2089 698 2136 (BP)
778 2093 820 2124 16
845 2090 952 2123 tauro
976 2097 1042 2122 om.
1068 2084 1116 2122 P'
1200 2088 1242 2120 18
1267 2083 1457 2129 impianda
1497 2107 1498 2110 η

132 2138 169 2172 Β
253 2136 408 2172 msolata
431 2134 477 2171 B'
566 2136 627 2171 sed
652 2135 682 2170 ὣ
706 2132 752 2170 B'
838 2136 881 2168 19
906 2133 1101 2178 quuuturo
1125 2132 1162 2167 P
1244 2134 1290 2165 20
1314 2130 1457 2165 inlicita
1495 2131 1498 2134 ⁴

135 2185 195 2220 del
217 2182 263 2218 B'
345 2187 388 2218 21
415 2183 650 2227 sequuturum
674 2183 715 2216 ut
742 2182 778 2216 P
859 2184 903 2215 23
928 2180 1046 2215 bacho
1071 2179 1144 2214 BP
1225 2182 1268 2213 26
1295 2187 1394 2212 cerer
1417 2187 1454 2211 m

133 2241 223 2267 corr.
250 2231 291 2266 in
315 2239 429 2265 cereri
453 2241 492 2265 m
516 2230 556 2265 in
582 2229 618 2264 B
690 2232 733 2263 27
761 2239 824 2271 qui
847 2238 913 2263 om.
938 2226 1011 2261 BP
1492 2224 1495 2225 ’
