1526 2444
552 49 569 84 Ι
597 52 734 84 15—20
772 48 806 83 11
833 51 925 83 1-4
1330 46 1414 89 251

69 159 199 201 simul
243 158 404 212 omnia,
446 157 663 200 interdum
707 157 817 199 lenis
859 159 934 199 aut
970 159 1157 199 torrens:
1202 156 1262 198 sic
1299 158 1417 198 terra

68 219 164 272 ipsa
194 217 264 260 hic
295 218 412 260 laeta
443 217 663 272 segetibus
696 220 739 258 et
763 216 903 271 pratis
930 216 993 258 ibi
1019 216 1142 258 siluis
1170 218 1212 258 et
1236 215 1415 271 rupibus

68 277 256 332 hispida,
293 276 363 319 hic
401 276 514 319 sicca
549 275 722 318 harenis
760 275 831 318 hic
867 275 1032 330 irrigua
1068 275 1280 330 fontibus,
1316 288 1416 329 pars

69 339 193 378 uasto
221 335 411 390 aperitur
432 335 553 377 mari.
603 335 816 391 ignoscite
841 331 920 376 nec
945 335 1126 376 nimium
1153 348 1219 376 me
1238 334 1416 388 uocetiS,
1431 335 1488 377 20

31 412 48 438 5
70 395 142 450 qui
173 398 354 436 naturae
385 409 526 437 rerum
558 394 801 450 Vergilium
834 394 1080 448 conparaui.
1130 394 1244 435 intra
1274 393 1416 448 ipsum

69 455 182 496 enim
214 453 320 495 mihi
351 455 493 496 uisum
522 456 600 509 est,
632 454 669 495 si
695 453 880 495 dicerem
906 453 1051 496 decem
1075 453 1312 506 rhetorum,
1344 451 1417 507 qui

69 513 180 568 apud
207 513 401 555 Athenas
427 512 597 555 Atticas
629 512 878 567 floruerunt,
909 512 1032 554 stilos
1064 512 1179 554 inter
1208 525 1253 553 se
1280 511 1416 553 diuer-

7 604 10 606 ψ
69 586 140 614 sos
173 572 287 614 hunc
318 586 451 614 unum
482 570 808 627 permiscuisse?

186 631 305 673 Tunc
347 630 600 686 Euangelus
643 630 841 672 irridenti
884 629 1038 671 similis
1090 628 1229 671 ‘bene’
1272 629 1470 684 inquitII

15 707 48 732 ιο
68 689 227 746 ‘opifici
263 689 340 731 deo
374 705 399 731 a
429 704 526 731 rure
556 688 793 731 Mantuano
825 689 998 743 poetam
1031 701 1259 743 conparas,
1287 702 1416 743 quem

68 748 255 791 Graecos
286 748 493 802 rhetores,
525 761 706 802 quorum
737 747 878 789 fecisti
909 747 1184 801 mentionem,
1214 761 1294 789 nec
1326 761 1415 789 om-

67 807 171 850 nino
202 807 359 863 legisse
391 806 744 848 adseuerauerim.
805 805 919 847 unde
951 806 1066 847 enim
1092 804 1262 848 Veneto
1289 806 1414 847 rusti-

67 867 129 909 cis
159 865 410 920 parentibus
441 868 544 908 nato
577 865 690 907 inter
721 864 852 907 siluas
885 867 929 906 et
960 864 1136 907 frutices
1165 864 1319 907 educto
1345 864 1416 906 uel

66 925 173 967 leuis
212 923 472 967 Graecarum
515 924 673 966 notitia
712 923 1008 966 litterarum?'
1077 926 1121 965 et
1157 923 1457 970 Eustathius2

13 1000 47 1026 ιε)
67 982 200 1026 ‘caue'
232 983 372 1038 inquit
403 982 655 1038 ‘Euangele,
683 981 945 1025 Graecorum
978 997 1236 1038 quemquam
1268 983 1337 1024 uel
1365 983 1415 1024 de

67 1043 244 1085 summis
277 1042 523 1085 auctoribus
555 1044 723 1084 tantam
750 1041 940 1084 Graecae
969 1042 1193 1084 doctrinae
1218 1041 1416 1084 hausisse

66 1102 233 1156 copiam
260 1101 420 1158 credas,
448 1104 654 1156 quantam
679 1100 875 1143 sollertia
900 1100 1092 1143 Maronis
1118 1102 1187 1143 uel
1215 1101 1417 1148 adsecuta

66 1164 149 1215 est,
194 1161 262 1202 uel
305 1160 350 1202 in
388 1175 464 1203 suo
504 1175 630 1215 opere
668 1160 860 1215 digessit.
928 1175 1031 1202 nam
1068 1162 1239 1215 praeter
1276 1160 1415 1215 philo-

66 1220 242 1275 sophiae
275 1223 318 1261 et
349 1220 636 1262 astronomiae
669 1220 857 1274 amplam
889 1218 1011 1261 illam
1037 1220 1219 1274 copiam,
1251 1220 1304 1262 de
1330 1234 1416 1275 qua

13 1294 48 1320 80
68 1293 199 1334 supra
225 1279 516 1331 disseruimus,
547 1293 636 1320 non
665 1293 800 1333 parua
833 1281 933 1320 sunt
965 1279 1062 1334 alia,
1094 1293 1201 1334 quae
1234 1279 1368 1320 traxit
1393 1293 1418 1320 a

66 1338 240 1380 Graecis
279 1340 323 1380 et
361 1337 542 1380 carmini
581 1351 658 1380 suo
697 1339 920 1392 tamquam
950 1337 1042 1380 illic
1071 1340 1178 1379 nata
1208 1336 1416 1379 inseruit?

66 1400 110 1439 et
140 1397 440 1439 Praetextatus
473 1395 636 1438 ‘oratus
676 1396 750 1439 sis'
783 1396 924 1451 inquit
956 1395 1194 1451 ‘Eustathi,
1232 1399 1281 1438 ut
1311 1396 1457 1443 haec3

67 1470 236 1511 quoque
262 1456 564 1498 conmunicata
586 1456 811 1498 nobiscum
831 1455 951 1506 uelis,
979 1458 1189 1510 quantum
1208 1456 1417 1498 memoria

66 1518 241 1569 repente
290 1515 469 1557 incitata
519 1514 814 1571 suggesserit.'
891 1528 1040 1557 omnes
1090 1514 1416 1557 Praetextatum

14 1588 47 1615 25
68 1574 204 1616 secuti
263 1573 316 1616 ad
371 1573 663 1616 disserendum
719 1573 1001 1616 Eustathium
1056 1576 1414 1628 prouocauerunt.

67 1633 138 1675 ille
171 1633 232 1675 sic
266 1632 421 1687 incipit

186 1691 483 1734 ‘Dicturumne
509 1706 576 1734 me
602 1692 765 1746 putatis
793 1706 854 1747 ea,
880 1706 989 1747 quae
1015 1692 1148 1748 uulgo
1175 1694 1282 1735 nota
1302 1695 1458 1747 sunt,4

6 1785 10 1788 .
68 1750 181 1805 quod
213 1750 488 1793 Theocritum
527 1751 611 1793 sibi
648 1750 798 1793 fecerit
831 1751 1062 1806 pastoralis
1095 1751 1237 1806 operis
1271 1754 1416 1794 aucto-

67 1824 178 1866 rem,
219 1810 372 1852 ruralis
416 1808 672 1865 Hesiodum,
717 1813 760 1852 et
804 1810 917 1865 quod
960 1811 1005 1852 in
1044 1810 1152 1866 ipsis
1192 1809 1415 1867 Georgicis

15 1875 50 1902 ⁸⁰
68 1868 337 1924 tempestatis
366 1869 693 1924 serenitatisque
720 1869 846 1924 signa
871 1869 922 1911 de
948 1868 1073 1912 Arati
1098 1869 1416 1912 Phaenomenis

10 1972 13 1974 ,
67 1928 257 1982 traxerit,
288 1928 357 1970 uel
389 1928 502 1984 quod
534 1928 800 1971 euersionem
831 1928 985 1971 Troiae
1017 1943 1112 1971 cum
1146 1928 1305 1971 Sinone
1338 1944 1415 1972 suo

69 1989 112 2028 et
137 2001 245 2042 equo
271 1987 417 2042 ligneo
444 1987 681 2042 ceterisque
707 1987 920 2043 omnibus,
949 2002 1056 2043 quae
1082 1988 1239 2030 librum
1266 1995 1415 2031 secun·

0 2148 1 2152 Ἰ
164 2106 184 2137 9
211 2102 319 2147 evgtr
341 2103 378 2137 P
466 2106 510 2138 13
535 2103 839 2149 parent1**bus
862 2103 898 2138 P
987 2103 1123 2140 educta
1147 2103 1193 2139 P'
1283 2108 1326 2140 17
1353 2106 1416 2140 ad-

0 2157 2 2196 }
70 2149 223 2195 sequuta
248 2151 285 2185 P
351 2154 395 2185 19
421 2150 467 2186 de
493 2162 569 2195 qua
593 2162 660 2186 om.
687 2151 731 2194 P,
757 2151 842 2187 add.
871 2151 1043 2187 Gantabr.
1117 2155 1163 2186 24
1188 2153 1419 2198 suggesserit

0 2197 2 2212 *
69 2197 257 2233 Bentleius
283 2198 397 2241 (Mus.
417 2198 532 2234 Rhen.
553 2201 664 2242 1881,
689 2200 792 2238 325):
823 2197 1010 2234 suffecerit
1028 2199 1093 2244 (P)
1150 2202 1196 2233 25
1219 2199 1364 2244 sequut1
1385 2200 1422 2235 P

71 2248 116 2279 26
154 2245 206 2325 αιῗἱ
238 2244 306 2326 lille
344 2245 429 2281 add.
469 2244 566 2288 QVE
592 2244 835 2281 VIRGILIVS
861 2245 1044 2281 TRAXIT
1082 2247 1114 2280 A
1148 2245 1319 2282 GRECIS
1355 2247 1418 2281 Pm

71 2294 116 2325 29
142 2302 184 2326 ex
204 2302 238 2326 10
266 2303 328 2327 um
355 2292 391 2327 P
