1526 2444
122 90 207 131 412
612 88 710 125 SAT.
735 87 861 123 LIBRI
886 87 954 123 VII

126 196 277 239 adiecit
303 196 414 237 enim
440 193 653 248 σωθέντα,
683 196 731 236 ut
755 194 1010 249 ostenderet,
1040 196 1140 248 post
1164 193 1291 234 finem
1316 193 1448 235 malo-

124 269 220 296 rum
276 254 458 309 gratiam
506 252 723 294 relationis
771 252 963 306 incipere.
1044 254 1087 294 et
1136 254 1261 306 poeta
1309 253 1450 293 uester

126 311 344 354 adiciendo
389 310 510 364 olim,
552 310 652 364 quid
697 310 814 352 aliud
855 310 940 351 nisi
981 312 1080 364 post
1117 323 1287 350 emensa
1322 308 1451 350 infor-

128 370 250 411 tunia
291 368 435 410 futuro
479 370 671 423 tempore
707 368 852 409 iuuare
890 367 992 409 dicit
1028 367 1279 409 memoriam
1317 366 1453 408 sedati

128 427 288 469 laboris

244 495 391 537 forsan
422 497 464 537 et
493 495 599 537 haec
630 495 733 537 olim
764 494 1008 537 meminisse
1039 494 1216 536 iuuabit.

66 578 209 619 lOnec
239 577 503 630 negauerim,
540 589 631 618 esse
662 576 872 618 malorum
903 589 1076 631 genera,
1110 589 1217 629 quae
1247 589 1333 616 non
1363 575 1457 616 uult

133 636 205 690 qui
247 634 425 689 pertulit
467 634 536 675 uel
575 636 793 676 transacta
829 633 1070 675 meminisse
1107 647 1183 674 nec
1220 633 1358 674 minus
1394 632 1454 673 in-

130 695 371 747 terrogatus
415 692 642 734 offenditur
687 706 813 746 quam
850 706 944 733 cum
981 692 1024 732 in
1061 691 1166 745 ipsis
1203 690 1326 731 malis
1363 689 1457 744 fuit,

130 754 179 792 ut
223 750 296 805 qui
333 750 549 792 carnifices
587 752 783 804 expertus
822 752 886 791 est
922 752 964 790 et
999 751 1212 790 tormenta
1247 748 1456 788 membro-

132 823 239 862 rum,
271 810 345 850 aut
376 808 447 862 qui
477 807 685 849 infaustas
716 807 893 862 pertulit
923 807 1140 860 orbitates,
1172 806 1239 847 uel
1265 805 1333 847 cui
1356 807 1458 846 nota

135 866 347 921 quondam
391 865 560 907 adflicta
602 865 791 906 censoria
833 869 906 906 est.
973 879 1075 906 caue
1109 865 1364 918 interroges,
1404 876 1458 904 ne

67 926 118 967 11
134 924 316 966 uidearis
348 923 525 964 obicere.
573 923 695 964 illum
726 937 863 977 saepe,
894 922 931 964 si
955 924 1092 976 potes,
1122 922 1175 963 ad
1200 920 1459 962 narrandum

132 995 336 1036 prouoca,
371 981 443 1035 qui
473 980 691 1022 recitando
722 980 1016 1022 fauorabiliter
1047 981 1244 1033 exceptus
1277 981 1358 1032 est,
1388 979 1457 1019 uel
1512 1002 1515 1003 ν

134 1040 207 1095 qui
242 1039 372 1080 libere
410 1041 453 1080 et
483 1038 664 1080 feliciter
694 1038 951 1092 legationem
982 1037 1165 1092 peregit,
1202 1037 1269 1077 uel
1301 1037 1375 1091 qui
1405 1036 1458 1077 ab

133 1099 392 1152 imperatore
436 1096 613 1138 comiter
657 1095 966 1149 affabiliterque
1010 1096 1231 1149 susceptus
1268 1099 1351 1148 est,
1392 1094 1461 1135 uel

136 1155 268 1210 siquis
294 1157 388 1196 tota
412 1168 545 1209 paene
571 1155 706 1195 classe
733 1169 757 1195 a
780 1153 931 1208 piratis
960 1155 1165 1206 occupata
1191 1166 1263 1194 seu
1288 1151 1460 1203 ingenio
1510 1159 1511 1162 ’

137 1227 211 1255 8011
247 1213 412 1254 uiribus
451 1213 567 1253 solus
607 1211 761 1265 euasit,
798 1211 897 1265 quia
927 1211 999 1252 uix
1029 1210 1180 1264 implet
1211 1209 1462 1251 desiderium
1509 1246 1511 1266 3

71 1271 353 1325 12loquentis
397 1284 539 1311 rerum
580 1270 730 1310 talium
773 1270 840 1310 uel
885 1269 1017 1323 longa
1059 1268 1262 1310 narratio.
1331 1267 1462 1322 iuuat,
1510 1271 1511 1274 ’

139 1329 304 1383 siquem
331 1328 467 1369 dicere
490 1328 665 1369 iusseris
686 1327 810 1369 amici
830 1327 896 1368 sui
913 1326 1181 1380 repentinam
1200 1324 1462 1379 felicitatem,

139 1401 265 1441 quam
299 1388 449 1440 sponte
479 1400 565 1427 non
597 1385 780 1427 audebat
810 1385 878 1426 uel
909 1384 1046 1426 dicere
1076 1385 1144 1425 uel
1169 1386 1309 1425 tacere
1334 1382 1459 1424 modo
1500 1385 1506 1398 ⁵

69 1444 365 1487 13iactantiae
396 1443 523 1485 modo
555 1443 742 1484 malitiae
769 1445 896 1485 metu.
945 1443 1015 1496 qui
1040 1442 1264 1483 uenatibus
1290 1440 1460 1496 gaudet,

136 1503 428 1555 interrogetur
459 1501 509 1542 de
541 1501 674 1542 siluae
707 1501 887 1554 ambitu,
925 1500 975 1541 de
1007 1500 1187 1555 ambage
1218 1499 1462 1551 lustrorum,

137 1561 188 1602 de
236 1559 476 1601 uenationis
526 1561 693 1601 euentu.
764 1559 988 1613 religiosus
1034 1558 1071 1599 si
1114 1558 1252 1611 adest,
1301 1557 1355 1598 da
1397 1556 1462 1598 illi

136 1617 344 1660 referendi
397 1617 583 1672 copiam,
637 1617 788 1671 quibus
839 1615 1209 1658 obseruationibus
1258 1614 1495 1659 meruerit,

138 1676 296 1717 auxilia
339 1675 531 1729 deorum,
573 1677 754 1728 quantus
796 1673 861 1715 illi
903 1673 1252 1715 caerimoniarum
1290 1672 1465 1722 fructus,

140 1734 240 1788 quia
283 1736 326 1775 et
368 1733 448 1774 hoc
491 1747 624 1787 genus
667 1732 888 1787 religionis
932 1731 1196 1784 existimant,
1244 1730 1464 1771 numinum

139 1791 346 1833 beneficia
382 1805 469 1832 non
505 1793 662 1845 tacere,
700 1790 804 1832 adde
846 1789 944 1844 quia
975 1790 1125 1830 uolunt
1157 1792 1200 1829 et
1231 1788 1388 1830 amicos
1420 1801 1464 1828 se
1502 1798 1504 1800 ’

74 1850 129 1892 14
141 1849 389 1891 numinibus
427 1848 657 1890 aestimari.
719 1848 755 1889 si
790 1862 891 1889 uero
925 1850 968 1888 et
999 1861 1126 1888 senex
1156 1859 1356 1900 praesens
1389 1847 1465 1899 est,

140 1907 274 1948 habes
301 1907 565 1948 occasionem
586 1920 668 1960 qua
687 1906 916 1959 plurimum
936 1905 999 1946 illi
1019 1905 1248 1946 contulisse
1266 1903 1461 1958 uideatis,

142 1965 178 2006 si
222 1979 316 2005 eum
362 1965 600 2019 interroges
643 1964 713 2005 uel
756 1978 863 2017 quae
908 1963 959 2004 ad
1001 1962 1124 2004 illum
1166 1962 1338 2003 omnino
1381 1974 1464 2002 non
1496 1999 1500 2013 2

236 2088 256 2118 6
282 2084 370 2118 Aen.
397 2083 412 2117 Ι
438 2086 505 2117 203

239 2197 279 2228 13
311 2193 376 2228 1110
408 2191 454 2227 P'
574 2194 779 2228 narrattum
808 2196 849 2227 ut
878 2192 954 2228 uid.
980 2187 1028 2226 P'
1150 2194 1193 2225 14
1224 2188 1408 2234 susceptus
1435 2187 1472 2223 P
1492 2181 1498 2235 J

143 2244 187 2275 22
214 2240 243 2275 sz
267 2241 308 2275 i‘n
332 2239 425 2274 m8m
449 2240 491 2274 in
513 2250 583 2275 ras.
611 2240 652 2274 in
676 2239 713 2274 P
822 2242 864 2274 25
890 2238 1074 2273 meruitrit
1098 2247 1187 2273 corr.
1213 2237 1254 2272 in
1278 2236 1469 2271 meruetnt

142 2287 246 2322 inP
