1526 2444
511 72 582 110 vn
605 75 698 109 3—s
729 71 818 108 vm
845 74 935 107 1-3
1221 57 1223 60 ’
1319 69 1407 112 183

58 200 150 229 mas
181 199 282 228 uero
316 184 583 226 sacratorum
613 181 857 236 hominum,
890 194 998 236 quos
1030 181 1057 233 ’ξ’
1089 193 1217 222 zanas
1250 177 1404 221 Graeci

57 246 234 300 uocant,
277 243 343 285 dis
387 241 553 284 debitas
599 240 901 283 aestimabant.
962 253 1090 295 quem
1134 238 1188 281 ad
1228 237 1444 280 modum7

58 304 193 360 igitur
232 302 347 357 quod
380 315 548 343 sacrum
580 299 635 342 ad
666 300 769 342 deos
800 299 920 354 ipsos
951 298 1070 340 mitti
1101 311 1189 340 non
1219 299 1405 353 poterat,

58 378 84 406 a
110 377 154 405 se
179 364 327 404 tamen
352 360 568 403 dimittere
593 374 682 402 non
708 358 978 412 dubitabant,
1005 358 1064 400 sic
1090 357 1271 411 animas,
1296 370 1403 411 quas

0 441 41 475 ‚5
59 435 203 464 sacras
233 420 280 462 in
311 420 477 462 caelum
508 418 624 461 mitti
655 432 784 474 posse
817 417 1016 459 arbitrati
1049 419 1166 472 sunt,
1202 415 1404 458 uiduatas

58 494 235 535 corpore
279 493 407 535 quam
451 478 638 533 primum
682 477 744 518 ire
787 476 863 518 illo
907 476 1150 530 uoluerunt.
1212 473 1444 530 disputat8

58 539 109 581 de
130 539 212 582 hoc
233 552 352 581 more
372 537 504 579 etiam
523 537 784 578 TREBA'mvs
804 534 1108 578 REmcvaM
1132 534 1244 576 libro
1263 545 1404 587 Nouo,

58 598 178 641 cuius
203 597 457 652 exemplum,
480 610 534 638 ne
560 596 643 638 sim
667 595 874 650 prolixus,
901 594 1039 636 omisi.
1102 593 1169 635 cui
1194 592 1313 635 cordi
1339 595 1405 634 est

58 657 214 713 legere,
246 656 350 698 satis
376 655 536 697 habeat
561 657 605 697 et
630 656 850 696 auctorem
876 655 920 694 et
943 652 1177 695 uoluminis
1210 652 1403 694 ordinem

3 736 39 762 10
58 730 151 758 esse
182 717 481 758 monstratum.

175 773 277 817 Non
313 774 529 816 nullorum
566 785 674 827 quae
711 770 995 813 scientissime
1026 769 1199 825 prolata
1243 771 1354 824 sunt,
1368 767 1477 811 VIII

58 834 171 937 {nale
188 832 465 934 tenunffiando
498 830 812 886 corrumpimus
845 829 1116 886 dignitatem,
1147 830 1197 870 ut
1228 827 1403 883 quidam

75 907 187 949 egun

117 973 287 1017 discedo
320 988 368 1016 ac
400 973 582 1016 ducente
614 971 693 1014 dea
723 971 945 1014 flammam
976 971 1088 1014 inter
1120 971 1164 1012 et
1193 969 1343 1012 hostes

2 1053 38 1095 ,²⁵
116 1032 335 1089 expedior,

5 1154 7 1158 .
56 1131 153 1159 cum
189 1115 262 1158 ille
300 1115 546 1159 doctissime
585 1113 740 1156 dixerit
770 1113 986 1155 ducente
1025 1111 1132 1167 deo,
1173 1125 1263 1154 non
1301 1110 1403 1153 dea.

55 1189 157 1217 nam
197 1177 241 1217 et
272 1174 385 1230 apud
417 1173 615 1217 CALVVM
646 1173 914 1215 ATERIANVS
946 1171 1144 1214 adfirmat
1174 1170 1445 1226 legendumi?

367 1257 683 1312 pollentemque
715 1255 841 1298 deum
872 1253 1094 1310 Vererem,

55 1354 144 1382 non
176 1339 330 1382 deam.
398 1339 568 1394 signum
607 1338 738 1380 etiam
776 1338 867 1380 eius
906 1339 972 1380 cst
1004 1335 1137 1392 Cypri
1173 1337 1404 1378 barbatum

0 1419 40 1446 v20
58 1413 234 1454 corpore
279 1398 353 1441 sed
396 1400 516 1440 ueste
556 1396 774 1452 muliebri,
818 1411 915 1439 cum
955 1398 1124 1451 sceptro
1163 1410 1213 1438 ac
1249 1397 1404 1437 natura

58 1458 192 1513 uirili,
223 1460 267 1500 et
290 1459 448 1513 putant
479 1455 685 1498 eandem
717 1470 904 1498 marem
937 1469 992 1497 ac
1023 1454 1266 1496 feminam
1298 1468 1403 1496 esse.

57 1516 439 1572 Aristophanes
478 1530 574 1558 eam
613 1511 876 1571 Ἀφρόδιτον
920 1513 1124 1570 appellat.
1198 1513 1446 1556 LAEVIVS3

58 1576 190 1618 etiam
239 1576 300 1618 sic
343 1576 405 1618 ait
440 1574 684 1617 Venerem
728 1574 892 1629 igitur
935 1574 1119 1615 almum
1163 1572 1404 1625 adorans,

58 1635 166 1677 siue
203 1634 393 1677 femina
430 1634 540 1676 siue
577 1647 683 1675 mas
715 1635 809 1684 est,
848 1633 923 1674 ita
953 1632 1029 1674 uti
1061 1632 1192 1674 alma
1223 1630 1405 1674 Nocti-

5 1712 40 1740 85
57 1694 170 1736 luca
202 1696 290 1736 est.
352 1693 688 1736 PHILOOHORVS
715 1706 884 1747 quoque
908 1691 953 1733 in
979 1689 1197 1733 ATTHIDE
1225 1690 1404 1733 eandem

154 1826 197 1858 14
222 1822 313 1857 Aen.
339 1821 374 1856 11
399 1825 467 1857 632
542 1824 586 1856 18
611 1820 742 1865 fragm.
771 1823 814 1855 13
840 1818 897 1855 ed.
924 1817 1156 1854 Lachmanni
1228 1821 1273 1853 23
1299 1829 1334 1863 p.
1360 1821 1403 1853 79

57 1870 144 1907 Luc.
168 1869 296 1905 Muell.
322 1869 423 1914 (post
442 1868 646 1913 Catullum)

154 1993 170 2023 1
199 1988 383 2023 sacrorum
409 1986 456 2022 B'
583 1987 717 2023 Ζοάναε
745 1986 889 2022 Caelius
913 1985 1148 2032 Rhodiyinus
1172 1984 1298 2031 Antiq.
1328 1985 1405 2020 lect.

59 2035 155 2071 XII
178 2038 237 2080 11,
261 2035 430 2078 ζωγάναε
453 2033 688 2070 Liebrechtus
712 2033 898 2079 Philoloqi
925 2032 1067 2067 XXII
1089 2034 1162 2067 710
1292 2035 1312 2066 6
1338 2032 1405 2067 1110

12 2123 14 2126 .
57 2093 111 2119 ire
136 2083 173 2118 P
278 2087 296 2117 ’7
324 2092 462 2117 more*
477 2080 797 2129 ***1trebat1us
816 2080 854 2115 P
954 2083 996 2114 17
1022 2079 1222 2114 Aterianus
1249 2080 1404 2115 Iunius:

58 2129 298 2166 aetherianus
317 2129 400 2173 BP,
425 2129 682 2165 aetherianum
708 2129 728 2164 b
837 2127 1001 2163 affirmat
1023 2127 1061 2162 P
1165 2130 1208 2162 19
1236 2138 1332 2172 cipri
1359 2126 1405 2170 P,

58 2177 160 2222 cybn
189 2175 236 2212 B'
376 2179 422 2212 20
452 2178 585 2212 natura
615 2176 807 2212 Heinrich.
839 2176 884 2211 de
914 2174 1238 2220 Hermaphroditis
1262 2185 1304 2220 p.
1336 2176 1405 2210 27:

58 2223 198 2260 statura
223 2223 298 2260 BP
377 2228 422 2259 22
449 2224 676 2269 aphroditon
699 2223 776 2259 BP
848 2222 1009 2258 Laevius
1036 2221 1198 2268 Scaliger
1222 2220 1412 2256 Laeuinus

59 2281 149 2308 corr.
179 2275 221 2308 ut
250 2272 328 2307 uid.
360 2272 403 2307 in
433 2270 616 2316 gaemnus
644 2273 686 2306 in
717 2272 754 2307 B
890 2273 936 2304 24
967 2269 1054 2305 alba
1087 2269 1178 2305 Luc.
1204 2269 1407 2305 Muellerus

58 2321 105 2358 25
129 2319 246 2355 attlde
271 2318 348 2354 BP
416 2319 608 2363 eandemq.
634 2315 683 2354 B'
