1526 2444
610 86 697 123 V111
722 90 841 122 4—14
1312 83 1397 125 185

112 198 227 242 ‘mos
265 196 378 240 erat'
414 196 556 253 inquit
593 195 824 251 ‘Hesperio
868 195 913 236 in
949 193 1094 248 Latio,
1138 207 1265 248 quem
1302 206 1399 248 pro—

944 253 1062 295 tinus
1093 252 1221 294 urbes

111 315 309 359 Albanae
341 315 510 358 coluere
542 327 730 367 sacrum,
761 327 875 355 nunc
909 311 1097 354 maxima
1127 325 1270 353 rerum

113 375 254 418 Roma
284 373 414 417 colit.'
850 371 855 375 ’

18 476 35 503 5
54 457 219 501 VARRO
257 469 320 499 DE
351 467 554 499 MORles
600 469 786 497 morem
827 454 932 497 dicit
969 467 1079 496 esse
1117 453 1168 494 in
1205 450 1440 494 iudicioO

56 517 228 571 animi,
260 530 402 571 quem
429 515 572 570 sequi
599 515 783 556 debeat
808 512 1138 556 consuetudo.
1187 513 1214 565 †
1238 510 1400 554 IVLIVS

55 575 232 618 FESTVS
251 587 314 617 DE
335 585 588 617 VERBORVM
614 582 1067 616 smmmcxrmmssvs
1091 571 1204 613 libro
1233 581 1403 612 TERTIO

55 645 232 677 DECIMO
271 648 376 676 mos
415 636 492 675 est
528 633 667 688 inquit
704 632 1004 674 institutum
1034 630 1262 685 patrium
1293 643 1404 684 per-

55 694 229 735 tinens
262 693 321 735 ad
353 691 638 747 religiones
671 689 1116 744 caerimoniasque
1148 688 1404 730 maiorum.

4 771 39 798 ιο
57 765 160 808 ergo
192 750 413 807 Vergilius
451 753 677 805 utrumque
716 751 934 791 auctorem
973 749 1144 790 secutus
1184 749 1228 789 et
1263 747 1404 803 primo
1422 745 1477 786 10

58 811 230 866 quidem
260 810 512 864 Varronem,
545 807 747 864 quoniam
778 808 852 850 ille
886 807 1053 849 dixerat
1083 820 1246 848 morem
1280 819 1404 861 prae-

57 870 223 925 cedere,
273 868 392 924 sequi
441 867 810 922 consuetudinem,
859 869 1091 921 postquam
1141 865 1249 907 dixit
1298 879 1404 907 mos

58 931 186 980 erat,
236 927 459 970 subiunxit
506 941 650 982 quem
692 926 933 982 protinus
979 925 1129 968 urbes
1174 925 1405 967 Albanae

58 987 261 1030 coluere
287 989 335 1029 et
360 1000 489 1029 nunc
515 986 733 1028 maxima
759 1000 924 1027 rerum
956 984 1112 1027 Roma
1143 983 1288 1039 colit,
1321 997 1404 1038 quo
1422 981 1470 1023 11

4 1064 39 1096 με,
57 1045 425 1102 perseuerantiam
462 1044 785 1088 consuetudinis
824 1045 1052 1087 monstrat.
1120 1045 1163 1085 et
1201 1042 1407 1098 quoniam

57 1105 210 1148 Festus
240 1105 456 1160 pertinere
489 1104 540 1147 ad
574 1104 858 1146 caerimonias
891 1103 965 1159 ait,
1004 1102 1086 1145 hoc
1117 1102 1232 1143 idem
1264 1101 1409 1144 docuit

59 1163 180 1207 Maro
213 1163 432 1206 adiciendo
464 1178 659 1206 sacrum

718 1236 844 1277 quem
874 1220 1071 1276 protinus
1102 1220 1230 1262 urbes

273 1280 472 1323 Albanae
505 1281 673 1323 coluere
705 1295 887 1323 sacrum.

9 1383 44 1410 20
62 1378 156 1406 mos
182 1376 285 1418 ergo
310 1363 548 1418 praecessit
573 1365 617 1405 et
642 1364 782 1405 cultus
814 1363 948 1405 moris
981 1364 1152 1405 secutus
1185 1364 1263 1416 est,
1296 1360 1410 1415 quod
1428 1360 1482 1401 12

63 1425 130 1465 est
161 1422 423 1465 consuetudo
457 1424 501 1464 et
536 1422 607 1464 hic
640 1422 931 1464 definitionem
962 1421 1172 1464 Varronis
1204 1420 1411 1475 impleuit.

64 1481 285 1523 adiciendo
312 1480 464 1523 deinde
490 1495 688 1523 sacrum
721 1481 910 1523 ostendit
940 1495 1105 1523 morem
1137 1478 1411 1521 caerimoniis
1464 1521 1469 1525 ,

62 1541 271 1594 dicatum,
311 1539 423 1595 quod
456 1539 606 1582 Festus
639 1540 834 1582 asseruit.
894 1539 1007 1581 idem
1040 1538 1262 1582 obseruait
1293 1539 1336 1580 et
1367 1537 1412 1579 in
1428 1537 1483 1579 13

64 1599 314 1642 duodecimo
347 1599 458 1640 libro
490 1613 587 1641 cum
620 1599 682 1640 ait

8 1700 44 1728 25
414 1695 578 1724 morem
609 1681 804 1736 ritusque
837 1694 1058 1723 sacrorum

241 1739 422 1783 adiciam

62 1823 106 1865 in
149 1837 231 1878 quo
276 1822 465 1865 ostendit
505 1825 652 1878 aperte
692 1836 856 1864 morem
899 1836 992 1865 esse
1030 1821 1141 1864 ritus
1180 1835 1414 1865 sacrorum.

65 1881 138 1923 sed
162 1882 371 1924 historiae
398 1896 564 1937 quoque
588 1881 716 1923 fidem
741 1881 788 1923 in
811 1881 879 1923 his
912 1881 1110 1924 uersibus
1144 1883 1314 1924 secutus
1347 1883 1414 1923 est
1431 1879 1486 1921 14

295 2003 313 2015 ,
389 1979 482 2007 mos
514 1967 607 2007 erat
638 1963 847 2019 Hesperio
877 1963 924 2006 in
955 1963 1082 2006 Latio

161 2107 180 2138 7
206 2103 293 2138 XIII
316 2116 352 2150 p.
382 2107 447 2139 157
474 2103 531 2139 ed.
557 2102 730 2139 Muelleri
803 2107 847 2139 25
875 2104 967 2139 Aen.
993 2103 1062 2138 XII
1088 2106 1157 2139 836

0 2244 1 2266 ³
161 2236 182 2269 8
207 2233 398 2279 pertmens
417 2244 483 2270 om.
513 2234 550 2269 P
668 2237 712 2269 10
738 2235 931 2269 auctorum
957 2234 994 2269 B
1119 2236 1163 2268 10
1184 2236 1216 2270 et
1241 2237 1287 2268 20
1313 2236 1346 2268 et
1372 2236 1416 2267 28

67 2279 243 2326 sequutus
261 2280 299 2316 P
404 2284 450 2316 14
474 2281 623 2317 culuere
647 2281 684 2316 B
782 2281 871 2328 quo]
901 2283 951 2327 po
976 2281 1014 2316 P
1122 2285 1165 2316 18
1190 2279 1358 2327 ganas*
1383 2280 1420 2314 P

69 2331 114 2363 23
140 2328 182 2364 ee
207 2327 333 2364 ‹heaffi
358 2328 396 2364 P
466 2328 616 2365 asseruit
643 2329 680 2364 P
750 2332 794 2364 27
820 2340 861 2364 m
886 2349 932 2354 —-
957 2327 1145 2364 sacrorum
1170 2338 1238 2364 om.
1267 2327 1304 2362 P
