1526 2444
171 103 255 145 598
468 104 614 140 COMM.
640 105 692 139 IN
718 104 859 140 SOMN.
887 105 995 141 SCIP.
1023 105 1149 141 LIBRI
1167 107 1202 142 Π

108 211 160 252 10
174 223 337 251 merus
358 224 522 250 rerum
543 210 759 251 omnium
779 210 883 252 fere
902 211 1060 253 nodus
1080 215 1168 253 est.
1207 214 1494 267 septenarium

172 271 315 309 autem
357 281 578 308 numerum
621 281 762 308 rerum
804 269 992 310 omnium
1036 269 1192 310 nodum
1233 284 1323 311 esse
1360 272 1494 324 plene,

174 340 266 367 cum
297 325 347 365 de
373 325 560 366 numeris
587 326 779 379 superius
804 326 1083 380 loqueremur,
1113 327 1408 382 expressimus,
1439 329 1493 370 ad

171 382 524 435 inluminandam,
575 384 623 423 ut
671 383 867 437 aestimo,
916 383 1220 425 obscuritatem
1269 386 1494 428 uerborum

173 439 387 482 Ciceronis
419 440 468 481 de
501 439 661 481 musica
691 443 900 482 tractatus
932 442 1169 482 succinctus
1196 456 1220 482 a
1244 443 1380 496 nobis,
1411 457 1494 497 qua

109 498 295 539 lllicuit
326 498 546 551 breuitate,
578 497 769 539 sufficiet.
824 512 922 539 nam
953 501 1074 539 netas
1106 502 1148 539 et
1177 499 1358 552 hypatas
1391 500 1493 541 alia-

173 570 350 610 rumque
390 555 537 596 fidium
579 555 786 596 uocabula
828 569 1067 609 percurrere
1111 558 1153 597 et
1191 559 1390 598 tonorum
1426 559 1493 599 uel

175 613 414 654 limmatum
445 612 609 654 minuta
639 613 812 654 subtilia
838 615 879 654 et
904 613 1039 667 quid
1027 628 1072 654 m
1099 614 1212 655 sonis
1237 629 1314 667 pro
1340 615 1495 668 littera,

175 671 274 725 quid
305 685 381 725 pro
414 671 590 724 syllaba,
623 670 724 724 quid
753 685 831 724 pro
862 671 1028 724 integro
1059 672 1228 712 nomine
1255 673 1497 727 accipiatur,

110 730 163 771 12
178 730 369 770 adserere
401 729 655 770 ostentantis
688 732 763 782 est,
794 743 879 769 non
908 728 1109 770 docentis.
1158 743 1235 770 nec
1261 729 1372 770 enim
1399 731 1526 784 quia1

172 786 309 828 fecit
298 801 343 827 ln
368 786 448 827 hoc
472 786 566 827 loco
593 785 737 827 Cicero
763 786 948 827 musicae
974 787 1245 840 mentionem,
1277 788 1496 829 occasione

173 846 253 886 hac
290 844 469 885 eundum
503 846 567 885 est
595 858 670 897 per
700 844 919 884 uniuersos
952 845 1180 897 tractatus,
1217 844 1288 898 qui
1319 847 1498 899 possunt

176 916 266 943 esse
299 902 348 942 de
379 902 559 955 musica,
597 915 720 954 quOS,
757 903 959 954 quantum
986 915 1079 942 mea
1110 901 1193 942 fert
1223 901 1388 955 opinio,
1417 904 1497 943 ter-

177 960 338 1000 minum
363 959 519 1000 habere
544 973 630 1000 non
656 959 846 1011 aestimo,
877 958 949 999 sed
973 958 1048 999 illa
1074 961 1173 999 sunt
1197 959 1498 1014 persequenda,

177 1017 329 1071 quibus
366 1017 514 1082 uerba,
551 1030 657 1070 quae
692 1016 958 1069 explananda
988 1016 1214 1070 receperis,
1250 1018 1416 1070 possint
1447 1017 1495 1058 li·
1517 1029 1526 1054 1

177 1089 315 1129 quere,
341 1075 440 1128 quia
464 1075 507 1115 in
532 1088 576 1114 re
600 1074 851 1115 naturaliter
877 1074 1067 1124 obscura,
1093 1074 1165 1128 qui
1189 1074 1234 1114 in
1253 1074 1497 1128 exponendo

177 1133 316 1186 plura,
354 1146 479 1187 quam
510 1146 681 1173 necesse
713 1135 796 1184 est,
829 1131 1110 1185 superfundit,
1142 1131 1259 1172 addit
1287 1132 1499 1186 tenebras,

113 1191 164 1232 13
179 1205 262 1232 non
296 1190 443 1232 adimit
474 1190 738 1231 densitatem.
799 1189 908 1230 unde
941 1189 1067 1230 finem
1099 1189 1149 1230 de
1180 1188 1260 1230 hac
1290 1191 1498 1230 tractatus

177 1251 297 1302 parte
317 1248 514 1289 faciemus
535 1247 698 1289 adiecto
719 1261 815 1297 uno,
836 1246 947 1300 quod
967 1247 1075 1288 scitu
1095 1246 1269 1301 dignum
1289 1250 1500 1301 putamus,

179 1306 279 1360 quia
323 1321 418 1347 cum
463 1306 548 1346 sint
584 1305 787 1346 melodiae
825 1304 1008 1345 musicae
1045 1304 1126 1346 tria
1164 1317 1335 1358 genera,
1379 1316 1526 1346 enar-⁵

179 1364 369 1405 monium
411 1364 628 1405 diatonum
672 1365 714 1404 et
751 1362 1070 1415 chromaticum,
1114 1363 1296 1415 primum
1333 1362 1500 1415 quidem

180 1424 353 1476 propter
405 1421 583 1462 nimiam
632 1420 697 1462 sui
746 1420 1039 1462 difficultatem
1088 1420 1141 1460 ab
1190 1434 1268 1460 usu
1317 1420 1502 1472 recessit,

179 1480 352 1521 tertium
383 1493 484 1521 uero
516 1481 581 1520 est
604 1478 760 1519 infame
785 1477 976 1528 mollitie,
1007 1477 1116 1519 unde
1142 1477 1341 1530 medium,
1369 1477 1411 1518 id
1437 1480 1503 1518 est

182 1538 417 1590 diatonum,
460 1536 697 1578 mundanae
739 1536 923 1576 musicae
966 1535 1159 1576 doctrina
1197 1534 1388 1576 Platonis
1433 1534 1501 1575 ad-

114 1596 168 1637 14
183 1596 389 1637 scribitur.
445 1610 522 1635 nec
553 1595 633 1635 hoc
663 1594 774 1634 inter
804 1593 1108 1647 praetereunda
1139 1606 1357 1646 ponemuS,
1388 1591 1526 1646 quodi

182 1653 385 1695 musicam
429 1654 634 1706 perpetua
676 1651 780 1693 caeli
823 1650 1091 1692 uolubilitate
1129 1653 1372 1691 nascentem
1409 1647 1526 1691 ideo*

183 1712 292 1752 clare
318 1725 404 1752 non
431 1711 635 1751 sentimus
662 1709 818 1763 auditu,
844 1708 941 1762 quia
967 1708 1101 1750 maior
1126 1721 1254 1749 sonus
1275 1710 1351 1761 est,
1377 1685 1526 1761 quaml

182 1772 230 1810 ut
265 1769 544 1810 humanarum
584 1767 749 1808 aurium
786 1766 1017 1820 recipiatur
1054 1765 1273 1820 angustiis.
1334 1779 1435 1805 nam
1467 1764 1504 1806 si

183 1827 271 1868 Nili
315 1825 534 1880 Catadupa
584 1825 636 1866 ab
687 1824 857 1866 auribus
904 1823 1138 1865 incolarum
1185 1822 1503 1876 amplitudinem

184 1885 366 1939 fragoris
410 1884 653 1935 excludunt,
703 1882 801 1937 quid
844 1882 1014 1932 mirum,
1059 1880 1095 1922 si
1136 1882 1331 1922 nostrum
1375 1893 1503 1921 sonus

184 1942 347 1983 excedit
363 1941 564 1995 auditum,
584 1954 706 1995 quem
722 1940 956 1981 mundanae
970 1938 1093 1980 molis
1107 1939 1298 1993 inpulsus
1315 1936 1504 1980 emittit?

278 2071 296 2101 1
329 2067 529 2111 septeraru‘i
560 2065 596 2100 P
732 2068 754 2098 4
785 2063 1004 2099 111um1nand
1042 2064 1170 2108 (cetera
1200 2063 1438 2106 euanuerunt)

186 2118 206 2149 6
230 2114 380 2158 hipatas
399 2114 435 2148 B
535 2115 556 2146 8
582 2110 725 2146 sub1d1a
749 2111 786 2145 P
888 2114 908 2145 9
936 2110 1063 2144 sillaba
1086 2109 1123 2143 Β
1224 2112 1266 2144 10
1292 2107 1443 2143 asserere

186 2163 230 2195 13
255 2171 299 2196 ea
317 2159 366 2194 P'
442 2162 484 2194 15
504 2158 719 2202 explicanda
741 2158 777 2192 Β
847 2159 891 2191 21
912 2156 1112 2191 cromatmfi
1133 2155 1203 2189 PB
1275 2158 1320 2189 24
1339 2154 1482 2189 doctrin
1499 2155 1502 2158 ’

185 2203 231 2241 B'
328 2205 533 2241 asscribitur
557 2205 592 2239 B
687 2206 731 2238 25
755 2203 826 2238 hoc
850 2205 933 2238 ante
956 2203 1053 2237 mter
1076 2202 1159 2237 add.
1185 2199 1230 2235 B'
1329 2200 1399 2235 hoc
1423 2202 1487 2235 ant

186 2252 285 2298 quod
310 2253 392 2288 add.
418 2253 453 2286 B
555 2254 599 2286 28
624 2250 667 2285 ut
690 2261 755 2285 om.
782 2248 830 2284 P'
932 2251 976 2283 29
1003 2247 1199 2292 catadupla
1222 2247 1257 2281 B
1370 2249 1412 2281 31
1438 2256 1515 2282 m-

186 2297 310 2345 pulsus
329 2299 364 2333 B
1478 2275 1526 2444 ἒ
