1526 2444
159 73 243 114 332
667 72 762 108 SAT.
785 73 912 107 LlssRI
937 73 968 107 V

161 180 334 221 sedandi
371 179 526 220 amoris
565 179 704 233 gratia
740 178 895 220 herbas
928 179 1159 233 quaesitas,
1198 192 1304 232 quae
1336 179 1476 220 aeneis
1524 207 1526 209 -

122 237 340 279 Sfalcibus
373 238 625 278 secarentur.
679 237 782 278 haee
811 250 878 277 res
909 250 1048 278 nonne
1079 236 1324 290 quaestione
1350 235 1478 290 digna

162 297 237 347 est,
267 295 376 335 unde
401 293 591 348 Vergilio
625 308 777 335 aeneae
807 293 936 335 falces
966 294 1009 335 in
1041 296 1224 335 mentem
1254 293 1477 334 uenerint?

161 366 315 406 ponam
335 352 478 405 itaque
498 351 765 406 Vergilianos
786 365 945 404 uersus,
964 366 1061 393 mox
1082 351 1229 392 exinde
1245 349 1478 404 Sophoclis,

164 423 268 464 quos
299 409 421 451 Maro
454 410 687 451 aemulatus
721 411 795 450 est.
1514 428 1526 455 fl

122 490 148 532 9
220 490 400 531 falcibus
433 493 474 531 et
505 503 668 531 messae
700 489 750 530 ad
782 489 926 530 lunam
959 491 1217 543 quaeruntur
1248 489 1364 530 aenis

220 548 428 601 pubentes
459 548 613 589 herbae
644 547 758 601 nigri
790 561 884 588 eum
914 547 1023 588 lacte
1054 548 1214 587 ueneni.

165 627 387 682 Sophoclis
414 630 555 670 autem
580 627 800 681 tragoedia
825 627 879 679 id,
905 627 954 668 de
975 641 1056 680 quo
1078 627 1328 680 quaerimus,
1354 627 1482 667 etiam

164 686 290 727 titulo
322 685 524 740 praefert:
561 685 805 727 inscribitur
837 685 948 726 enim
973 682 1263 738 Ῥιζοτόμοι.
1324 685 1368 724 in
1400 699 1482 738 qua

165 743 357 784 Medeam
412 743 611 785 describit
665 743 877 784 maleficas
931 742 1083 783 herbas
1140 744 1354 783 secantem
1408 741 1480 782 sed
1500 759 1526 786 κ

167 815 378 855 auersam,
421 815 473 848 ne
517 801 561 842 ui
601 801 718 842 noxii
763 801 902 841 odoris
947 799 1040 853 ipsa
1075 800 1399 853 interficeretur,
1442 801 1484 839 et

168 873 312 900 sucum
359 859 528 913 quidem
567 858 794 899 herbarum
831 858 876 898 in
913 858 1037 899 cados
1076 871 1226 898 aeneos
1264 856 1485 897 refunden-

167 920 272 969 tem,
309 916 424 969 ipsas
463 918 603 962 autem
638 915 792 956 herbas
824 915 966 956 aeneis
997 914 1177 956 falcibus
1209 915 1486 956 exsecantem.

99 974 153 1015 10
168 972 424 1016 Sopnocms
456 987 603 1014 uersus
634 973 679 1013 hi
710 974 809 1013 sunt

375 1053 447 1107 ἥδ’
481 1053 661 1103 ἐξοπίσω
693 1054 816 1108 χερὸς
847 1054 961 1106 ὄμμα
992 1050 1191 1105 τρεποῠσ’
1506 1070 1526 1096 11

377 1112 486 1153 ὀπὸν
517 1111 728 1166 ἀργινεφῆ
762 1111 965 1160 στάζοντα
997 1116 1127 1163 τομῆς

377 1167 594 1224 χαλκέοισι
624 1170 773 1217 κάδοις
804 1167 970 1222 δέχεται

171 1253 212 1292 eh
243 1251 370 1304 paulo
402 1253 501 1304 post

658 1307 751 1347 αἵδε
782 1306 1020 1359 καλύπτραι

378 1366 520 1406 κίσται
552 1363 681 1418 ῥιζῶν
712 1364 950 1417 κρύπτουσι
981 1363 1132 1416 τομάς,
1508 1381 1526 1407 2

380 1422 430 1471 ἃς
459 1422 536 1475 ἥδε
568 1420 700 1475 βοῶσ’
730 1420 1022 1474 ἄλαλαζομένη

380 1480 522 1533 γυμνὴ
553 1477 747 1534 χαλκέοις
776 1480 863 1532 ἥμα
895 1479 1135 1532 δρεπάνοις.

107 1562 156 1602 11
177 1561 282 1602 haee
324 1559 574 1614 Sophocles,
615 1564 705 1614 vquo
755 1562 925 1601 auctore
975 1560 1064 1600 sine
1107 1559 1234 1600 dubio
1279 1559 1492 1613 Vergilius

135 1672 137 1674 r
175 1618 353 1672 protulit
395 1631 545 1659 aeneas
582 1617 722 1658 falces.
789 1617 959 1658 omnino
997 1619 1137 1658 aussem
1175 1617 1226 1658 ad
1263 1631 1350 1658 rem
1390 1616 1492 1658 diui-

172 1690 271 1717 nam
314 1676 514 1730 pleraque
558 1689 689 1716 aenea
732 1675 922 1716 adhiberi
965 1674 1109 1728 solita,
1155 1675 1289 1715 multa
1332 1674 1488 1716 indicio
1505 1688 1526 1721 ει

173 1736 285 1787 sunt,
317 1736 359 1774 et
389 1734 433 1774 in
464 1733 532 1774 his
564 1733 746 1774 maxime
774 1732 915 1786 saeris,
947 1732 1100 1786 quibus
1126 1732 1302 1773 delinire
1329 1733 1491 1786 aliquos

268 1868 287 1898 6
314 1864 423 1908 Verg.
453 1864 539 1899 Aen.
564 1863 633 1897 IIII
659 1866 726 1898 513
799 1866 842 1898 15
869 1862 1036 1907 Sophoel.
1064 1862 1193 1907 fragm.
1219 1865 1287 1897 489
1312 1863 1443 1897 Nauck

268 1990 288 2019 3
319 1985 489 2029 ulrglllus
519 1989 560 2019 ut
596 1985 671 2019 uid.
705 1982 766 2026 P',
803 1983 951 2027 u1rg1ho
988 1984 1025 2018 R
1166 1987 1187 2018 4
1217 1983 1433 2028 ulrgxlianos
1457 1982 1494 2018 R

175 2031 304 2066 exmde
335 2032 481 2074 scripsi:
514 2034 551 2065 et
579 2030 664 2065 inde
695 2029 765 2064 PR
882 2034 902 2064 6
933 2029 1022 2063 hma
1056 2030 1092 2063 P
1207 2033 1228 2064 8
1258 2029 1430 2073 sophochx
1462 2029 1505 2064 P*

176 2082 196 2113 9
220 2078 470 2112 ΠΙΖΟΤΟΜΟΙ
489 2077 526 2110 Ρ
619 2080 661 2110 15
686 2077 745 2118 ἥδ’
764 2095 807 2100 -
833 2079 876 2109 22
909 2077 1098 2118 δρεπάνοις
1128 2076 1249 2110 relicto
1280 2078 1432 2111 duorum
1462 2078 1495 2110 et
1524 2097 1526 2099 -

175 2124 359 2159 dimidiati
389 2123 559 2158 uersiculi
589 2122 706 2166 spatio
734 2132 798 2156 om.
824 2122 860 2156 R
981 2125 1023 2156 15
1055 2123 1226 2157 ΟΜΜΑΕΙ
1257 2121 1510 2166 ΤΡΕΠΟΥΕΑν

177 2171 361 2214 (τρεποῦσ’
384 2169 570 2204 Bentleius
594 2168 689 2203 Mus.
711 2167 823 2202 Rhen.
844 2170 953 2209 1881,
978 2168 1067 2211 325)
1093 2169 1129 2201 P
1217 2171 1259 2202 17
1287 2168 1444 2202 ΚΑΔΙΟΕ
1461 2166 1506 2202 Ρ

179 2220 220 2251 19
249 2217 497 2250 ΚΔΛΥΠΤΡΔΙ
522 2217 573 2250 sic
600 2215 636 2248 P
728 2217 772 2248 20
799 2214 1079 2248 ΚΡΥΠΤΟΥΕΙΝ
1109 2215 1145 2248 Ρ
1236 2215 1349 2256 τομάς
1373 2225 1437 2248 om.
1462 2211 1503 2248 Ρ

177 2266 221 2297 22
247 2262 500 2296 ΔΡΕΠΔΝΟΙ(
524 2261 677 2296 ΤΟΜΔ(
700 2259 737 2293 Ρ
