1526 2444
138 65 224 107 154
658 64 760 100 SAT.
783 63 912 99 LIBRI
935 64 970 99 ιι

196 185 367 212 mouere
397 170 538 224 potuit
566 171 610 211 in
640 170 813 212 iuuenta
843 170 893 211 de
925 171 1056 223 statu,

197 243 290 270 ecce
321 229 365 269 in
397 230 566 269 senecta
595 230 642 269 ut
671 228 796 270 facile
825 227 1025 269 labefecit
1055 227 1147 269 loco

198 286 279 327 uiri
311 286 557 327 excellentis
588 288 729 327 mente
763 286 968 327 clemente
999 285 1112 326 edita

197 344 424 385 summissa
453 343 617 396 placide
647 343 970 398 blandiloquens
1003 343 1168 384 oratio?

196 404 239 442 et
271 401 383 442 enim
411 401 495 455 ipsi
526 401 568 442 di
598 414 752 455 negare
784 401 852 443 cui
881 400 989 441 nihil
1019 401 1264 454 potuerunt,

195 459 411 501 hominem
442 473 508 500 me
540 458 747 514 denegare
778 458 873 512 quis
904 460 1050 512 posset
1080 458 1203 511 pati?

197 530 277 570 ego
308 517 373 558 bis
405 517 579 558 tricenis
612 517 733 558 annis
766 516 872 558 actis
905 516 993 556 sine
1024 518 1127 556 nota

197 588 324 629 eques
355 574 572 616 Romanus
603 588 623 616 e
653 574 759 616 Lare
791 587 984 628 egressus
1015 586 1107 614 meo

196 633 369 674 domum
399 633 590 673 reuertar
622 633 786 685 mimus,
817 631 863 672 ni
891 630 1045 671 mirum
1076 630 1156 672 hoc
1188 630 1254 672 die

197 705 281 731 uno
312 691 408 743 plus
439 690 526 731 uixi
556 690 663 731 mihi
693 704 820 755 quam
850 688 1078 730 uiuendum
1108 687 1202 730 fuit.

198 747 368 789 fortuna
404 747 685 788 immoderata
719 748 764 788 in
795 748 906 788 bono
938 760 1068 800 aeque
1101 749 1227 800 atque
1257 746 1302 787 in
1332 746 1457 800 malo,

199 804 236 846 si
265 806 346 846 tibi
377 808 468 847 erat
499 805 667 846 libitum
699 805 936 846 litterarum
965 803 1162 844 laudibus
1520 796 1526 808 ¹

197 863 315 904 floris
347 877 546 904 cacumen
575 865 746 904 nostrae
777 863 914 903 famae
943 861 1157 916 frangere,

199 935 274 961 cur
304 935 399 962 cum
429 921 627 975 uigebam
659 920 861 961 membris
892 918 1299 973 praeuiridantibus‚

200 979 304 1019 satis
336 977 473 1020 facere
502 979 660 1032 populo
693 981 735 1019 et
765 977 843 1018 tali
873 990 967 1018 cum
997 979 1189 1030 poteram
1218 976 1327 1029 uiro,

199 1050 287 1077 non
317 1050 384 1077 me
414 1036 643 1077 flexibilem
674 1034 954 1087 concuruasti‚
985 1036 1033 1075 ut
1064 1033 1285 1087 carperes?

198 1094 382 1135 nuncine
413 1108 480 1135 me
511 1094 666 1136 deicis‘?
698 1092 808 1148 quo?
844 1092 943 1146 quid
976 1093 1027 1133 ad
1059 1105 1254 1133 scaenam
1286 1090 1460 1132 adfero?

201 1152 394 1193 decorem
424 1152 586 1193 formae
618 1165 671 1192 an
703 1151 955 1206 dignitatem
986 1150 1195 1203 corporis,

201 1209 332 1250 animi
361 1209 565 1251 uirtutem
597 1223 651 1251 an
681 1209 798 1250 uocis
829 1207 1035 1249 iucundae
1068 1206 1246 1248 sonum?

200 1269 248 1308 ut
279 1267 435 1308 hedera
466 1281 638 1321 serpens
669 1266 780 1307 uires
813 1266 1011 1307 arboreas
1043 1267 1182 1319 necat,

199 1325 262 1365 ita
292 1339 358 1366 me
389 1326 580 1366 uetustas
613 1325 808 1378 amplexu
841 1337 1046 1364 annorum
1078 1323 1240 1364 enecat:

202 1382 386 1435 sepulcri
416 1382 566 1424 similis
597 1382 705 1423 nihil
736 1381 821 1423 nisi
850 1394 1006 1422 nomen
1036 1380 1211 1421 retineo.

99 1463 187 1506 4in
218 1463 313 1516 ipsa
344 1477 509 1517 quoque
541 1463 705 1504 actione
734 1461 910 1503 subinde
936 1475 992 1515 se,
1023 1475 1106 1515 qua
1130 1461 1310 1514 poterat,
1339 1459 1462 1500 ulcis-

144 1521 315 1562 cebatur
351 1521 522 1562 inducto
558 1520 709 1561 habitu
740 1520 855 1574 Syri,
891 1519 962 1572 qui
992 1519 1109 1559 uelut
1139 1518 1283 1572 flagris
1316 1530 1462 1559 caesus
1512 1514 1518 1570 s

142 1579 502 1632 praeripientique
533 1578 684 1619 similis
715 1577 980 1619 exclamabat

229 1673 355 1712 porro
388 1659 571 1708 Quirites
601 1659 844 1700 libertatem
874 1655 1089 1712 perdimus

143 1742 185 1780 et
215 1741 340 1793 paulo
372 1741 471 1793 post
500 1739 653 1781 adiecit

238 1862 281 1893 26
308 1859 436 1903 fragm.
464 1870 555 1894 com.
583 1858 638 1894 ed.
664 1862 683 1892 2
710 1856 880 1893 Ribeckii
905 1868 939 1900 p.
966 1860 1032 1891 297

240 1972 258 2002 1
284 1979 322 2002 ιιι
347 1969 498 2003 muenta
521 1966 644 2011 potuit
668 1966 715 2001 P'
801 1970 821 2001 5
847 1949 893 2002 de
923 1966 958 2000 B
1030 1966 1202 2010 poterunt
1225 1961 1273 1999 P'
1356 1969 1376 1999 6
1402 1963 1465 2007 qui

144 2014 314 2061 Meyerus
337 2015 485 2049 Anthol.
510 2015 572 2049 zat.
592 2025 631 2058 p.
651 2015 703 2049 22
776 2016 794 2046 7
821 2011 980 2047 trecenis
993 2012 1029 2046 P
1091 2015 1111 2044 8
1139 2022 1156 2046 e
1175 2011 1259 2046 add.
1278 2010 1465 2045 Schneide-

144 2062 261 2095 winus
284 2071 372 2096 mus.
397 2060 561 2095 Rhenan.
587 2060 676 2094 noui
701 2059 757 2092 II
769 2069 806 2102 p.
828 2061 901 2093 636
963 2061 1005 2092 10
1030 2068 1096 2092 om.
1119 2057 1155 2091 P
1209 2060 1249 2091 11
1269 2053 1463 2091 FormaB'

147 2111 189 2142 16
214 2117 272 2141 me
302 2106 499 2142 flexibilem
529 2104 928 2141 Bothius:flex1b1lem
958 2114 1016 2138 me
1047 2103 1120 2138 BP
1234 2106 1275 2138 17
1307 2112 1465 2137 nuncme

145 2165 452 2200 Schneidewinus:
481 2173 578 2198 nunc
609 2163 682 2198 BP
774 2166 815 2196 19
847 2161 1026 2196 iocundae
1057 2161 1131 2196 BP
1221 2165 1266 2195 20
1296 2150 1409 2195 edera.
1431 2160 1468 2195 P

144 2215 188 2246 21
215 2220 390 2246 annorum
414 2210 523 2244 necat
546 2209 582 2243 B
660 2213 703 2243 22
728 2207 928 2252 sepulchris
946 2207 993 2250 B,
1019 2207 1198 2252 sepulchrx
1225 2208 1261 2242 P
1335 2209 1380 2242 24
1403 2205 1466 2241 [ιιι

145 2257 182 2292 P
247 2260 291 2291 26
317 2255 500 2300 quaeritel'
519 2256 556 2290 B
