1526 2444
615 86 701 122 ΧΠΙ
726 89 866 121 14-24
1325 84 1412 126 459

187 195 299 238 ‘Iam
339 194 515 237 dudum'
546 194 744 237 Disarius
781 194 921 250 inquit
960 193 1085 236 ‘haec
1123 193 1317 249 quaestio
1357 193 1410 234 ab
1429 192 1483 234 19

70 255 370 298 ARISTOTELE
415 257 458 296 et
507 254 732 310 proposita
778 256 843 295 est
886 256 929 295 et
972 253 1126 295 soluta.
1193 252 1255 294 ait
1298 252 1412 294 enim

70 328 247 370 aquam
283 313 529 355 marinam
569 314 727 355 multo
767 312 1071 367 spissiorem
1105 325 1233 365 esse,
1265 325 1413 366 quam

70 375 146 415 est
177 372 355 415 dulcis.
411 372 559 414 immo
596 372 742 414 illam
775 386 886 413 esse
917 370 1281 422 faeculentam,
1313 370 1415 411 dul-

33 446 173 475 scem
204 445 323 474 uero
348 446 524 486 puram
556 434 708 486 atque
741 429 998 472 subtilem.
1053 428 1171 471 hinc
1203 429 1414 471 facilius

69 491 132 533 ait
186 491 266 532 uel
314 490 570 545 inperitos
619 490 773 532 nandi
822 503 957 531 mare
1008 488 1250 542 sustinet,
1307 502 1414 530 cum

68 549 308 591 fluuialis
354 564 482 604 aqua
532 549 680 604 quasi
736 547 948 590 infirma
1001 550 1048 589 et
1089 547 1231 589 nullo
1277 547 1418 588 adiu-

68 610 237 650 mento
276 607 407 650 fulta
450 623 561 650 mox
604 607 752 650 cedat
804 610 853 648 et
897 607 947 648 in
989 606 1145 647 imum
1188 606 1416 660 pondera

69 669 279 722 accepta
310 668 644 710 transmittat.
706 679 826 722 ergo
858 680 1039 720 aquam
1078 664 1275 706 dulcem
1308 663 1488 706 dixit20

16 743 50 769 10
70 726 217 781 quasi
254 728 439 767 natura
475 726 640 767 leuem
674 724 896 767 celerius
934 725 1216 779 inmergere
1256 723 1306 764 in
1339 738 1416 776 ea,

70 798 194 839 quae
234 784 487 826 abluenda
531 787 669 837 sunt,
714 786 764 825 et
806 783 922 824 dum
963 783 1206 835 siccatur,
1249 796 1415 824 secum

70 843 294 885 sordium
338 843 562 884 maculas
614 841 938 896 abstrahere,
987 841 1235 883 marinam
1284 855 1414 882 uero

70 902 214 957 quasi
270 901 578 943 crassiorem
632 915 724 944 nec
774 900 932 943 facile
982 902 1254 967 penetrare
1299 914 1414 954 pur-

70 960 236 1016 gando
291 964 502 1016 propter
557 960 869 1002 densitatem
920 961 1016 1013 sui,
1073 961 1121 1001 et
1170 959 1281 1000 dum
1331 959 1416 1001 uix

18 1036 52 1062 15
72 1020 314 1074 siccatur,
345 1034 445 1062 non
477 1020 690 1061 multum
723 1019 948 1061 sordium
981 1033 1148 1060 secum
1174 1017 1414 1060 trahere?

186 1076 377 1133 Cumque
402 1077 547 1120 Horus
572 1078 641 1120 his
668 1077 876 1120 adsentiri
901 1077 1131 1145 uideretur,
1156 1076 1412 1119 Eustathius
1427 1077 1483 1119 21

0 1145 3 1151 '
70 1137 173 1179 ait‘
176 1152 229 1178 ne
261 1137 447 1192 decipias
474 1151 633 1192 quaeso
659 1137 890 1192 credulum,
922 1137 995 1191 qui
1027 1151 1071 1178 se
1098 1137 1415 1191 quaestionem-

70 1210 152 1251 que
193 1210 314 1237 suam
353 1196 568 1238 commisit
603 1196 702 1238 fidei
739 1199 852 1239 tuae.
919 1196 1176 1238 Aristoteles
1216 1195 1329 1237 enim
1367 1198 1416 1237 ut

69 1269 158 1296 non
188 1255 306 1296 nulla
338 1255 434 1305 alia,
465 1255 604 1310 magis
637 1257 760 1298 acute
792 1270 921 1311 quam
953 1269 1051 1296 uere
1083 1255 1168 1296 ista
1200 1253 1415 1296 disseruit.

16 1329 51 1355 so
71 1313 176 1356 adeo
214 1316 360 1356 autem
397 1328 534 1369 aquae
571 1313 758 1356 densitas
796 1328 886 1356 non
924 1317 1052 1356 nocet
1088 1313 1330 1367 abluendis,
1367 1316 1416 1355 ut
1429 1313 1486 1354 22

70 1387 215 1428 saepe,
252 1373 325 1427 qui
364 1373 529 1427 aliquas
569 1373 731 1428 species
768 1375 976 1427 purgatas
1015 1372 1185 1426 uolunt,
1229 1386 1283 1413 ne
1322 1372 1416 1414 sola

70 1446 182 1487 aqua
219 1431 290 1473 uel
322 1431 438 1473 dulci
474 1431 641 1474 tardius
679 1432 761 1474 hoc
799 1432 1006 1485 efficiant,
1047 1431 1313 1473 admisceant
1350 1431 1415 1472 illi

69 1490 255 1533 cinerem
282 1490 350 1532 uel
376 1490 414 1532 si
438 1490 634 1545 defuerit,
658 1493 876 1533 terrenum
895 1490 1130 1545 puluerem,
1156 1492 1204 1532 ut
1230 1490 1416 1532 crassior

68 1549 186 1591 facta
241 1550 419 1591 celerius
469 1550 607 1604 possit
662 1550 846 1592 abluere.
915 1549 1027 1591 nihil
1077 1563 1179 1603 ergo
1235 1548 1416 1603 impedit

16 1621 51 1649 25
70 1609 261 1650 marinae
293 1622 429 1663 aquae
461 1609 663 1651 densitas.
714 1609 787 1651 sed
817 1624 897 1651 nec
923 1608 1031 1660 ideo,
1064 1607 1164 1663 quia
1196 1608 1310 1650 salsa
1336 1607 1485 1663 est‚23

70 1667 211 1709 minus
243 1667 392 1709 abluit.
454 1667 624 1709 salsitas
667 1668 781 1710 enim
819 1668 978 1710 findere
1011 1669 1054 1708 et
1093 1668 1213 1709 uelut
1250 1667 1416 1722 aperire

3 1749 6 1752 ⁴
71 1726 181 1768 solet
211 1728 397 1780 meatus,
435 1729 478 1768 et
515 1726 610 1768 ideo
643 1727 781 1782 magis
814 1727 964 1769 elicere
1004 1726 1151 1768 debuit
1188 1725 1416 1769 abluenda.

70 1785 143 1827 sed
180 1784 285 1827 haec
323 1799 407 1828 una
445 1799 575 1827 eausa
621 1788 706 1838 est,
748 1800 823 1828 cur
866 1800 978 1841 aqua
1021 1786 1189 1827 marina
1226 1800 1315 1827 non
1359 1785 1417 1827 sit

71 1843 282 1886 ablutioni
321 1849 440 1899 apta,
478 1844 579 1899 quia
622 1845 795 1900 pinguis
838 1848 920 1899 est,
960 1845 1070 1887 sieut
1107 1847 1151 1886 et
1187 1844 1280 1900 ipse
1317 1843 1415 1885 Ari-

5 1916 52 1954 <so
72 1903 247 1944 stoteles
293 1917 419 1958 saepe
461 1905 647 1945 testatus
692 1906 776 1958 est,
819 1907 862 1945 et
904 1904 1013 1946 sales
1052 1903 1222 1955 docent,
1260 1903 1414 1958 quibus

70 1962 211 2003 inesse
256 1961 459 2016 quiddam
500 1961 661 2018 pingue
703 1963 847 2005 nullus
892 1964 1076 2019 ignorat.
1143 1966 1208 2004 est
1253 1967 1296 2005 et
1331 1962 1414 2004 hoc
1428 1960 1487 2003 24

69 2020 276 2062 indicium
302 2021 475 2076 pinguis
495 2035 631 2076 aquae
651 2022 854 2078 marinae,
886 2022 1011 2078 quod,
1036 2036 1132 2064 eum
1151 2022 1415 2078 inspergitur

166 2158 186 2188 2
213 2154 258 2190 cf.
284 2154 464 2200 problem.
490 2158 546 2199 23,
574 2159 606 2191 8.
636 2158 689 2190 13.
716 2158 772 2190 39.
802 2158 847 2191 40

165 2283 187 2314 4
218 2278 406 2314 feculenta
440 2278 477 2312 P
606 2283 626 2314 6
658 2279 853 2323 imperitos
878 2280 915 2315 P
1057 2284 1100 2315 10
1130 2289 1351 2324 mimergere
1382 2278 1420 2313 P

74 2327 117 2359 15
143 2325 284 2363 *2ssch
309 2327 346 2362 P
415 2327 460 2360 29
486 2325 677 2363 ablutione
701 2324 750 2362 P'
