1526 2444
149 64 234 106 206
658 64 755 100 SAT.
781 64 908 100 LIBRI
933 63 981 99 111

151 184 328 224 morum,
360 169 655 213 SAMMONIGVS
676 169 895 224 SERENVS,
925 169 992 211 uir
1016 169 1185 211 saeculo
1213 182 1287 210 suo
1313 168 1475 223 doctus,

152 243 246 272 cum
285 228 337 270 ad
369 228 602 283 principem
633 242 756 270 suum
787 229 1008 283 scriberet,
1042 227 1283 282 faceretque
1314 226 1364 268 de
1394 227 1474 269 hoc

151 288 266 343 pisce
304 300 558 339 sermonem,
594 286 726 327 uerba
756 285 929 340 Plinii,
965 299 1072 340 quae
1102 284 1303 339 'superius
1340 285 1476 338 posui,

115 345 388 401 7pracmisit,
434 346 476 384 et
514 343 577 385 ita
616 344 706 399 ipse
747 343 925 385 subiecit
962 342 1175 396 Plinius,
1218 345 1271 383 ut
1311 343 1474 396 scitis,

156 404 212 445 ad
254 416 410 457 usque
452 401 657 443 Traiani
699 401 1022 455 imperatoris
1064 376 1206 442 uenit
1249 402 1474 442 aetatem.

153 475 242 503 nec
285 460 487 502 dubium
530 462 621 513 est,
666 460 794 513 quod
833 460 904 500 ait
942 459 1081 500 nullo
1122 458 1311 499 honore
1348 459 1475 500 hunc

154 520 342 573 piscem
390 517 703 571 temporibus
754 517 857 558 suis
906 516 1064 558 fuisse
1106 530 1276 556 uerum
1319 516 1377 557 ab
1421 529 1475 557 eo

156 577 295 618 disci.
368 575 494 630 apud
538 575 775 629 antiquos
819 577 984 617 autem
1026 574 1077 615 in
1114 573 1279 628 pretio
1319 573 1476 615 fuisse

155 649 245 690 ego
300 633 612 675 testimoniis
668 633 832 687 palam
887 631 1019 674 facio
1067 632 1147 673 uel
1197 645 1250 672 eo
1300 631 1476 686 magis,

154 694 283 748 quod
309 693 527 746 gratiam
553 692 658 732 eius
689 690 835 732 uideo
867 690 925 731 ad
956 690 1130 743 epulas
1162 689 1306 743 quasi
1336 691 1476 743 post-

152 751 350 792 liminio
382 750 591 804 redisse,
632 749 815 814 quippe
845 748 946 803 qui,
982 746 1276 802 dignatione
1306 749 1477 788 uestra

153 824 261 851 cum
305 809 551 849 intersum
595 806 831 848 conuiuio
876 819 1037 858 sacro,
1080 804 1477 846 animaduertam

153 867 284 908 huno
309 866 496 920 piscem
523 879 548 906 a
567 864 829 906 coronatis
855 863 1106 904 ministris
1132 877 1239 904 cum
1263 862 1477 904 tibicine

153 923 436 966 introferri.
511 922 595 964 sed
637 922 766 976 quod
810 922 881 962 ait
917 920 1111 962 Plinius
1156 920 1211 961 de
1252 921 1476 973 accipen-

154 982 281 1024 seris
325 981 564 1036 squamis,
602 980 650 1021 id
681 994 851 1021 uerum
889 993 997 1020 esse
1035 979 1278 1019 maximus
1315 992 1476 1019 rerum

153 1040 464 1082 naturalium
484 1039 754 1092 indagator
772 1036 987 1079 N1G1D1vs
1007 1037 1209 1078 FIGVLVS
1236 1035 1478 1090 ostendit,

153 1099 203 1140 in
229 1098 367 1139 cuius
393 1107 532 1138 LIBRO
558 1107 619 1138 DE
646 1106 922 1137 ANIMALIBVS
949 1106 1134 1144 QVARTO
1161 1094 1232 1135 ita
1257 1093 1477 1147 positum

154 1155 267 1198 est
277 1169 361 1197 cur
387 1155 477 1196 alii
503 1155 668 1209 pisces
695 1167 899 1207 squama
925 1152 1156 1206 secunda,
1188 1151 1478 1205 accipenser

114 1214 365 1280 8aduersa
405 1211 499 1254 sit.5
559 1212 665 1252 haec
707 1210 1016 1260 Sammonicus,
1060 1210 1132 1264 qui
1174 1197 1526 1277 turpitudinem}¹

155 1272 341 1314 conuiuii
366 1270 570 1325 principis
597 1269 662 1310 sui
692 1268 900 1309 laudando
930 1269 1065 1322 notat,
1096 1267 1278 1321 prodens
1309 1281 1478 1308 uenera-

153 1331 324 1382 tionem,
355 1343 439 1383 qua
463 1328 591 1382 piscis
615 1326 867 1379 habebatur,
890 1328 937 1367 ut
963 1340 988 1367 a
1013 1325 1228 1367 coronatis
1254 1324 1480 1366 inferretur

155 1402 248 1429 cum
291 1386 477 1428 tibicinis
521 1387 663 1440 cantu,
706 1384 826 1439 quasi
866 1384 1072 1437 quaedam
1110 1397 1197 1424 non
1237 1382 1479 1424 deliciarum

115 1446 228 1489 9sed
259 1445 445 1486 numinis
476 1458 644 1498 pompa.
706 1442 778 1484 sed
808 1444 857 1483 ut
889 1442 1026 1483 minus
1058 1441 1260 1482 miremur
1291 1441 1479 1505 accipen-

157 1517 293 1545 serem
319 1502 439 1557 graui
463 1502 600 1556 pretio
624 1501 763 1542 taxari
788 1499 972 1553 solitum,
997 1499 1204 1541 Asinius
1230 1497 1390 1551 Celer,
1415 1498 1481 1539 uir

156 1561 411 1614 consularis,
464 1562 512 1601 ut
564 1559 676 1601 idem
726 1557 1023 1601 SAMMONICVS
1071 1557 1217 1610 refert,
1272 1555 1478 1597 mullum

155 1634 304 1661 unum
343 1619 534 1672 septem
572 1616 776 1658 milibus
817 1630 1063 1657 nummum
1103 1616 1352 1656 mercatus
1393 1615 1479 1654 est.

155 1678 200 1718 in
227 1691 309 1731 qua
334 1691 377 1717 re
403 1676 614 1717 luxuriam
644 1675 760 1716 illius
793 1673 950 1715 saeculi
981 1687 1028 1714 eo
1060 1672 1197 1726 magis
1227 1672 1326 1713 licet
1357 1671 1480 1712 aesti-

156 1748 290 1788 mare,
339 1733 449 1788 quod
492 1733 680 1774 Pmmvs
726 1731 964 1773 SECVNDVS
1013 1730 1326 1796 temporibus
1377 1729 1479 1770 suis

155 1794 308 1847 negat
331 1791 487 1833 facile
513 1791 720 1831 mullum
744 1791 1017 1844 repertum,
1048 1788 1132 1843 qui
1164 1788 1284 1829 duas
1314 1786 1479 1841 pondo

155 1850 317 1892 libras
367 1849 642 1890 excederet.
721 1851 765 1889 at
812 1861 922 1888 nunc
970 1850 1012 1888 et
1059 1846 1233 1888 maioris
1280 1844 1478 1899 ponderis

89 1912 144 1955 10
155 1922 317 1963 passlm
343 1906 534 1949 uidemus
568 1909 610 1949 et
639 1906 778 1960 pretia
807 1905 912 1946 haec
943 1904 1092 1946 insana
1122 1904 1343 1946 nescimus.
1402 1915 1480 1943 nec

250 2026 293 2057 28
318 2020 422 2057 VIIII
449 2024 493 2056 64

250 2132 270 2162 3
295 2127 392 2162 ueba
415 2127 452 2161 P
544 2123 725 2170 superius]
753 2122 927 2157 fermoms
951 2122 986 2156 P
1073 2125 1095 2156 4
1119 2121 1194 2166 ipse
1219 2131 1284 2156 om.
1310 2120 1346 2155 B
1436 2122 1479 2154 10
1500 2098 1505 2118 η’

156 2175 266 2210 mdea
289 2172 334 2208 B'
420 2176 461 2207 11
489 2184 556 2207 nra
581 2175 624 2206 cii
649 2170 686 2205 P
761 2172 803 2204 14
829 2179 910 2213 aclp
913 2168 1048 2203 enferis
1066 2168 1134 2213 (P)
1213 2170 1255 2201 15
1282 2165 1476 2210 maximus]

155 2220 314 2256 dmmus
333 2221 369 2255 P
451 2223 493 2254 18
518 2229 602 2263 acip
605 2216 706 2252 enser
731 2216 798 2260 (P)
883 2218 925 2250 19
951 2214 996 2249 sit
1018 2215 1080 2249 hic
1105 2215 1142 2250 B
1227 2216 1271 2248 23
1296 2212 1476 2257 aclpense-
1520 2237 1526 2268 ζ

155 2279 231 2303 rem
259 2268 323 2313 (P)
402 2269 446 2301 26
471 2264 521 2300 VI
547 2230 696 2299 milibus
723 2262 944 2298 Franciscus
970 2261 1107 2297 Iunius
1179 2264 1307 2304 m'unoy
1328 2258 1365 2293 P

1496 705 1526 731 10

1497 991 1526 1027 Ιὲ

1497 1219 1526 1359 'i

1497 1463 1526 1681 lg

1512 1661 1526 1837 ἰ
