1526 2444
662 67 696 102 V
723 69 862 103 15-24
1352 62 1438 106 603

5 133 37 244 ἐ
86 190 234 218 uersus
282 176 613 232 septentrionali
657 177 742 229 est,
793 177 836 217 et
877 174 992 216 hunc
1034 171 1296 215 meridiem
1344 172 1437 213 iure

3 242 34 290 ,3:ss
85 235 268 278 uocitari
299 235 405 279 facit
443 236 581 290 locus,
612 234 663 276 de
701 249 784 288 quo
822 233 975 288 incipit
1012 232 1158 285 nobis,
1193 245 1296 273 nam
1336 230 1438 286 quia

86 293 237 335 sentiri
273 294 425 350 incipit
462 309 487 336 a
520 293 660 336 11161110
691 296 851 343 terrae,
890 293 935 333 in
974 306 1058 347 qua
1090 293 1155 332 est
1199 304 1300 332 usus
1341 289 1436 344 diei,

0 343 34 416 [23
87 352 183 395 ideo
221 355 442 408 tamquam
482 353 653 408 quidam
685 326 933 394 medidies
971 365 1056 392 una
1092 352 1260 391 mutata
1290 348 1437 391 littera

0 421 68 493 1ξὸ
87 411 326 453 meridies
357 414 630 466 nuncupatus
651 413 742 452 Qest
794 410 1013 453 sciendum
1045 412 1111 451 est
1137 413 1292 462 autem,
1323 408 1436 463 quod
1451 408 1508 450 20

0 524 24 563 1
85 531 152 570 est
178 532 334 584 auster,
366 531 428 572 ita
454 531 499 572 in
531 529 697 584 origine
725 543 802 570 sua
828 528 996 584 gelidus
1029 529 1107 581 est,
1139 530 1187 568 ut
1218 526 1331 580 apud
1356 540 1436 568 nos
1469 558 1477 573 ,,
1508 565 1526 574 ,7

85 588 441 630 commendabilis
480 591 547 630 est
578 587 735 630 blando
767 588 911 643 rigore
944 586 1200 641 septentrio,
1233 585 1307 626 sed
1339 584 1439 640 quia

14 658 16 660 ’
86 659 173 712 per
181 646 398 689 flammam
426 647 615 689 torridae
635 661 767 688 zonae
794 646 846 688 ad
866 660 946 687 nos
969 646 1195 699 commeat,
1221 643 1437 685 admixtus

11 699 176 760 14013111
214 705 390 748 calescit
430 710 473 748 et
504 706 578 761 qui
608 705 761 760 incipit
792 704 994 758 frigidus,
1033 703 1197 745 calidus
1228 703 1437 757 peruenit.

14 764 23 777 “’
84 777 222 818 11611116
266 766 381 806 6111111
425 766 494 807 1161
541 765 654 807 ratio
691 762 763 805 uel
798 766 955 805 natura
1004 764 1240 817 pateretur,
1289 764 1339 802 ut
1384 776 1434 803 ex
1449 762 1504 803 21

85 472 260 524 uentus,
299 471 373 526 qui
412 486 488 526 per
517 471 632 512 hunc
674 470 728 511 ad
764 485 843 511 nos
882 468 1102 511 cardinem
1142 466 1358 522 peruenit,
1395 466 1438 508 id

86 821 252 864 duobus
286 838 421 878 aequo
452 823 613 879 pressis
644 822 788 878 rigore
820 821 1064 863 cardinibus
1092 820 1292 862 dissimili
1318 822 1437 862 tactu

11 900 17 903 >¹
84 881 212 923 flatus
245 882 555 924 emitterentur.
616 896 694 923 nec
726 881 902 922 dubium
928 883 1006 934 est,
1037 885 1235 922 nostrum
1269 893 1437 934 quoque

10 962 18 981 ‘,
87 940 428 994 septentrionem
461 941 514 982 ad
546 940 665 994 illos,
704 940 777 995 qui
809 939 991 982 australi
1029 939 1230 981 adiacent
1260 941 1438 993 propter

10 1008 67 1034 1⁵
87 998 265 1041 eandem
302 999 513 1041 rationem
546 999 733 1042 calidum
764 998 1007 1054 peruenire,
1046 1000 1088 1039 et
1119 1000 1314 1039 austrum
1346 1011 1437 1038 cor-

84 1057 262 1112 poribus
305 1073 454 1100 eorum
498 1058 685 1114 genuino
731 1072 861 1100 aurae
904 1071 1006 1099 suae
1049 1057 1194 1111 rigore
1236 1055 1437 1098 blandiri.

85 1116 235 1158 eadem
278 1117 389 1159 ratio
434 1132 512 1159 nos
549 1131 637 1159 non
680 1116 894 1172 permittit
939 1116 1177 1171 ambigere,
1214 1116 1318 1170 quin
1359 1129 1436 1170 per
1451 1115 1522 1157 22

12 1197 22 1201 «ε
84 1174 204 1216 1116111
238 1190 406 1231 quoque
434 1177 700 1231 superficiem
731 1178 883 1230 teri-ae,
915 1189 1023 1230 111166
1056 1174 1108 1216 611
1139 1188 1219 1216 nos
1252 1174 1438 1216 habetur

85 1233 267 1276 inferior
293 1235 460 1290 integer
485 1249 688 1277 zonarum
715 1235 919 1287 ambitus,
945 1248 1053 1289 quae
1078 1233 1149 1275 hic
1170 1235 1437 1287 temperatae

11 1275 71 1328 ι80
90 1296 207 1346 sunt,
245 1294 394 1335 eodem
433 1294 562 1335 ductu
599 1298 863 1348 temperatus
909 1293 1138 1347 habeatur,
1175 1295 1304 1346 atque
1340 1292 1436 1333 ideo

87 1350 175 1393 illic
201 1366 369 1407 quoque
397 1353 569 1394 eaedem
590 1352 698 1394 duae
723 1366 855 1394 zonae
880 1367 906 1394 a
931 1366 976 1393 se
1003 1351 1215 1393 distantes
1241 1350 1438 1392 similiter

85 1409 339 1452 incolantur.
408 1414 482 1453 aut
539 1411 669 1463 dicat,
720 1410 913 1466 quisquis
963 1410 1062 1451 huic
1110 1409 1211 1451 fidei
1261 1409 1435 1452 obuiare
1450 1409 1507 1452 23

87 1469 272 1524 mauult,
322 1469 423 1524 quid
466 1470 523 1511 sit
564 1470 677 1525 quod
718 1470 771 1511 ab
815 1469 896 1511 hac
946 1483 1044 1510 eum
1081 1468 1328 1510 definitione
1367 1468 1436 1510 de-

86 1529 258 1570 terreat.
330 1543 432 1570 nam
470 1529 506 1570 si
544 1529 668 1571 nobis
713 1528 888 1570 uiuendi
931 1527 1114 1569 facultas
1160 1530 1227 1569 est
1269 1527 1314 1568 in
1353 1527 1436 1569 hac

34 1596 69 1622 25
88 1589 300 1628 terrarum
332 1590 468 1643 parte,
500 1602 630 1642 quam
662 1587 855 1641 colimus,
888 1587 988 1641 quia
1019 1586 1232 1628 calcantes
1258 1586 1436 1628 humum

87 1645 251 1687 caelum
292 1646 547 1701 suspicimus
585 1661 714 1713 super
743 1646 966 1699 uerticem,
1002 1645 1103 1700 quia
1140 1645 1205 1687 sol
1235 1645 1362 1687 nobis
1395 1653 1438 1687 et

88 1704 224 1746 oritur
256 1707 299 1746 et
331 1705 499 1759 occidit,
531 1705 633 1760 quia
664 1705 923 1747 circumfuso
955 1704 1138 1746 fruimur
1169 1718 1282 1758 aere,
1315 1704 1436 1746 cuius

88 1765 301 1817 spiramus
333 1764 568 1818 haustu,c
548 1779 621 1806 cur
661 1778 747 1806 non
780 1767 823 1805 et
846 1763 935 1805 illic
966 1763 1132 1818 aliquos
1169 1764 1315 1805 uiuere
1347 1777 1437 1805 616-

88 1820 251 1876 damus,
282 1823 358 1864 ubi
384 1823 531 1865 eadem
558 1837 726 1877 semper
751 1823 795 1864 in
821 1825 1024 1877 promptu
1049 1822 1179 1864 sunt?
1236 1836 1336 1863 nam
1363 1822 1435 1877 qui
1449 1822 1508 1864 24

0 1883 6 1919 Γ
35 1880 150 1922 soibi
194 1880 393 1923 dicuntur
436 1882 615 1936 morari,
659 1882 839 1923 eandem
889 1880 1088 1923 credendi
1129 1883 1230 1923 sunt
1272 1881 1435 1936 spirare

90 1953 256 1993 auram,
293 1940 394 1995 quia
430 1940 578 1982 eadem
616 1943 682 1982 est
718 1940 762 1982 in
807 1940 997 1982 eiusdem
1039 1940 1202 1982 zonalis
1247 1940 1435 1982 ambitus

88 1998 411 2040 continuatione
435 1998 680 2055 temperies,
710 1999 824 2041 idem
852 1999 916 2041 sol
941 1998 1031 2040 illis
1058 2002 1100 2041 et
1126 1999 1245 2041 obire
1272 1999 1437 2041 dicetur

185 2119 201 2148 1
229 2113 533 2159 septentrionalis
555 2113 604 2149 P‘
691 2119 714 2150 4
738 2115 865 2150 littera
888 2115 1037 2150 mutata
1062 2115 1098 2150 Β
1177 2118 1197 2150 5
1225 2116 1297 2150 auf?
1320 2126 1435 2160 supra

87 2171 161 2197 ras.
187 2161 272 2198 add.
293 2172 323 2206 p
395 2167 416 2197 6
443 2161 556 2206 quisq.
577 2162 613 2196 Β
684 2162 804 2197 mault
822 2161 868 2198 B‘
944 2161 1096 2197 cardine
1116 2162 1153 2197 P
1221 2167 1240 2198 7
1262 2164 1305 2198 ut
1322 2174 1436 2207 supra

87 2219 160 2243 ras.
186 2209 271 2244 add.
293 2220 322 2253 p
430 2212 452 2244 8
478 2208 531 2244 set
554 2209 591 2243 Β
693 2213 714 2244 9
738 2209 851 2244 flama
878 2206 928 2244 P'
1034 2213 1078 2244 10
1103 2209 1233 2245 calens
1250 2210 1287 2245 B
1391 2214 1434 2245 12

88 2256 211 2290 tractu
230 2255 266 2290 Β
342 2258 386 2290 15
412 2257 450 2291 et
469 2255 630 2291 austrum
649 2258 804 2292 euanuit
821 2258 863 2292 in
881 2256 918 2291 Β
990 2259 1034 2291 21
1056 2255 1131 2291 asse
1151 2255 1198 2292 P‘
1274 2261 1318 2292 22
1339 2257 1435 2300 quis-

88 2312 160 2346 que
186 2302 229 2348 P,
254 2305 270 2337 1
295 2302 327 2337 is
354 2303 439 2339 add.
462 2315 489 2348 p
563 2308 607 2339 23
633 2302 706 2338 huc
730 2302 780 2339 P'
855 2303 1066 2340 difinitione
1092 2302 1139 2340 P'
1215 2308 1259 2339 28
1286 2316 1381 2348 quur
1403 2305 1440 2339 P
