1526 2444
151 91 235 132 214
654 88 752 125 SAT.
773 87 901 123 LIBRI
926 86 977 122 111

148 197 347 239 absoluas
392 197 507 251 uolo,
553 209 659 250 quae
702 195 782 236 tibi
827 193 1030 236 memoria
1068 192 1239 234 crebrae
1275 191 1470 234 lectionis

107 253 401 297 2000urrunt?
462 256 506 296 et
536 252 708 295 Seruius
749 251 867 294 ‘nux
897 252 982 293 ista
1011 251 1213 306 iuglans
1245 248 1472 291 secundum

147 327 233 354 non
275 312 490 353 nullorum
535 311 776 365 opinionem
819 325 844 352 a
879 309 1099 351 iuuando
1144 310 1186 349 et
1226 322 1250 349 a
1289 307 1472 360 glande

149 371 260 412 dicta
297 370 575 411 existimatur.
637 368 810 410 GAvws
847 381 948 409 uero
980 367 1151 409 BAssvs
1188 366 1231 407 in
1269 365 1379 407 libro
1409 377 1471 407 DE

107 429 515 470 3SIGN1FICAT10NE
547 438 793 469 VERBORVM
824 426 905 467 hoe
934 425 1062 466 referi
1092 424 1292 478 iuglans
1324 423 1473 465 arbor
1508 443 1524 469 5

146 486 358 540 proinde
403 485 540 527 dieta
584 488 660 526 esf,
704 499 758 525 ac
801 483 941 525 Iouis
986 483 1144 536 glans.
1204 495 1312 522 nam
1357 482 1473 535 quia

146 544 196 585 id
235 544 433 585 arboris
473 557 628 599 genus
667 556 818 584 nuces
850 541 1022 595 habet,
1061 553 1185 594 quae
1217 541 1333 580 sunt
1364 553 1472 580 sua-

146 602 287 643 uiore
336 615 514 656 sapore
564 615 708 655 quam
758 601 903 655 glans
949 601 1040 648 est,
1088 597 1213 639 hunc
1257 597 1471 638 frucssum

147 659 349 715 antiqui
389 659 488 713 illi,
529 659 614 713 qui
655 658 912 713 egregium
953 655 1226 711 glandique
1258 655 1471 696 similem

146 716 406 772 ipsamque
450 717 680 759 arborem
725 716 813 757 deo
855 715 1054 769 dignam
1096 713 1473 766 existimabant,
1494 729 1526 756 ιο

145 775 286 817 Iouis
330 775 561 830 glandem
605 774 1011 828 appellauerunt,
1055 785 1176 826 quae
1220 785 1350 812 nunc
1389 770 1473 812 lit-

105 833 583 875 4teris·interlisis
631 832 833 887 iuglans
877 831 1180 871 nominassur.
1241 827 1472 871 CLOATIVS

148 893 290 932 aulem
329 890 486 933 VERvs
536 891 581 931 in
628 890 740 931 libro
783 901 811 930 A
850 887 1048 930 GRAECIS
1091 897 1369 928 TRAOTORVM
1413 887 1473 928 ita

145 951 355 990 memorat
404 949 609 1003 iuglans
658 971 706 977 —-
753 947 791 988 D
834 946 1248 1001 praetermissum
1298 947 1373 985 est
1420 968 1469 973 -

146 1008 290 1061 quasi
322 1006 570 1061 Diuglans
608 1005 657 1046 id
696 1008 770 1046 esi:
806 1005 916 1053 Διὸς
946 1004 1134 1057 βάλανος
1171 1002 1280 1043 sieut
1312 1001 1526 1054 Theo-164

143 1065 384 1119 phrasbus
424 1065 484 1105 ait
522 1065 611 1105 ἴδια
649 1060 697 1104 δὲ
734 1069 821 1104 τῶν
858 1062 1021 1118 ὀρινῶν
1058 1060 1083 1102 ἃ
1116 1060 1163 1102 ἐν
1189 1066 1278 1108 τοῖς
1308 1061 1473 1108 πεδίοις
1523 1070 1526 1112 g

142 1123 197 1164 οὐ
234 1123 407 1176 φύεται,
445 1120 697 1175 τερέβινθος
731 1127 885 1175 πρῖνος
920 1120 1083 1174 φιλύρη
1116 1117 1287 1172 ἀφάρκη
1317 1118 1472 1171 καρύα,
1522 1128 1526 1156 -i

143 1180 169 1234 ἢ
201 1179 272 1222 καὶ
304 1181 414 1229 Διὸς
445 1180 645 1233 βάλανος.
711 1179 820 1220 hanc
852 1177 1003 1219 Graeci
1040 1177 1168 1217 etiam
1205 1175 1471 1217 basilicam
1518 1207 1521 1230 3

141 1241 311 1280 uocant.

103 1299 129 1341 5
260 1296 358 1338 Nux
384 1296 488 1336 haee
515 1295 765 1336 Abellana
791 1308 862 1334 seu
887 1291 1237 1341 Praenestina,
1270 1305 1375 1345 quae
1407 1293 1472 1332 est

143 1354 307 1404 eadem,
350 1369 401 1395 ex
432 1354 582 1395 arbore
620 1355 684 1394 est
720 1366 826 1406 quae
864 1351 1016 1392 dicitur
1047 1350 1266 1404 corylus,
1306 1349 1354 1389 de
1387 1363 1470 1402 qua

142 1411 360 1467 Vergilius
401 1411 502 1453 dicit
539 1410 763 1465 corylum
803 1423 922 1451 sere.
984 1410 1049 1449 est
1080 1411 1220 1449 autem
1251 1406 1367 1448 natio
1398 1406 1470 1448 ho-

142 1471 303 1511 minum
351 1471 470 1511 iuxta
520 1482 668 1524 agrum
718 1466 1042 1509 Praenestinum
1091 1465 1162 1520 qui
1211 1463 1471 1506 Carsiizani
1516 1467 1517 1471 ’

142 1530 346 1570 uocantur
377 1526 460 1570 ἀπὸ
491 1533 580 1569 τῶν
609 1525 804 1579 καρύων,
845 1525 961 1566 cuius
993 1524 1052 1565 rei
1084 1522 1277 1564 meminit
1307 1520 1469 1564 VARRO

142 1587 187 1627 in
217 1596 538 1636 noeisroch
570 1586 642 1639 qui
672 1583 915 1625 inscribitur
939 1582 1120 1623 MAmvs
1146 1593 1206 1622 DE
1234 1592 1467 1622 FORTVNA:

103 1644 240 1688 6inde
279 1644 440 1686 scilieet
477 1642 780 1684 Praenestinae
821 1654 957 1682 nuces.
1028 1642 1093 1680 est
1134 1641 1175 1679 et
1214 1639 1317 1679 illud
1359 1637 1470 1692 apud

142 1703 360 1744 NAEVIVM
390 1702 444 1742 in·
466 1701 613 1742 fabula
643 1700 821 1741 Amono

235 1825 276 1855 15
303 1831 374 1855 non
399 1830 548 1855 inuenio
620 1823 664 1853 22
691 1819 823 1863 Georg.
849 1818 882 1852 ΙΙ
908 1821 974 1852 299

236 1936 256 1966 2
282 1931 478 1966 secundum
502 1930 688 1965 nullorum
712 1928 758 1964 B'
841 1932 862 1963 4
886 1927 1018 1973 gabms
1037 1926 1110 1961 BP
1183 1930 1203 1960 9
1229 1926 1396 1970 grandiq.
1422 1922 1468 1961 B'

142 1978 334 2014 s1m1haem
364 1978 439 2020 (sed
468 1977 578 2013 tertia
608 1976 621 2010 i
651 1976 765 2011 deleta
795 1979 836 2010 ut
865 1975 958 2019 uid.)
984 1975 1020 2008 Β
1164 1976 1205 2006 12
1231 1971 1419 2008 mmmm·
1437 1973 1474 2007 P

142 2024 315 2070 mgulans
335 2022 381 2059 B'
491 2026 534 2057 14
558 2022 731 2067 iugulans
746 2041 753 2048 ·
774 2022 812 2056 dl
832 2041 838 2047 ·
859 2021 903 2065 P,
928 2019 1102 2065 mgulans
1121 2020 1315 2064 (posterior
1339 2031 1363 2054 u
1387 2019 1470 2064 del.)

143 2072 188 2107 de
212 2072 248 2106 Β
339 2073 381 2105 15
408 2068 594 2114 dnuglans
613 2069 688 2103 BP
776 2068 872 2103 ΔΙΟΕ
897 2068 932 2102 Β
1022 2064 1257 2112 toophrastus
1279 2065 1328 2100 P'
1426 2069 1469 2101 16
1498 2100 1500 2102 .

145 2153 352 2189 ΟΡΙΝΟΟΜΛ
378 2151 431 2186 ΕΝ
458 2150 495 2185 Ρ
599 2154 641 2185 17
667 2148 842 2185 ΦΥΕΤΔΕ
866 2148 1134 2183 ΤΕΡΕΒΙΝΤΟΕ
1159 2148 1195 2182 Β
1298 2114 1470 2191 ΦΙΑΥΙΡΙὲ

146 2199 293 2235 ΑΦΛΚΗ
321 2198 443 2233 ΚΑΡΙΔ
464 2216 470 2222 -
493 2198 519 2231 Η
548 2197 589 2240 Ρ,
615 2197 743 2232 deinde
769 2196 833 2230 ΚΛΙ
861 2194 934 2229 ΒΡ
1002 2198 1043 2228 21
1072 2193 1205 2229 corilos
1223 2193 1259 2227 P
1327 2198 1371 2228 24
1398 2194 1470 2228 ΚΑ-

148 2247 245 2281 ΡΙΟΝ
274 2245 318 2288 Ρ,
347 2244 474 2280 deinde
499 2243 578 2277 culs
597 2241 642 2278 B'
762 2246 807 2277 25
834 2241 872 2276 d1
896 2241 1045 2275 fortuna
1068 2240 1104 2274 Β
1222 2243 1266 2275 26
1291 2238 1398 2274 illum
1421 2237 1468 2274 B'
1489 2238 1492 2251 ³

146 2295 189 2327 27
215 2295 325 2327 nem&
352 2291 395 2335 P,
420 2301 569 2325 nenium
595 2291 630 2324 Β
