1526 2444
695 45 712 79 Ι
738 23 829 81 1-6
1349 43 1406 85 47
1413 43 1437 86 7

92 156 335 199 commento
359 154 438 197 tali
468 154 539 196 uel
562 153 664 196 huic
695 153 776 196 tali
802 153 968 196 somnio
999 153 1044 195 in
1066 152 1136 195 hi·
1161 152 1437 208 potissimum

91 214 214 256 libris
240 228 347 269 opus
366 213 508 268 fuerit,
533 213 580 255 in
601 213 755 268 quibus
782 212 833 255 de
858 227 1001 255 rerum
1026 211 1299 267 publicarum
1318 213 1436 255 statu

90 272 393 328 loquebantur,
444 286 583 327 quoue
632 272 858 314 attinuerit
902 270 1015 313 inter
1063 271 1435 327 gubernandarum

89 331 259 373 urbium
285 331 522 374 constituta
554 331 736 374 circulos
764 331 889 373 orbes
917 330 1157 386 globosque
1183 329 1434 384 describere,

0 403 2 406 ·
55 406 72 432 5
91 389 142 432 de
174 390 395 432 stellarum
422 392 556 442 motu,
582 390 632 432 de
659 390 764 432 caeli
789 389 1071 434 conuersione
1096 391 1284 432 tractare
1309 404 1434 445 quae-

91 449 176 491 situ
207 449 387 504 dignum
418 451 461 491 et
491 449 600 491 mihi
629 450 771 491 uisum
804 451 870 491 est
902 451 945 491 et
976 449 1072 491 aliis
1106 448 1288 491 fortasse
1319 448 1434 491 uide-

88 511 201 563 atur,
252 523 305 550 ne
354 508 472 551 uiros
524 508 734 563 sapientia
782 508 1089 563 praecellentes
1138 507 1334 563 nihilque
1389 509 1434 551 in

88 567 424 623 inuestigatione
450 567 541 609 ueri
572 567 657 610 nisi
683 567 875 609 diuinum
902 566 1059 609 sentire
1086 566 1237 609 solitos
1271 567 1432 622 aliquid

88 625 302 681 castigato
342 626 460 681 operi
498 625 702 669 adiecisse
740 625 1001 681 superfluum
1039 625 1317 680 suspicemur.
1380 627 1431 669 de

35 701 69 726 10
87 684 168 727 hoc
200 698 303 740 ergo
340 685 459 740 prius
497 699 634 740 pauca
665 685 843 727 dicenda
875 687 992 739 sunt,
1028 686 1078 726 ut
1107 684 1270 739 liquido
1309 700 1430 728 mens

85 743 228 798 operis
265 744 315 785 de
360 758 443 799 quo
482 743 697 798 loquimur
733 744 988 785 innotescat.
1054 757 1197 785 rerum
1238 744 1473 788 omnium4

83 801 208 844 Plato
248 805 292 844 et
324 805 497 845 actuum
528 805 730 844 naturam
761 802 933 857 penitus
964 802 1196 856 inspiciens
1229 802 1429 859 aduertit,

84 861 130 903 in
155 861 270 903 omni
297 875 492 904 sermone
519 861 570 903 de
595 862 657 903 rei
681 861 881 916 publicae
906 861 1177 903 institutione
1202 861 1426 917 proposito

83 919 390 963 infundendum
427 920 581 962 animis
618 919 811 962 iustitiae
843 934 1053 975 amorem,
1089 920 1181 962 sine
1220 935 1305 976 qua
1340 935 1428 964 non

31 994 65 1020 15
83 979 221 1021 solum
259 993 328 1021 res
365 979 540 1034 publica
577 978 650 1021 sed
686 993 766 1022 nec
803 979 982 1034 exiguus
1018 979 1242 1021 hominum
1280 983 1426 1022 coetus

82 1051 160 1080 nec
197 1037 349 1080 domus
380 1038 550 1094 quidem
587 1053 723 1093 parua
760 1038 985 1081 constabit.
1058 1038 1110 1080 ad
1148 1038 1262 1081 hunc
1298 1040 1469 1094 porro-5

81 1096 272 1139 iustitiae
304 1097 501 1140 affectum
531 1097 777 1152 pectoribus
815 1097 1121 1140 inoculandum
1151 1097 1260 1139 nihil
1292 1112 1426 1154 aeque

81 1155 457 1210 patrocinaturum
486 1156 608 1210 uidit,
641 1171 770 1212 quam
803 1156 840 1198 si
870 1156 1035 1199 fructus
1068 1157 1161 1199 eius
1193 1171 1280 1199 non
1310 1157 1425 1200 uide-

80 1216 199 1256 retur
230 1228 326 1256 cum
359 1215 451 1257 uita
481 1215 670 1258 hominis
701 1216 935 1258 terminari.
995 1215 1109 1258 hunc
1145 1229 1247 1259 uero
1280 1231 1425 1272 super-

28 1288 63 1315 ιο
82 1273 227 1315 stitem
258 1273 410 1316 durare
441 1277 541 1329 post
570 1273 789 1317 hominem
821 1274 894 1329 qui
924 1276 1098 1330 poterat
1128 1275 1310 1330 ostendi,
1340 1275 1425 1318 nisi

77 1332 197 1386 prius
230 1331 279 1374 de
312 1332 480 1375 animae
509 1333 839 1376 immortalitate
877 1333 1124 1376 constaret?
1159 1334 1242 1376 fide
1281 1337 1424 1377 autem

78 1390 194 1433 facta
223 1392 526 1447 perpetuitatis
552 1393 792 1434 animarum
825 1406 1089 1447 consequens
1116 1407 1208 1435 esse
1235 1393 1424 1436 animad-

77 1450 221 1505 uertit,
259 1452 308 1492 ut
338 1453 456 1493 certa
486 1450 575 1493 illis
607 1452 703 1495 loca
734 1465 845 1493 nexu
877 1452 1067 1506 corporis
1101 1452 1311 1494 absolutis
1342 1467 1422 1508 pro

77 1509 370 1564 contemplatu
395 1510 523 1564 probi
547 1509 788 1565 improbiue
815 1510 958 1552 meriti
985 1510 1190 1565 deputata
1215 1511 1312 1554 sint.
1361 1511 1462 1558 sic6

0 1582 56 1610 ἰε
74 1566 121 1608 in
166 1566 393 1610 Phaedone
437 1569 838 1625 inexpugnabilium
880 1570 972 1612 luce
1017 1569 1235 1612 rationum
1279 1570 1422 1613 anima

0 1740 1 1762 ι
167 1734 188 1766 3
214 1731 437 1791 loquebatur
463 1731 500 1766 P
570 1731 699 1787 4.0rb1
724 1732 761 1767 Β
833 1735 864 1786 5-
880 1733 984 1769 motu
1009 1733 1187 1770 Zeunius:
1213 1733 1324 1770 modo
1349 1734 1420 1770 PB

73 1781 93 1812 6
113 1777 213 1813 ulfus
226 1778 262 1813 Β
354 1783 374 1814 ’7
393 1789 461 1814 nec
479 1778 524 1823 P,
547 1779 676 1815 demde
693 1790 809 1825 supra
828 1791 929 1815 u1r0s
949 1781 1033 1817 add.
1060 1780 1074 1814 1
1090 1800 1096 1808 -
1114 1781 1166 1816 Ρ(
1178 1792 1208 1827 p
1282 1784 1303 1816 8
1322 1791 1418 1816 uen-

70 1824 163 1860 tatis
174 1825 212 1860 Β
285 1829 328 1861 10
353 1826 424 1861 hoc
443 1827 560 1872 igitur
577 1826 614 1861 Β
688 1830 731 1862 11
749 1831 834 1872 post
852 1827 1060 1863 innotescat
1076 1828 1306 1865 interductus
1323 1829 1365 1864 in
1383 1829 1429 1869 Ρ,

69 1874 203 1919 BERV
228 1876 389 1920 OMNIV
411 1884 568 1920 PLATo
594 1887 707 1922 rubro
731 1887 846 1922 colore
862 1887 1002 1932 scripta
1025 1888 1068 1923 in
1086 1887 1124 1923 P
1214 1888 1264 1924 aa
1282 1875 1420 1923 BERV

70 1931 155 1967 add.
180 1931 363 1967 naturalis
387 1943 413 1976 p
488 1934 531 1966 12
557 1933 608 1968 ad
632 1934 783 1968 actuum
806 1934 890 1969 add.
910 1934 1063 1969 moralis
1083 1946 1113 1980 p
1187 1938 1230 1970 13
1250 1934 1415 1971 sermone

2 1995 6 2008 =
27 2000 31 2004 -
70 1977 131 2014 suo
159 1978 197 2013 P
267 1981 313 2012 14
336 1978 564 2015 mfundendo
590 1977 638 2014 P'
713 1990 837 2016 amore
863 1982 900 2016 B
972 1983 1022 2018 ad
1045 1983 1269 2027 haec-‚uerba
1289 1983 1415 2029 (neque

2 2009 7 2047 l
69 2025 163 2061 enim
182 2025 234 2061 ad
252 2026 348 2079 quod
366 2026 517 2079 uerbum
540 2028 721 2081 pertineat
738 2029 1105 2084 siqnificatum).add.
1129 2031 1155 2064 N
1188 2034 1251 2065 eni
1264 2030 1354 2065 felix
1367 2038 1414 2068 ÷

67 2073 186 2154 3054*
208 2073 575 2156 ’ᾑῗὲῗίιὲἓΐέἐὲἕ
588 2075 923 2167 ἷζθῗὲἑῒιοῗὲἔᾎὲ
931 2078 1418 2160 Ρῂέἔιὲἰέθωέῗὲιῖὲἴῖ

65 2192 176 2234 1881,
201 2191 276 2226 325
349 2193 393 2226 18
417 2168 666 2237 patrSssasum
685 2194 836 2239 (nazum
855 2195 896 2230 in
915 2196 1003 2247 rus.)
1023 2195 1059 2230 B
1133 2198 1179 2230 24
1198 2194 1356 2244 lnaeblue
1376 2195 1413 2230 Β

6 2253 10 2255 ‡
67 2238 112 2271 25
148 2236 339 2283 phedrone
369 2238 414 2283 P,
451 2239 522 2274 hoc
558 2239 657 2276 lecto
694 2241 877 2291 theoptus
915 2241 1011 2278 libro
1047 2243 1195 2289 pcipi&
1236 2254 1275 2279 se
1308 2242 1413 2278 dedit

34 2292 37 2293 ⁷
66 2292 212 2319 emuro·
234 2295 274 2330 p,
299 2285 490 2332 phedrone
515 2286 551 2321 Β
