1526 2444
88 1230 92 1245 ²
141 1234 149 1239 “
176 1226 346 1281 Veneri,
377 1243 501 1282 quam
526 1228 639 1270 Mars
666 1229 932 1283 sequebatur,
963 1230 1128 1271 Gemini
1153 1230 1373 1282 Mercurio,
1397 1234 1496 1286 post

14 1281 26 1295 ‘
46 1280 62 1286 ”
106 1283 160 1325 27
178 1299 300 1338 quem
322 1285 464 1327 Venus
489 1285 640 1340 fuerat,
665 1287 853 1341 deputati
879 1290 987 1328 sunt.
1029 1288 1261 1330 notandum
1286 1288 1365 1330 hoc
1389 1290 1494 1343 loco,

183 80 268 123 576
383 76 387 79 ’
480 83 626 119 coMM.
652 85 704 119 IN
729 84 869 120 sonu.
896 84 1008 121 sc1P.
1033 85 1160 120 LIBRI
1184 87 1200 121 1

180 188 326 229 mundi
346 187 502 242 Ariete,
527 192 574 230 ut
598 190 791 243 diximus,
816 190 1000 232 medium
1028 192 1133 233 caeli
1159 194 1327 234 tenente
1350 193 1501 235 horam

179 245 309 287 fuisse
340 247 484 287 mundi
524 248 757 302 nascentis,
797 247 959 290 Cancro
990 251 1183 303 gestante
1213 252 1313 292 tunc
1344 250 1501 294 lunam.

179 307 278 356 post
319 303 432 344 hunc
477 305 542 346 sol
584 319 679 346 cum
714 305 855 348 Leone
892 307 1126 361 oriebatur,
1163 322 1257 350 cum
1292 308 1499 350 Mercurio

178 360 331 415 Virgo,
380 361 510 403 Libra
559 377 652 404 cum
695 362 876 419 Venere,
917 364 1032 406 Mars
1085 368 1176 406 erat
1223 366 1265 406 in
1315 364 1499 420 Scorpio,

179 417 456 473 Sagittarium
474 419 665 474 Iuppiter
689 421 920 475 obtinebat,
942 422 986 462 in
1011 421 1270 476 Capricorno
1291 422 1498 466 Saturnus

109 477 164 517 25
177 477 357 518 meabat.
419 478 478 519 sic
514 477 673 519 factum
705 481 787 529 est,
824 482 871 520 ut
902 479 1063 534 singuli
1100 495 1244 522 eorum
1281 482 1499 536 signorum

180 534 338 575 domini
370 549 463 576 esse
495 535 706 589 dicantur,
736 538 781 577 in
812 537 982 590 quibus,
1013 551 1108 579 cum
1138 539 1318 580 mundus
1354 553 1498 581 nasce-

178 594 305 646 retur,
335 592 467 634 fuisse
493 593 730 635 creduntur.
780 594 853 635 sed
884 594 1045 636 duobus
1072 595 1240 650 quidem
1270 597 1497 638 luminibus

179 650 349 704 singula
374 653 540 692 tantum
567 652 702 706 signa,
728 652 772 693 in
796 653 947 706 quibus
972 655 1071 694 tunc
1097 653 1278 708 fuerant,
1303 654 1497 709 adsigna-

176 707 240 748 uit
264 708 522 762 antiquitas,
561 707 768 751 Cancrum
801 711 938 762 lunae,
973 711 1052 752 soli
1083 710 1283 764 Leonem3
1315 713 1526 766 quinques

176 779 277 806 uero
304 767 440 807 stellis
460 769 629 820 praeter
654 767 728 808 illa
747 768 883 822 signa,
907 768 1058 822 quibus
1086 772 1186 810 tunc
1210 769 1498 823 inhaerebant,

178 823 364 877 quinque
389 824 552 879 reliqua
583 825 643 866 sic
670 825 822 866 adiecit
846 828 1054 879 uetustas,
1085 829 1133 867 ut
1157 828 1201 867 in
1226 827 1497 882 adsignandis

113 880 208 921 26a
231 881 315 922 fine
340 881 492 935 prioris
519 882 678 923 ordinis
704 883 806 924 ordo
826 884 1031 925 secundus
1058 884 1272 938 inciperet.
1308 885 1498 939 superius

181 938 290 979 enim
330 939 511 981 diximus
559 940 603 980 in
645 939 901 994 Capricorno
945 940 1171 983 Saturnum
1214 945 1311 996 post
1351 957 1497 984 omnes

178 995 320 1037 fuisse.
381 1010 482 1051 ergo
514 998 696 1039 secunda
727 998 903 1040 adiectio
936 1013 1030 1040 eum
1062 1000 1244 1052 primum
1275 1000 1392 1054 fecit,
1425 1001 1526 1055 quil

179 1053 358 1095 ultimus
372 1053 523 1108 fuerat,
543 1055 635 1097 ideo
649 1056 869 1110 AquariuS‚
888 1056 959 1110 qui
973 1055 1277 1110 Capricornum
1296 1059 1496 1112 sequitur,
1524 1075 1526 1080 ⁴

181 1110 364 1153 Saturno
396 1113 538 1166 datur,
567 1112 679 1164 Ioui,
719 1114 791 1167 qui
821 1116 918 1155 ante
951 1113 1179 1156 Saturnum
1209 1117 1316 1169 erat,
1353 1115 1495 1157 Pisces
1522 1143 1526 1174 i

178 1169 388 1211 dicantur:
419 1171 543 1211 Aries
566 1169 706 1225 Marti,
738 1171 809 1226 qui
833 1175 1121 1226 praecesserat
1144 1172 1300 1223 Iouem,
1330 1173 1494 1215 Taurus

176 1343 287 1395 quod
323 1343 368 1384 in
405 1344 602 1399 genitura
632 1345 779 1386 mundi
818 1345 888 1386 uel
923 1346 1017 1400 ipsa
1052 1360 1192 1387 rerum
1228 1346 1495 1399 prouidentia

174 1401 242 1441 uel
279 1402 509 1443 uetustatis
547 1402 762 1455 ingenium
805 1403 918 1444 hunc
961 1403 1096 1445 stellis
1139 1403 1327 1445 ordinem
1369 1405 1514 1460 dedit,-

176 1472 300 1511 quem
331 1459 454 1501 Plato
487 1460 729 1514 adsignauit
760 1461 950 1515 sphaeris
982 1475 1144 1515 earum,
1175 1465 1222 1503 ut
1253 1465 1364 1504 esset
1394 1462 1495 1504 luna

128 1552 132 1555 .
174 1517 331 1571 prima,
374 1518 438 1558 sol
475 1518 700 1572 secundus,
737 1533 862 1572 super
903 1519 1014 1560 hunc
1056 1519 1312 1574 Mercurius,
1347 1520 1492 1562 Venus

114 1573 117 1576 ’
142 1571 148 1577 “
175 1577 337 1628 quarta,
367 1575 466 1617 hinc
498 1575 624 1630 Mars,
654 1576 749 1617 inde
774 1575 976 1631 Iuppiter,
1001 1580 1044 1619 et
1069 1576 1276 1619 Saturnus
1306 1579 1494 1633 ultimus,

175 1632 247 1673 sed
279 1633 370 1674 sine
401 1633 526 1675 huius
556 1636 700 1675 tamen
730 1634 905 1676 rationis
942 1635 1176 1689 patrocinio
1209 1636 1371 1677 abunde
1402 1636 1504 1678 Pla-v

107 1688 162 1729 28
177 1690 363 1732 tonicum
390 1691 579 1732 ordinem
604 1693 719 1745 prior
744 1693 854 1734 ratio
881 1693 1158 1735 commendat.
1201 1708 1251 1734 ex
1275 1694 1353 1748 his,
1385 1702 1500 1748 quaev

175 1748 225 1788 de
256 1749 398 1790 uerbis
430 1747 647 1791 Ciceronis
677 1751 870 1804 proxime
894 1751 1097 1804 praelatis
1129 1752 1367 1805 quaerenda
1395 1766 1492 1806 pro·

266 2005 282 2034 1
316 2001 434 2047 celum
466 2002 502 2036 B
625 2007 646 2036 4
678 2003 789 2047 Ligra
820 2003 865 2037 B'
991 2014 1115 2048 corpio
1145 2001 1206 2045 P'‚
1237 2004 1423 2048 scorpione
1483 2000 1487 2003 ”

171 2051 190 2081 9
217 2045 412 2091 asslgnauit
435 2048 471 2082 B
580 2052 621 2082 11
648 2050 736 2083 tunc
759 2050 950 2084 merebant
976 2048 1024 2083 P'
1141 2054 1182 2084 12
1209 2049 1431 2094 assignandis

171 2097 215 2127 14
238 2092 421 2128 saturnom
449 2093 499 2128 P'
594 2094 675 2139 post
700 2095 826 2129 omnes
845 2095 1030 2130 saturnum
1055 2096 1092 2130 B
1191 2100 1233 2131 16
1257 2096 1378 2131 fuerat
1401 2098 1470 2132 ultl

167 2139 251 2173 mus
263 2140 299 2173 Β
371 2150 635 2184 capricornium
657 2140 704 2175 P‘
779 2144 820 2175 17
841 2141 957 2185 pisces
971 2141 1104 2176 dantur
1125 2143 1160 2176 P
1229 2145 1272 2177 23
1291 2142 1431 2187 assigna
1472 2185 1475 2187 ‚

168 2184 282 2229 sperls
300 2186 335 2219 B
419 2190 464 2221 26
489 2187 660 2221 habunde
686 2188 721 2222 B
798 2191 842 2221 27
868 2190 1046 2231 prloratio
1071 2186 1119 2222 P'
1200 2189 1431 2224 c6mendauit
1469 2228 1472 2229 ⁷

168 2230 403 2313 28s1311333su1n'1
422 2234 607 2280 querenda
631 2234 666 2268 Β
739 2237 782 2268 29
805 2233 962 2269 l1cubu1t
980 2233 1024 2269 B'
1097 2235 1201 2279 spera
1218 2235 1254 2269 B
1324 2239 1368 2270 30
1386 2246 1434 2280 ap

167 2288 212 2312 ne
