1474 2482
585 75 862 112 PRAEFATIO
1359 83 1362 85 '
1374 77 1400 119 3

55 185 308 240 accipimus,
346 199 473 239 quam
516 184 588 226 diu
619 186 664 226 in
701 199 778 227 sua
810 184 1017 240 qualitate
1048 187 1327 239 perseuerant
1359 187 1401 226 et

55 243 191 286 solida
220 244 433 298 innatant,
463 243 577 285 male
609 243 830 286 stomacho
857 243 975 285 oneri
1003 245 1121 285 sunt:
1154 245 1200 285 at
1224 257 1320 285 cum
1348 258 1399 285 ex

53 316 102 344 eo
141 302 252 357 quod
291 305 412 345 erant
449 303 616 344 mutata
652 305 771 358 sunt,
806 304 898 344 tum
933 302 1102 344 demum
1134 303 1180 343 in
1210 302 1324 344 uires
1357 306 1401 344 et

54 361 307 416 sanguinem
351 363 587 403 transeunt.
655 361 768 404 idem
812 362 858 403 in
895 361 981 415 his,
1024 361 1180 416 quibus
1224 361 1399 402 aluntur

51 420 242 475 ingenia,
289 422 574 475 praestemus,
617 421 666 462 ut
710 434 1001 475 quaecumque
1046 420 1268 462 hausimus
1311 435 1398 462 non

49 479 266 533 patiamur
295 479 465 535 integra
497 493 600 534 esse,
630 493 684 520 ne
716 479 857 521 aliena
884 480 982 530 sint,
1015 479 1087 521 sed
1113 479 1158 520 in
1183 478 1397 533 quandam

18 579 21 583 ,
49 537 255 593 digeriem
305 540 647 592 concoquamur:
698 536 890 594 alioquin
940 538 984 579 in
1035 539 1291 580 memoriam
1334 538 1396 580 ire

48 598 247 650 possunt,
290 611 378 639 non
422 596 468 638 in
511 596 744 652 ingenium.
812 612 862 639 ex
901 596 1099 639 omnibus
1138 597 1393 651 colligamus
1422 601 1448 642 8

48 655 156 696 unde
194 670 326 697 unum
363 655 458 709 fiat,
496 655 608 698 sicut
645 671 755 698 unus
790 669 992 697 numerus
1033 656 1083 696 fit
1115 670 1166 696 ex
1199 656 1393 709 singulis.

46 713 130 756 hoc
161 714 292 756 faciat
322 717 472 756 noster
503 715 690 756 animus:
728 714 890 769 omnia,
925 713 1079 769 quibus
1113 716 1178 756 est
1210 714 1394 768 adiutus,

48 772 299 827 abscondat,
329 774 472 828 ipsum
502 775 648 815 tamen
681 773 881 815 ostendat
913 772 1026 828 quod
1059 773 1215 815 effecit:
1247 775 1295 814 ut
1320 774 1393 828 qui

46 831 180 873 odora
227 832 451 888 pigmenta
499 832 750 887 conficiunt,
801 834 901 874 ante
951 831 1096 873 omnia
1146 835 1299 874 curant
1343 836 1392 875 ut

44 890 204 932 nullius
237 891 324 932 sint
355 890 498 933 odoris
529 891 702 946 propria
728 905 836 947 quae
862 891 1124 946 condientur,
1156 891 1388 933 confusura

43 948 244 991 uidelicet
275 950 468 992 omnium
502 965 628 992 sucus
664 950 962 992 odoraminum
992 950 1039 991 in
1072 950 1383 1005 spiramentum

43 1021 187 1050 unum.
240 1008 360 1050 uides
393 1023 520 1064 quam
551 1009 784 1051 multorum
811 1009 992 1051 uocibus
1019 1009 1174 1051 chorus
1201 1011 1385 1051 constet:
1412 1007 1438 1048 9

42 1080 128 1108 una
152 1069 299 1109 tamen
324 1082 374 1109 ex
400 1068 598 1110 omnibus
625 1068 828 1111 redditur.
873 1068 1018 1123 aliqua
1044 1071 1111 1110 est
1136 1068 1224 1109 illic
1251 1071 1391 1122 acuta,

43 1125 187 1180 aliqua
225 1126 388 1182 grauis,
426 1127 570 1182 aliqua
608 1126 767 1181 media,
806 1127 1014 1169 accedunt
1045 1126 1152 1168 uiris
1191 1126 1389 1183 feminae,

40 1183 330 1239 interponitur
359 1185 521 1228 fistula:
561 1186 624 1228 ita
656 1186 923 1242 singulorum
959 1186 1047 1228 illic
1079 1186 1219 1227 latent
1249 1200 1389 1240 uoces,

43 1243 234 1285 omnium
272 1247 480 1299 apparent
516 1246 559 1287 et
594 1245 646 1286 fit
683 1248 912 1287 concentus
951 1260 1001 1287 ex
1039 1245 1237 1287 dissonis.
1299 1245 1388 1287 tale
1407 1249 1461 1291 10

42 1301 123 1343 hoc
158 1317 360 1358 praesens
398 1318 504 1358 opus
542 1304 662 1346 uolo:
700 1305 863 1346 multae
895 1305 941 1346 in
972 1304 1046 1346 illo
1080 1306 1216 1359 artes,
1252 1304 1389 1346 multa

41 1363 274 1416 praecepta
312 1362 415 1416 sint,
454 1363 688 1404 multarum
726 1363 934 1405 aetatium
973 1363 1186 1418 exempla,
1231 1363 1305 1404 sed
1342 1363 1389 1405 in

40 1433 174 1462 unum
205 1421 469 1475 conspirata:
500 1421 546 1463 in
577 1422 731 1476 quibus
762 1422 798 1463 si
823 1436 960 1476 neque
987 1437 1037 1464 ea
1061 1436 1170 1477 quae
1195 1421 1281 1463 iam
1307 1422 1389 1463 tibi

41 1481 144 1520 sunt
181 1479 355 1535 cognita
394 1481 653 1536 asperneris,
689 1495 767 1522 nec
808 1495 916 1536 quae
947 1481 1098 1536 ignota
1130 1483 1231 1523 sunt
1260 1481 1388 1535 uites,

38 1535 232 1580 inuenies
256 1538 441 1592 plurima
462 1553 570 1594 quae
591 1540 648 1581 sit
669 1542 742 1581 aut
761 1540 975 1593 uoluptati
995 1540 1136 1594 legere
1158 1542 1232 1581 aut
1251 1539 1386 1581 cultui

38 1595 192 1651 legisse
236 1599 311 1638 aut
354 1598 449 1639 usui
493 1598 754 1639 meminisse.
821 1598 928 1640 nihil
974 1599 1086 1640 enim
1124 1598 1225 1640 huic
1263 1599 1454 1652 operill

37 1653 246 1696 insertum
271 1657 376 1711 puto
404 1658 478 1698 aut
503 1657 678 1713 cognitu
704 1657 856 1698 inutile
881 1659 954 1698 aut
974 1657 1146 1699 difficile
1166 1660 1385 1712 perceptu,

38 1713 110 1755 sed
137 1714 280 1755 omnia
307 1714 461 1770 quibus
488 1716 544 1757 sit
562 1716 782 1771 ingenium
801 1718 923 1758 tuum
943 1716 1151 1772 uegetius,
1178 1716 1385 1758 memoria

0 1799 1 1809 η
38 1771 403 1828 adminiculatior,
447 1775 585 1817 oratio
625 1775 859 1826 sollertior,
898 1789 1036 1817 sermo
1081 1775 1382 1830 incorruptior,

35 1831 121 1873 nisi
160 1831 296 1874 sicubi
331 1847 411 1875 nos
451 1833 530 1875 sub
570 1833 654 1876 alio
691 1837 808 1876 ortos
841 1834 959 1876 caelo
991 1834 1172 1876 Latinae
1205 1835 1380 1889 linguae
1433 1823 1462 1873 l

35 1905 144 1932 uena
173 1905 262 1933 non
295 1891 480 1934 adiuuet.
536 1892 649 1948 quod
681 1894 734 1935 ab
766 1893 845 1947 his,
877 1893 914 1934 si
944 1895 1089 1935 tamen
1123 1893 1378 1948 quibusdam
1399 1898 1452 1940 12

34 1949 147 1992 forte
177 1964 265 1992 non
295 1965 514 2006 nunquam
546 1954 716 2007 tempus
747 1953 1034 2007 uoluntasque
1072 1952 1154 1994 erit
1190 1952 1274 1994 ista
1312 1967 1380 1994 co-

129 2070 150 2101 4
175 2065 275 2100 ldem
301 2067 343 2102 in
366 2077 439 2102 ras.
466 2066 504 2101 P
595 2071 614 2102 7
642 2067 823 2112 dlgerlam
849 2067 910 2112 B',
937 2068 1123 2112 degerlem
1142 2079 1174 2113 p
1264 2072 1284 2103 9
1310 2068 1382 2102 fuit

32 2112 80 2157 B,
105 2114 122 2146 1
146 2113 214 2148 fiat
238 2113 322 2149 add.
349 2114 370 2149 b
455 2118 540 2159 post
563 2115 628 2149 fiat
653 2115 738 2152 add.
765 2127 809 2150 ex
834 2114 1071 2161 omnibus(P)
1165 2118 1209 2150 10
1235 2114 1387 2150 adiutus

33 2159 202 2195 ostendat
231 2160 278 2206 P,
312 2160 392 2207 ipsu
429 2162 556 2197 tamen
593 2160 764 2197 ostendat
799 2173 878 2207 sup.
906 2163 970 2198 lin.
1004 2163 1088 2198 add.
1115 2173 1145 2207 p
1243 2166 1286 2198 17
1319 2173 1379 2197 ac-

31 2206 195 2250 cendunt
218 2207 256 2242 B
398 2211 439 2243 18
465 2208 566 2244 uires
586 2208 632 2243 B'
772 2209 851 2246 11110
876 2221 942 2245 om.
973 2210 1010 2244 P
1139 2214 1184 2244 21
1211 2210 1377 2244 aetatum

30 2254 96 2300 (P)
203 2258 248 2290 23
275 2256 349 2290 sint
373 2256 393 2291 b
491 2259 535 2291 26
561 2257 691 2293 mutile
717 2257 764 2292 B'
868 2260 912 2293 26
938 2258 1077 2302 pceptu
1102 2257 1139 2291 B
1241 2261 1286 2291 29
1311 2255 1379 2291 nlsl

31 2301 117 2337 cubi
141 2302 178 2337 B
272 2302 341 2338 nos
359 2314 426 2339 om.
452 2303 490 2338 P

1114 2367 1130 2397 1
1145 2361 1164 2382 ’lt
