1526 2444
641 51 692 87 vl
720 53 861 88 τ4-83,
1333 47 1421 90 513

69 163 235 218 septem
278 175 445 217 quoque
490 162 591 204 sunt
627 159 787 216 gradus
823 159 871 201 in
907 172 1103 213 corpore,
1147 157 1221 213 qui
1259 156 1418 199 dimen-
1435 158 1489 200 79

69 222 235 264 sionem
279 220 519 263 altitudinis
570 219 625 261 ab
669 219 758 261 imo
802 219 847 260 in
889 217 1160 272 superficiem
1204 217 1420 272 conplent,

0 291 10 328 ζ
68 279 256 322 medulla
293 294 341 322 os
378 293 536 321 neruus
568 293 680 321 uena
717 278 875 320 arteria
906 291 1006 319 caro
1045 276 1166 319 cutis.
1227 275 1334 318 haec
1366 276 1418 318 de

0 348 11 386 ζ·
67 338 354 381 interioribus,
416 338 462 380 in
500 341 647 392 aperto
681 347 855 393 quoque
890 339 1056 390 septem
1088 338 1191 377 sunt
1223 335 1416 390 corporis
1431 336 1490 378 80

0 398 229 455 ¹ss,>*z›partes,
273 399 401 452 caput
441 399 591 452 pectus
629 410 782 438 manus
823 396 1038 451 pedesque
1076 398 1119 436 et
1158 394 1417 450 pudendum.

0 456 10 502 ὲ
66 458 172 499 item
216 470 325 512 quae
369 455 637 510 diuiduntur,
679 470 766 498 non
810 455 894 497 nisi
940 457 1103 506 septem
1154 454 1416 509 conpagibus

0 520 6 542 s
67 515 215 558 iuncta
261 517 377 557 sunt:
420 517 469 556 ut
512 515 556 556 in
600 514 800 557 manibus
841 516 908 556 est
946 513 1150 555 humerus
1190 512 1416 555 brachium

10 627 11 630 Ἴ
67 574 236 616 cubitus
261 574 364 616 uola
395 576 438 615 et
469 573 702 629 digitorum
728 573 846 616 modi
870 573 994 627 terni,
1025 573 1070 613 in
1101 571 1282 626 pedibus
1315 586 1416 614 uero

6 660 8 662 v
66 632 205 675 femur
236 646 349 688 genu
379 632 489 674 tibia
519 647 594 687 pes
626 633 730 688 ipse,
763 633 842 674 sub
875 647 958 687 quo
990 632 1092 673 uola
1124 634 1202 682 est,
1233 634 1277 673 et
1308 631 1416 686 digi-

4 704 50 743 4¹⁰
67 695 212 734 torum
244 691 442 733 similiter
471 692 575 734 nodi
606 693 731 733 terni.
793 694 836 732 et
867 691 968 746 quia
999 705 1150 732 sensus
1182 704 1415 745 eorumque
1430 691 1484 734 81

12 747 14 749 ’
65 750 307 792 ministeria
343 753 501 792 natura
538 750 584 792 in
622 750 762 805 capite
798 750 920 791 uelut
960 749 1005 791 in
1044 763 1140 791 arce
1177 748 1416 803 constituit,

66 818 230 864 septem
255 809 540 851 foraminibus
568 823 769 851 sensuum
796 809 1068 850 celebrantur
1093 807 1249 861 officia,
1274 807 1318 849 id
1350 811 1416 850 est

11 881 14 883 ’
66 869 152 910 oris
179 882 229 910 ac
255 867 406 909 deinde
432 868 653 910 oculorum
677 868 849 910 narium
875 870 918 909 et
944 867 1111 909 aurium
1144 867 1271 921 binis,
1301 867 1415 909 unde

0 930 3 987 ξ
65 941 153 969 non
184 926 384 968 inmerito
416 926 487 968 hic
515 941 733 982 numerus,
763 927 899 969 totius
924 925 1115 968 fabricae
1141 926 1417 981 dispensator

0 989 48 1060 ,ξε
67 988 111 1028 et
142 985 352 1041 dominus,
383 986 524 1041 aegris
556 1000 724 1042 quoque
750 986 1002 1041 corporibus
1032 984 1271 1040 periculum
1303 985 1416 1027 sani-

0 1048 27 1096 »ξι
64 1047 254 1087 tatemue
299 1045 537 1088 denuntiat.
610 1045 743 1088 immo
787 1045 883 1087 ideo
927 1048 972 1087 et
1015 1047 1181 1099 septem
1226 1044 1416 1086 motibus

17 1150 20 1155 ,
66 1117 193 1146 omne
248 1117 401 1158 corpus
445 1104 652 1158 agitatur:
698 1108 774 1147 aut
825 1104 940 1146 enim
991 1103 1178 1146 accessio
1229 1105 1296 1145 est
1341 1110 1416 1145 aut

2 1183 4 1214 3
63 1162 108 1204 in
151 1163 322 1204 laeuam
367 1162 613 1204 dextramne
656 1163 834 1206 deflexio
876 1166 952 1205 aut
990 1177 1160 1205 sursum
1200 1162 1295 1217 quis
1340 1177 1415 1204 seu

3 1223 6 1258 ἓ
66 1221 265 1263 deorsum
290 1223 489 1264 mouetur
514 1224 590 1264 aut
613 1222 660 1264 in
685 1222 832 1264 orbem
857 1225 1038 1265 rotatur.
1086 1224 1154 1264 tot
1177 1221 1414 1264 uirtutibus
1429 1223 1486 1265 82

4 1281 40 1318 ἑ·
65 1280 299 1336 insignitus
357 1281 642 1335 septenarius,
697 1296 804 1336 quas
852 1281 922 1323 uel
971 1281 1023 1323 de
1076 1281 1275 1335 partibus
1326 1281 1414 1323 suis

5 1341 27 1359 ⁷
64 1341 290 1381 mutuatur
321 1339 391 1381 uel
417 1341 536 1381 totus
569 1345 748 1394 exercet,
778 1341 870 1382 iure
899 1340 1051 1396 plenus
1083 1341 1126 1381 et
1156 1339 1342 1382 habetur
1373 1342 1416 1381 et

7 1407 9 1415 ²
66 1398 235 1441 dicitur.
286 1400 330 1440 et
355 1398 568 1453 absoluta,
593 1401 642 1440 ut
673 1399 872 1453 arbitror,
902 1399 1069 1441 ratione
1093 1399 1180 1440 iam
1207 1398 1415 1452 constitit,

27 1465 30 1468 ’
66 1470 141 1498 cur
172 1456 355 1499 diuersis
388 1472 439 1499 ex
470 1456 611 1500 causis
644 1460 743 1500 octo
776 1461 819 1500 et
850 1460 1014 1513 septem
1046 1457 1163 1512 pleni
1195 1459 1415 1499 uocentur.

10 1530 35 1563 f>
66 1529 215 1558 sensus
242 1514 388 1558 a‘utem
413 1516 484 1558 hic
516 1519 602 1558 est:
634 1531 731 1559 cum
756 1519 875 1560 aetas
907 1520 983 1558 tua
1009 1516 1412 1572 quinquagesimum
1427 1517 1483 1559 83

10 1575 27 1602 ἲ
66 1578 110 1616 et
135 1577 305 1617 sextum
331 1589 490 1618 annum
517 1577 794 1631 conpleuerit,
825 1591 933 1631 quae
967 1590 1134 1618 summa
1158 1575 1242 1617 tibi
1266 1575 1413 1617 fatalis

11 1628 38 1684 g}
63 1634 162 1687 erit,
200 1648 298 1688 spes
330 1634 503 1690 quidem
540 1635 693 1677 salutis
723 1636 923 1690 publicae
954 1637 998 1677 te
1028 1634 1212 1689 uidebit,
1251 1637 1294 1676 et
1331 1649 1410 1689 pro

25 1698 27 1701 “
63 1692 262 1735 remediis
289 1694 531 1736 communis
558 1694 771 1736 bonorum
796 1695 989 1737 omnium
1015 1695 1156 1736 status
1177 1693 1410 1736 uirtutibus

15 1763 31 1783 -’
62 1752 149 1794 tuis
180 1751 396 1795 dictatura
427 1752 669 1807 debebitur,
701 1753 775 1796 sed
808 1754 844 1795 si
883 1753 1072 1795 euaseris
1103 1752 1283 1794 insidias
1314 1766 1412 1807 pro-

16 1809 331 1865 ›³3'pinqu0rum.
403 1825 504 1853 nam
549 1826 625 1866 per
668 1815 909 1867 septenos
951 1813 1112 1854 octies
1154 1811 1281 1853 solis
1328 1825 1412 1853 an-

29 1870 38 1875 ⁴
63 1868 260 1911 fractus
304 1870 601 1924 reditusque
645 1871 956 1927 quinquaginta
997 1874 1041 1913 et
1084 1885 1158 1913 sex
1196 1870 1412 1926 significat

19 1928 46 1979 ⁸2,
66 1941 213 1981 annos,
245 1928 532 1971 anfractum
566 1929 696 1971 solis
728 1932 778 1971 et
803 1930 1023 1972 reditum
1049 1944 1208 1972 annum
1233 1943 1410 1971 uocans:

159 2059 178 2090 1
204 2055 288 2091 sunt
311 2066 458 2100 quoque
485 2056 522 2090 P
616 2060 637 2092 2
664 2057 872 2093 ab**1mo
900 2057 937 2092 P
1037 2061 1057 2093 3
1083 2057 1114 2092 86
1138 2060 1222 2094 ante
1245 2056 1413 2092 medulla

35 2098 130 2148 fidel.
154 2103 197 2138 in
220 2103 257 2138 Β
334 2102 453 2138 neuul'
472 2100 520 2139 B'
611 2108 634 2139 4
658 2104 906 2140 mtenombus
925 2105 961 2140 Β
1059 2109 1079 2140 6
1106 2103 1355 2150 compagibus
1377 2104 1415 2138 P

36 2148 85 2199 §³¹3
110 2149 164 2185 ert
186 2149 363 2185 numerus
382 2150 420 2185 B
518 2154 560 2186 1⁷
587 2162 734 2187 omnem
758 2152 796 2188 Β
890 2156 934 2188 18
960 2154 1027 2188 aut
1049 2152 1192 2187 rursum
1217 2152 1255 2187 B
1349 2150 1412 2186 seu

39 2201 154 2252 {coma
179 2207 224 2233 ex
247 2196 283 2233 se
302 2198 344 2234 in
362 2197 399 2232 Β
470 2201 514 2233 21
534 2199 701 2235 mutatur
718 2198 768 2234 P'
842 2202 888 2235 25
912 2200 1109 2246 &plenerat
1129 2199 1166 2234 Β
1239 2202 1284 2234 28
1311 2197 1357 2233 s&
1375 2198 1411 2232 B
1462 2196 1466 2199 ’

26 2246 65 2291 ζὴ
86 2243 226 2327 &sciit
252 2243 302 2279 P'
415 2246 629 2294 aeqpinquoe
650 2245 695 2282 Β
792 2250 837 2283 29
862 2247 1015 2284 *octies
1038 2247 1075 2282 P
1162 2245 1352 2282 anfractus
1371 2248 1413 2281 ut

27 2345 30 2360 ¹
61 2391 64 2395 ⁴
136 2356 327 2384 Maenomvs
1082 2355 1127 2388 33
