1526 2444
118 72 201 113 170
622 71 724 107 SAT.
747 70 877 106 LIBRI
897 70 948 105 ΙΙΙ

116 178 304 220 dictam
343 177 517 219 tradidit
559 191 684 231 quae
724 179 933 231 propter
973 177 1299 219 sanctitatem
1340 177 1435 218 ali·
1517 215 1520 216 ⁷

116 250 261 290 quam
298 237 491 276 remota
529 249 582 276 ac
619 235 844 289 seposita
882 249 907 276 a
936 235 1083 276 nobis
1115 235 1199 289 sit,
1236 234 1379 288 quasi
1411 249 1436 276 a
1507 247 1512 255 2

115 293 446 347 relinquendo
496 292 631 334 dicta
680 295 734 334 ut
783 308 808 334 a
856 292 1069 335 carendo
1117 292 1436 334 caerimonia.
1509 304 1519 322 ³

73 351 195 393 9hoc
225 349 438 405 Vergilius
471 364 644 391 seruans
677 350 737 391 ait

177 434 242 473 est
282 432 432 485 ingens
477 430 663 485 gelidum
704 431 824 472 lucus
867 444 997 484 prope
1039 428 1228 472 Caeretis
1272 444 1438 472 amnem
1471 440 1510 471 5Ἰ

175 490 380 544 religione
410 492 579 543 patrum
609 489 696 529 late
727 502 844 529 sacer
1504 493 1522 509 ‘³

118 573 160 612 et
191 570 345 612 adiecit
375 583 457 624 quo
495 569 800 624 proprietatem
830 568 1051 623 religionis
1084 568 1334 622 exprimeret

982 649 1162 703 undique
1193 649 1321 690 colles

174 709 384 750 inclusere
416 708 520 763 caui,
551 709 594 748 et
622 707 747 763 nigra
776 721 923 748 nemus
956 707 1093 748 abiete
1125 707 1276 761 cingit,

118 805 225 845 quae
257 804 323 831 res
354 789 498 843 utique
529 788 713 830 faciebat
743 789 884 829 lucum
916 803 940 829 a
970 787 1116 841 populi
1147 787 1439 829 communione
1457 791 1514 828 1⁰³>

119 850 335 889 secretum.
396 850 438 888 et
474 849 523 888 ut
557 846 752 887 relictum
789 846 929 887 locum
961 845 1202 888 ostenderet
1230 859 1317 886 non
1349 845 1441 886 sola.
1507 852 1515 891 j

120 905 300 947 adeundi
331 904 592 958 difficultate,
623 903 778 945 adiecit
807 906 850 944 et
881 905 1150 944 sanctitatem

237 985 411 1027 Siluano
443 984 558 1026 fama
588 986 669 1038 est,
706 986 871 1026 ueteres
903 998 1089 1026 sacrasse
1120 983 1324 1037 Pelasgos

237 1057 435 1098 agrorum
464 1041 710 1096 pecorisque
742 1041 831 1082 deo.

52 1125 348 1172 lOsecundum
391 1124 635 1165 POMPEIVM
674 1122 861 1164 FESTVM
903 1121 1139 1176 religiosi
1182 1123 1316 1174 sunt,
1359 1120 1442 1174 qui
1459 1133 1494 1160 15

120 1182 352 1224 facienda
391 1183 439 1222 et
475 1180 684 1222 uitanda
721 1180 1029 1221 discernunt.
1094 1179 1193 1220 hinc
1223 1177 1343 1219 Maro
1381 1178 1443 1220 ait
1507 1188 1509 1190 ’

515 1262 630 1302 riuos
662 1261 861 1301 deducere
891 1260 1010 1301 nulla

515 1318 666 1373 religio
698 1319 843 1359 uetuit.

124 1401 235 1456 quod
268 1403 408 1442 autem
440 1399 500 1440 ait
530 1399 790 1453 deducere,
829 1398 935 1440 nihil
967 1398 1082 1439 aliud
1113 1399 1178 1439 est
1207 1411 1332 1451 quam
1363 1396 1444 1438 de·
1505 1419 1508 1448 1

124 1462 338 1514 tergere.
397 1472 497 1498 nam
527 1457 649 1498 festis
682 1456 829 1498 diebus
860 1456 976 1498 riuos
1007 1458 1171 1497 ueteres
1203 1454 1442 1496 sordidatos
1461 1468 1496 1494 so

58 1519 109 1560 11
128 1518 345 1571 detergere
370 1516 479 1567 licet,
510 1529 645 1556 nouos
670 1514 812 1555 fodere
837 1528 924 1555 non
953 1514 1063 1555 licet.
1123 1514 1168 1554 in
1198 1515 1445 1554 transcursu
1502 1532 1506 1534 >

125 1577 168 1616 et
203 1575 284 1616 hoc
314 1573 549 1615 notandum
581 1575 662 1625 est,
700 1572 811 1626 quod
848 1574 890 1612 et
918 1571 1008 1626 ipse
1039 1571 1156 1612 uelut
1185 1570 1444 1625 praeteriens
1505 1572 1509 1620 J

125 1634 203 1674 sub
228 1632 355 1674 unius
384 1631 504 1672 uerbi
535 1629 846 1684 significatione
876 1629 1067 1683 proiecit.
1127 1630 1300 1670 cauetur
1331 1628 1445 1669 enim
1497 1665 1500 1666 γ

123 1692 166 1732 in
197 1691 287 1732 iure
318 1689 536 1743 pontificio
568 1691 638 1740 ut,
669 1688 867 1741 quoniam
899 1701 1001 1728 oues
1032 1686 1193 1728 duabus
1226 1700 1276 1727 ex
1307 1686 1444 1727 causis
1505 1718 1508 1724 Α

123 1748 261 1790 lauari
287 1747 438 1799 solent,
469 1748 542 1786 aut
566 1747 613 1786 ut
644 1747 813 1786 curetur
844 1745 1005 1786 scabies
1037 1746 1111 1785 aut
1142 1746 1190 1785 ut
1219 1744 1318 1784 lana
1347 1757 1443 1797 pur·
1461 1753 1501 1787 2⁵,

125 1808 257 1860 getur,
282 1805 402 1846 festis
423 1804 569 1845 diebus
589 1803 835 1857 purgandae
860 1802 983 1843 lanae
1009 1802 1148 1857 gratia
1174 1815 1274 1843 oues
1299 1801 1443 1842 lauare
1497 1796 1501 1826 s

218 1974 238 2006 5
264 1971 353 2005 Aen.
379 1969 464 2004 VIII
490 1973 555 2004 597
634 1972 655 2003 8
679 1968 727 2004 ib.
754 1967 839 2002 VIII
865 1970 932 2002 598
1007 1971 1049 2002 13
1074 1966 1123 2003 ib.
1148 1966 1234 2001 VIII
1259 1969 1327 2001 600
1402 1968 1443 2000 17

123 2017 255 2062 Georg.
282 2017 299 2050 I
323 2019 390 2051 269

221 2178 238 2208 1
265 2173 402 2208 dictam
428 2171 499 2206 esse
517 2171 553 2206 B
614 2175 634 2205 3
654 2168 876 2217 cerimoniae
894 2181 917 2212 p
982 2173 1003 2203 4
1022 2168 1169 2213 uirgiho
1188 2169 1225 2203 B
1285 2171 1305 2203 5
1325 2166 1451 2203 &zeus
1492 2168 1495 2170 ’

125 2232 215 2257 corr.
242 2221 282 2255 i‘n
304 2218 436 2254 ceretis
454 2218 496 2252 in
520 2217 556 2251 B
627 2221 669 2251 14
694 2227 856 2271 pecoriq.
875 2215 951 2250 BP
1016 2219 1057 2251 16
1082 2225 1185 2249 mora.
1200 2211 1247 2248 B'
1316 2218 1356 2248 17
1384 2213 1445 2248 de·
1488 2243 1492 2246 ,

127 2266 268 2302 dacer&
286 2269 326 2302 ut
350 2266 425 2302 uid.
450 2262 497 2298 B'
561 2267 604 2298 21
630 2263 776 2297 foedere
795 2262 830 2297 B
902 2265 946 2296 23
972 2272 1067 2296 emm
1086 2272 1175 2306 iniq.
1195 2259 1388 2306 pontificlo
1407 2258 1444 2294 B
1486 2270 1491 2271 ⁷
