1526 2444
597 54 649 90 X1
673 57 816 90 34—43
1323 54 1380 96 55

32 165 248 220 caprifico,
278 178 388 219 quae
420 163 571 206 castris
603 166 696 205 erat
725 163 934 218 proxima,
969 162 1139 218 signum
1170 161 1376 204 Romanis

29 223 247 267 dederunt.
308 222 381 278 qui
419 236 516 265 cum
551 221 776 277 repentina
812 221 1056 264 incursione
1092 222 1378 275 superassent,
1391 223 1450 264 40

30 297 195 325 memor
230 281 426 324 beneficii
463 283 637 323 senatus
676 295 822 323 omnes
862 280 1043 323 ancillas
1081 294 1213 322 manu
1249 280 1378 322 iussit

29 342 181 393 emitti,
212 341 438 395 dotemque
470 340 530 382 eis
563 354 614 382 ex
643 339 816 394 publico
846 339 950 382 fecit
981 342 1023 382 et
1049 340 1261 394 ornatum,
1293 353 1377 394 quo

27 401 130 443 tunc
173 401 294 442 erant
336 413 463 454 usae,
506 401 676 455 gestare
718 399 953 455 concessit,
997 399 1192 454 diemque
1234 398 1379 453 ipsum

27 457 200 501 Nonas
233 457 543 514 Caprotinas
574 458 842 513 nuncupauit
867 457 926 499 ‘ab
958 457 1036 500 illa
1069 457 1287 513 caprifico,
1326 471 1379 499 ex

27 531 112 574 qua
144 518 316 574 signum
348 516 556 560 uictoriae
591 519 813 572 ceperunt,
850 517 1191 572 sacrificiumque
1223 516 1378 559 statuit

27 590 169 619 annua
201 575 489 618 sollemnitate
522 576 839 628 celebrandum,
870 576 938 618 eui
969 576 1048 629 lac,
1080 575 1194 630 quod
1226 589 1277 617 ex
1308 589 1377 618 ca-

24 634 174 691 prifico
218 638 383 690 manat,
424 638 602 690 propter
646 635 897 677 memoriam
936 635 1041 676 facti
1076 633 1375 688 praecedentis

25 692 263 736 adhibetur.

145 751 227 795 Sed
262 767 341 795 nec
379 752 432 795 ad
467 751 860 807 philosophandum
896 751 1093 807 ineptum
1131 752 1200 793 uel
1234 751 1375 806 impar
1387 751 1443 793 41

26 811 182 854 seruile
213 812 437 867 ingenium
462 811 555 853 fuit.
604 810 843 853 Phaedon
876 825 927 852 ex
953 810 1128 853 cohorte
1155 809 1374 853 Socratica

25 868 276 925 Socratique
306 873 349 913 et
374 870 545 913 Platoni
570 869 875 924 perfamiliaris
902 869 1022 921 adeo,
1053 871 1103 911 ut
1127 868 1254 912 Plato
1282 870 1373 912 eius

23 929 190 971 nomini
220 928 377 971 librum
408 929 534 971 illum
564 929 757 970 diuinum
784 928 834 971 de
861 928 1175 971 inmortalitate
1202 928 1372 971 animae

26 987 200 1042 dicaret,
225 1002 374 1030 seruus
399 987 483 1030 fuit
506 987 646 1030 forma
672 990 802 1042 atque
827 988 1001 1042 ingenio
1028 987 1209 1030 liberali.
1258 987 1373 1030 hunc

24 1044 161 1089 Cebes
176 1045 418 1089 Socraticus
431 1047 633 1089 hortante
649 1045 826 1089 Socrate
848 1047 1003 1089 emisse
1017 1046 1184 1101 dicitur,
1197 1046 1371 1089 habuis-

24 1119 152 1160 seque
177 1106 222 1147 in
246 1105 545 1160 philosophiae
565 1106 815 1161 disciplinis,
840 1108 969 1161 atque
994 1106 1031 1147 is
1058 1109 1213 1161 postea
1231 1106 1371 1160 philo-

27 1164 188 1219 sophus
219 1165 402 1207 nlustris
440 1165 627 1220 emersit,
665 1179 970 1220 sermonesque
997 1165 1086 1206 eius
1113 1164 1164 1206 de
1191 1163 1366 1207 Socrate

24 1222 252 1265 admodum
283 1223 502 1279 elegantes
533 1224 749 1279 leguntur.

141 1282 230 1323 Alii
274 1296 441 1338 quoque
477 1297 566 1325 non
602 1284 729 1338 pauci
766 1283 879 1325 serui
921 1282 1111 1334 fuerunt,
1156 1283 1229 1338 qui
1270 1285 1370 1339 post
1383 1283 1442 1324 42

21 1340 272 1395 philosophi
303 1341 410 1383 clari
441 1342 687 1384 extiterunt.
731 1356 782 1383 ex
808 1342 962 1397 quibus
994 1342 1067 1384 ille
1098 1342 1370 1398 Menippus

22 1399 116 1454 fuit,
147 1400 266 1442 cuius
297 1399 430 1442 libros
455 1399 512 1442 M.
531 1399 697 1442 VARRO
730 1400 777 1441 in
803 1411 993 1443 sA'rvms
1019 1402 1260 1444 aemulatus
1293 1404 1370 1453 est,

23 1472 129 1512 quas
160 1458 235 1500 alii
267 1456 482 1513 CYNICAS,
511 1460 604 1514 ipse
636 1459 826 1514 appellat
855 1459 1142 1502 MENIPPEAS.

0 1526 1 1535 ¹
142 1515 224 1559 Sed
250 1519 294 1559 et
312 1517 603 1573 Theophrasti
622 1517 896 1573 Peripatetici
917 1533 1066 1560 seruus
1092 1518 1368 1574 Pompylus

0 1577 66 1617 let
90 1574 276 1618 Zenonis
303 1575 437 1618 Stoici
468 1591 627 1631 seruus,
659 1577 731 1631 qui
762 1576 979 1620 Perseus
1010 1580 1190 1620 uocatus
1216 1580 1295 1633 est,
1328 1581 1371 1620 et

19 1633 210 1689 Epicuri,
235 1634 303 1677 cui
322 1634 430 1690 Mys
454 1650 613 1678 nomen
638 1635 730 1689 fuit,
754 1635 1007 1690 philosophi
1025 1650 1113 1678 non
1132 1637 1368 1679 incelebres

18 1692 96 1735 illa
133 1695 275 1735 aetate
311 1693 529 1751 uixerunt,
566 1694 824 1750 Diogenes
862 1695 994 1737 etiam
1027 1693 1230 1750 Cynicus,
1268 1697 1369 1739 licet

19 1765 71 1794 ex
106 1752 308 1794 libertate
349 1753 394 1794 in
435 1753 687 1795 seruitutem
723 1768 883 1796 uenum
917 1754 1037 1796 ierat.
1106 1768 1233 1809 quem
1271 1769 1368 1797 cum

18 1825 157 1853 emere
194 1811 326 1853 uellet
355 1811 569 1854 Xeniades
601 1811 867 1867 Corinthius,
901 1813 1052 1868 ecquid
1089 1814 1260 1856 artificii
1290 1828 1367 1857 no·
1380 1813 1438 1855 43

113 1966 135 1996 4
160 1962 208 1997 111'
228 1962 272 2006 P,
297 1961 359 1997 hls
379 1963 416 1997 B
488 1966 510 1998 5
535 1962 645 1999 us*ae
663 1963 700 1998 B
775 1968 794 1999 7
821 1965 1022 2009 coeperunt
1039 1964 1077 1999 B
1149 1969 1171 2001 8
1191 1964 1366 2011 sollepm-

19 2009 97 2044 tate
122 2008 160 2043 P
258 2013 299 2043 12
325 2009 438 2057 sedon
462 2010 506 2055 P,
532 2010 659 2057 fedion
677 2022 717 2056 p,
743 2010 879 2047 foedon
905 2012 942 2046 Β
1048 2015 1091 2047 13
1117 2012 1294 2048 socratico
1319 2011 1366 2048 P'

19 2058 64 2090 14
88 2055 373 2092 immortahtate
398 2056 436 2092 P
530 2061 573 2093 18
597 2057 752 2094 illustris
774 2059 811 2093 P
907 2061 949 2094 19
977 2058 1162 2105 eliganter
1181 2064 1224 2097 ut
1246 2060 1323 2096 uid.
1345 2061 1366 2097 b

17 2105 64 2138 20
88 2102 180 2138 serm
204 2102 289 2139 fuef
304 2107 452 2149 praeter
474 2107 495 2139 f
521 2106 563 2140 in
581 2116 654 2141 ras.
674 2106 716 2141 in
734 2106 772 2141 P
863 2109 908 2141 22
935 2106 1082 2142 marcus
1096 2107 1176 2141 BP
1270 2107 1364 2152 saty-

15 2149 70 2184 nl'
88 2149 168 2185 BP
272 2155 317 2186 23
343 2151 485 2187 emicas
507 2151 544 2186 P
650 2157 695 2188 24
720 2152 968 2199 Theophrasti
996 2154 1204 2190 Meursius:
1241 2155 1364 2200 philo·

16 2196 126 2232 strati
149 2196 234 2231 BP
331 2198 586 2244 penpathssmci
610 2199 647 2235 B
750 2199 910 2246 popolus
932 2200 978 2246 P,
1004 2201 1165 2247 p6pu1us
1183 2202 1221 2237 B
1319 2205 1365 2238 25

14 2242 124 2289 pseus
143 2244 186 2279 in
207 2255 280 2280 ras.
305 2245 348 2280 in
375 2246 412 2280 P
486 2246 565 2282 *est
588 2247 626 2282 P
694 2251 738 2284 27
765 2247 944 2294 diogenes
965 2249 1091 2284 autem
1117 2249 1154 2284 Β
1227 2249 1371 2284 cinicus

18 2289 57 2324 P
124 2293 169 2326 29
195 2292 234 2326 et
258 2291 348 2335 quid
372 2292 435 2338 (P)
