1526 2444
624 55 676 91 vl
702 58 840 91 16-23
1326 52 1415 96 245

124 180 231 222 quos
263 179 344 222 ego
376 189 431 196 -—
464 164 538 207 sed
571 166 713 207 motos
745 165 942 219 praestat
971 176 1226 218 componere
1257 161 1414 204 fluctus

65 251 110 291 et
139 247 389 291 Mnestheus

347 344 426 373 nec
457 331 631 373 uincere
662 331 792 372 certo.
849 335 854 339 ’

124 405 383 446 quamquam
416 405 441 432 o
472 414 522 421 —
553 390 625 433 sed
659 391 863 445 superent
895 389 1050 444 quibus
1075 387 1170 442 hoc,
1201 385 1415 442 Neptune,

0 476 13 495 Ἰ·
29 491 46 518 5
65 475 108 516 et
139 473 312 515 Turnus
1226 445 1414 499 [dedisti.

122 570 383 612 quamquam
422 570 446 598 o
486 556 522 597 si
560 555 716 598 solitae
756 556 988 611 quicquam
1018 553 1193 600 uirtutis
1226 551 1414 595 adesset!

63 642 108 682 et
137 639 181 682 in
212 638 431 687 Bucolicis

122 722 321 764 nouimus
354 724 397 763 et
428 722 502 777 qui
532 723 576 762 te
605 723 857 762 transuersa
886 719 1108 761 tuentibus
1139 717 1284 772 hircis,

123 784 167 823 et
199 795 284 837 quo
316 805 371 811 —
406 781 480 823 sed
510 779 660 822 faciles
691 778 918 835 Nymphae
950 778 1083 820 risere
1118 801 1169 808 —
1204 776 1379 818 sacello.

11 883 46 909 10
66 864 140 906 sed
172 866 215 906 et
245 863 468 906 miseratio
500 876 551 905 ex
582 862 662 904 hac
694 862 834 918 figura
865 863 982 904 mota
1013 863 1079 904 est
1110 875 1136 903 a
1169 859 1328 903 Sinone
1427 861 1484 902 22

346 946 480 988 donec
512 944 748 988 Calchante
779 945 978 987 ministro
1009 968 1069 975 —

122 1004 197 1047 sed
241 1004 343 1060 quid
387 1018 469 1061 ego
512 1005 620 1047 haec
659 1006 803 1046 autem
839 1004 1101 1060 nequiquam
1138 1003 1315 1103 ingrata
1332 1016 1415 1103 ?re-

1193 1077 1248 1104 uo
1268 1076 1323 1104 uo

63 1147 254 1189 nascitur
290 1147 448 1203 pathos
487 1150 531 1189 et
568 1147 619 1189 de
650 1146 925 1202 repetitione,
963 1160 1094 1202 quam
1126 1144 1281 1188 Graeci
1313 1143 1414 1187 ἐπα-
1429 1144 1485 1185 23

12 1205 266 1261 ιῡναφοράν
303 1208 478 1260 uocant,
509 1220 605 1248 cum
638 1206 877 1248 sententiae
910 1206 964 1247 ab
996 1205 1133 1248 isdem
1165 1204 1413 1247 nominibus

63 1265 288 1320 incipiunt.
349 1264 450 1307 hinc
480 1264 697 1321 Vergilius

346 1347 590 1402 Eurydicen
620 1362 704 1389 uox
735 1348 830 1402 ipsa
861 1349 904 1389 et
934 1346 1095 1402 frigida
1125 1346 1289 1402 lingua,

123 1421 150 1448 a
181 1407 383 1448 miseram
413 1406 678 1461 Eurydicen!
712 1406 856 1448 anima
886 1405 1082 1461 fugiente
1113 1405 1310 1447 uocabat.

122 1465 367 1520 Eurydicen
396 1467 490 1507 toto
522 1465 767 1507 referebant
797 1464 975 1507 flumine
1010 1465 1143 1519 ripae,

11 1565 47 1594 ιο
65 1550 108 1590 et
138 1547 244 1590 illud

123 1633 166 1673 te
198 1629 332 1672 dulcis
364 1631 563 1686 coniunx,
593 1633 636 1672 te
669 1630 761 1673 solo
792 1630 837 1672 in
869 1630 1017 1672 littore
1050 1644 1207 1683 secum,

123 1691 167 1731 te
197 1689 396 1731 ueniente
428 1689 508 1745 die,
538 1694 581 1732 te
608 1689 837 1732 decedente
870 1689 1064 1732 canebat.

65 1773 108 1813 et
136 1771 245 1813 illud

161 1951 179 1983 1
207 1949 299 1983 Aen.
326 1947 342 1982 I
370 1951 436 1983 135
534 1952 555 1983 3
581 1947 631 1983 ib.
658 1947 691 1981 V
719 1951 786 1983 194
883 1951 904 1982 6
930 1947 979 1983 ib.
1007 1947 1058 1982 XI
1083 1949 1152 1982 415
1250 1950 1271 1982 8
1297 1947 1415 1992 eclog.

64 1992 116 2029 ῙῙῙ
141 1998 162 2029 8
244 1999 285 2030 11
313 1994 405 2032 Aen.
429 1995 464 2030 ῙΙ
492 1998 559 2030 100
635 1999 677 2030 17
704 1996 837 2040 Georg.
863 1994 934 2030 IIII
960 1998 1029 2030 525
1103 1998 1147 2029 21
1175 1993 1224 2031 ib.
1251 1994 1321 2029 IIII
1346 1998 1415 2030 466

159 2163 180 2194 2
207 2159 393 2195 mnesteus
416 2159 453 2194 P
545 2163 568 2194 4
593 2163 741 2205 quc-equa
769 2157 818 2195 P'
923 2163 944 2194 9
969 2160 1085 2208 niphe
1112 2160 1149 2195 P
1244 2163 1285 2194 11
1314 2159 1415 2194 chal-

67 2206 199 2242 ehmite
224 2207 261 2241 P
331 2211 374 2242 12
399 2212 589 2252 nequiqua
613 2217 680 2244 om.
704 2206 749 2242 P'
819 2211 864 2242 14
885 2209 1151 2254 epanophoran
1172 2207 1208 2242 P
1281 2210 1324 2242 15
1342 2206 1414 2241 his-

67 2252 152 2288 dein
176 2253 213 2288 P
295 2257 338 2290 17
364 2254 551 2290 euridicen
571 2265 613 2300 p,
639 2265 788 2290 euncen
816 2255 853 2290 P
941 2258 984 2290 18
1009 2254 1144 2290 misera
1169 2255 1357 2290 euridicen
1383 2253 1420 2288 P

69 2301 113 2335 19
138 2301 326 2337 euridicen
353 2301 390 2335 P
459 2305 504 2336 22
531 2301 717 2337 canebant
742 2300 790 2337 P'
