1526 2444
139 91 225 133 458
632 90 730 127 SAT.
750 90 878 126 LIBRI
903 89 971 124 VII

143 212 316 238 manus
348 197 581 238 dexterae
613 197 829 250 pretiosi
865 195 1060 248 lapides
1092 191 1526 251 frangerentur.

76 256 130 297 14
144 256 334 296 electus
362 257 525 295 autem
550 255 688 308 inquit
711 255 760 295 in
784 254 895 308 ipsa
920 254 1064 294 laeua
1088 267 1233 294 manu
1264 253 1456 318 digitus

143 312 346 353 minimo
401 312 659 366 proximus
709 312 852 365 quasi
910 311 1076 364 aptior
1125 310 1330 364 ceteris,
1378 311 1457 352 cui
1520 318 1526 347 s

142 369 574 410 commendaretur
605 370 741 410 anuli
771 369 1083 423 pretiositas.
1130 382 1239 409 nam
1270 368 1458 422 pollex,

142 428 225 481 qui
257 441 432 468 nomen
465 427 522 468 ab
555 441 627 479 eo,
665 427 792 480 quod
822 427 1002 480 pollet,
1041 426 1252 479 accepit,
1288 439 1376 467 nec
1407 425 1458 467 in
1518 475 1522 479 ὁ

142 485 354 525 sinistra
397 487 563 525 cessat
603 498 691 525 nec
739 485 899 524 minus
943 497 1088 537 quam
1136 486 1243 524 tota
1288 497 1458 524 manus

142 556 336 596 semper
372 541 422 583 in
459 541 634 583 officio
678 545 770 583 est:
813 541 939 582 unde
984 544 1032 581 et
1075 540 1203 593 apud
1242 539 1458 582 Graecos

143 598 331 654 ἀντίχειρ
386 600 525 653 inquit
584 602 794 641 uocatur
854 598 998 653 quasi
1057 613 1227 639 manus
1289 598 1459 639 altera.
1516 595 1522 632 Ῐ

76 658 323 711 1511011101
366 671 483 699 uero
533 657 731 698 uicinus
775 657 935 697 nudus
987 659 1034 697 et
1083 656 1191 697 sine
1239 656 1458 697 tuitione
1519 677 1520 680 =

143 716 357 756 alterius
401 715 627 769 adpositi
668 714 944 756 uidebatur.
1015 728 1126 755 nam
1174 713 1343 767 pollex
1385 714 1458 754 ita

142 773 357 814 inferior
387 778 463 813 est
492 775 547 813 ut
577 774 661 813 uix
692 771 909 813 radicem
941 771 1047 812 eius
1085 771 1303 812 excedat.
1362 784 1459 812 me·
1512 801 1514 804 -

143 830 275 871 11111111
335 832 383 871 et
443 830 700 870 minimum
766 830 1062 871 uitauerunt
1128 830 1181 870 ut
1240 829 1459 882 ineptos,
1514 863 1517 865 ,

143 888 360 929 alterum
407 887 775 942 magnitudine,
829 885 1083 928 breuitate
1132 886 1362 939 alterum,
1411 888 1460 927 et
1519 899 1523 906 ·’

143 946 334 987 electus
362 948 457 998 est,
489 945 572 999 qui
603 945 661 986 ab
687 947 899 998 utroque
925 943 1202 997 clauditur,
1232 946 1279 984 et
1304 944 1458 984 minus
1514 959 1520 964 ⁴

143 1003 308 1045 officii
334 1003 485 1056 gerit,
517 1005 565 1044 et
590 1002 699 1043 ideo
732 1002 980 1044 seruando
1008 1002 1155 1042 anulo
1186 1002 1344 1056 magis
1376 1000 1458 1042 ad-

75 1066 128 1107 16
143 1061 488 1103 commodatus
519 1062 606 1101 est.
659 1059 764 1101 haec
790 1063 899 1112 sunt,
925 1073 1031 1113 quae
1056 1058 1181 1100 lectio
1205 1058 1460 1112 pontificalis

141 1119 282 1160 habet.
352 1133 459 1159 unus
502 1118 695 1183 quisque,
742 1120 790 1159 ut
831 1118 963 1170 uolet,
1011 1117 1080 1157 uel
1122 1116 1345 1157 Etruscam
1394 1116 1461 1156 uel

142 1176 455 1231 Aegyptiacam
488 1175 727 1230 opinionem
759 1173 991 1229 sequatur?

76 1239 126 1279 17
258 1234 373 1275 Inter
406 1234 510 1274 haec
535 1232 676 1274 Horus
708 1233 760 1273 ad
785 1231 1084 1273 consulendum
1113 1245 1307 1272 reuersus
1339 1229 1460 1272 ‘scis'

142 1291 282 1346 inquit
312 1291 491 1344 Disari,
528 1293 698 1355 praeter
728 1290 839 1331 hunc
878 1290 1097 1352 uestitum,
1134 1289 1206 1343 qui
1243 1302 1309 1329 me
1340 1289 1486 1343 tegit,

141 1349 248 1390 nihil
274 1363 341 1390 me
367 1350 413 1390 in
438 1348 554 1390 omni
579 1362 706 1390 censu
733 1347 848 1389 aliud
874 1347 1062 1389 habere.
1079 1347 1187 1389 unde
1212 1361 1288 1387 nec
1315 1360 1461 1387 seruus
1503 1349 1506 1396 j

143 1407 249 1448 mihi
281 1409 346 1448 est
376 1420 466 1460 nec,
498 1408 544 1447 ut
571 1406 640 1459 sit,
671 1408 772 1459 opto
805 1405 876 1446 sed
902 1419 1068 1446 omnem
1098 1419 1233 1458 usum,
1264 1404 1336 1458 qui
1360 1404 1459 1445 uiuo
1499 1401 1501 1403 ’

75 1469 128 1510 18
144 1464 447 1506 ministrandus
473 1466 551 1517 est,
576 1477 654 1517 ego
680 1463 874 1504 mihimet
898 1462 1187 1504 subministro.
1230 1476 1363 1515 nuper
1383 1474 1460 1515 ego

143 1537 238 1564 cum
269 1522 315 1563 in
340 1521 560 1563 Hostiensi
591 1521 745 1575 oppido
771 1535 971 1574 morarer,
1002 1519 1261 1562 sordidatum
1285 1519 1461 1573 pallium
1502 1523 1503 1526 ’

142 1594 283 1621 111011111
314 1580 359 1621 111
384 1580 490 1621 mari
516 1579 674 1620 diutule
699 1579 797 1633 lani,
829 1581 870 1620 et
900 1593 1026 1632 super
1051 1578 1151 1619 litus
1178 1578 1267 1619 sole
1293 1577 1460 1630 siecaui,
1483 1595 1495 1614 t:

141 1638 359 1691 nihiloque
390 1638 529 1678 minus
563 1637 707 1678 eadem
746 1637 791 1676 in
819 1636 912 1690 ipso
950 1638 1048 1689 post
1084 1635 1345 1677 ablutionem
1375 1648 1460 1675 ma·
1502 1665 1504 1668 -

143 1695 262 1738 culae
295 1695 483 1736 sordium
507 1694 767 1736 uisebantur.
815 1707 991 1747 cumque
1015 1707 1082 1734 me
1112 1707 1179 1734 res
1211 1693 1296 1733 ista
1321 1694 1460 1744 stupe·

141 1754 318 1807 faceret,
363 1752 572 1794 adsistens
615 1752 724 1794 forte
766 1753 897 1793 nauta
939 1751 1060 1805 ‘quin
1096 1749 1256 1804 potius'
1298 1750 1359 1791 ait
1395 1748 1460 1790 ‘in

143 1811 272 1852 fluuio
306 1811 431 1852 ablue
455 1810 631 1864 pallium
661 1812 794 1862 tuum,
825 1810 861 1850 si
891 1809 956 1850 uis
988 1807 1296 1850 emaculatum!
1327 1807 1461 1862 parui,
1491 1807 1492 1810 ’

142 1871 190 1909 ut
232 1883 378 1910 uerum
426 1868 666 1921 probarem,
710 1869 753 1908 et
795 1881 906 1921 aqua
945 1866 1055 1907 1111101
1097 1866 1290 1907 ablutum
1333 1868 1459 1919 atque
1481 1893 1491 1904 2

143 1927 345 1968 siccatum
370 1926 458 1966 uidi
479 1925 691 1979 splendori
718 1939 793 1966 suo
819 1924 1040 1977 redditum,
1066 1925 1108 1965 et
1127 1938 1178 1965 ex
1195 1923 1270 1964 illo
1290 1936 1459 1964 causam
1493 1961 1496 1976 ,Ἴ

141 1984 325 2038 requiro,
357 1997 429 2024 0111·
459 1983 596 2038 magis
627 1982 762 2026 dulcis
794 1997 919 2036 quam
951 1982 1064 2023 salsa
1089 1996 1197 2035 aqua
1226 1981 1380 2022 idonea
1405 1979 1460 2022 sit

143 2041 337 2083 sordibus
369 2039 642 2081 abluendis?'
1492 2045 1494 2055 ⁵

237 2192 278 2223 10
304 2199 350 2233 ap
352 2187 459 2233 positi
485 2188 522 2222 P
591 2191 632 2222 11
658 2186 735 2233 uix]
760 2187 869 2222 msP
938 2190 979 2221 12
998 2186 1128 2220 mmim
1145 2183 1192 2221 P'
1264 2186 1307 2219 ut
1324 2195 1389 2220 om.
1408 2180 1456 2218 P'

140 2240 185 2317 ἐξ
206 2200 484 2330 aldqugitidatius
497 2234 533 2269 P
604 2237 646 2268 18
666 2235 849 2281 egiptmca
868 2233 904 2267 P
972 2237 1017 2267 24
1036 2232 1128 2267 hosti
1147 2233 1183 2267 P
1245 2236 1286 2266 31
1309 2229 1462 2265 caulaP
1477 2255 1498 2303 ⁷1
