1526 2444
618 53 670 89 ΙΙΙ
695 57 812 88 4-13
1305 53 1394 95 415

161 163 271 208 Sunt
312 163 399 206 alia
437 164 674 206 scommata
711 162 853 204 minus
893 175 1064 217 aspera,
1108 161 1232 216 quasi
1270 161 1390 204 eden·
1410 166 1463 207 10

40 226 158 267 tatae
201 223 351 266 beluae
394 236 580 275 morsus,
623 223 671 263 ut
710 220 912 263 Tullius
954 220 1001 261 in
1038 220 1273 276 consulem,
1318 221 1391 277 qui

40 297 126 326 uno
170 284 339 325 tantum
383 281 451 323 die
490 281 762 323 consulatum
800 279 988 336 peregit,
1033 279 1207 322 solent
1247 280 1390 335 inquit

43 356 152 384 esse
207 341 447 383 flamines
498 340 681 393 diales,
735 339 881 381 modo
933 339 1174 380 consules
1227 338 1390 382 diales

6 401 304 455 5habemus,
335 402 378 442 et
407 399 453 440 in
485 399 665 441 eundem
695 397 1140 454 uigilantissimus
1167 400 1245 440 est
1271 412 1390 441 con-

41 461 119 503 sul
155 462 350 515 noster,
386 458 470 513 qui
507 458 558 500 in
595 459 870 500 consulatu
904 470 995 498 suo
1029 471 1257 499 somnum
1289 471 1391 500 non

40 518 192 574 uidit,
230 518 450 573 eidemque
483 517 762 572 exprobranti
794 516 898 571 sibi,
933 515 1046 571 quod
1078 515 1132 557 ad
1165 530 1262 558 eum
1294 531 1392 559 con-

41 578 176 620 sulem
207 591 296 620 non
326 576 535 631 uenisset,
572 576 859 629 ueniebam,
896 574 1038 629 inquit
1069 575 1154 617 sed
1184 590 1283 621 nox
1314 590 1389 618 me

41 635 429 691 conprehendit.

0 712 24 739 ιο
159 694 278 737 Haec
311 697 354 736 et
385 694 492 736 talia
524 695 636 748 sunt,
671 707 780 748 quae
810 694 907 748 plus
939 692 1218 748 urbanitatis,
1248 693 1389 735 minus
1406 697 1459 738 11

44 753 342 797 amaritudinis
386 753 564 807 habent,
608 755 657 794 ut
701 754 803 793 sunt
847 754 890 793 et
926 751 1004 793 illa
1043 751 1093 792 de
1129 765 1220 793 non
1256 752 1389 794 nullis

42 813 234 868 eorporis
273 812 391 854 uitiis
425 815 499 854 aut
529 825 682 866 parum
714 813 789 852 aut
819 810 929 851 nihil
960 810 1183 866 gignentia
1215 810 1391 866 doloris,

42 875 91 914 ut
123 872 159 914 si
189 872 234 914 in
268 870 491 914 caluit-ium
523 869 774 925 cuiusquam
806 869 923 911 dicas
951 870 1022 910 uel
1046 869 1091 910 in
1117 883 1283 924 nasum,
1315 884 1390 912 seu

42 945 218 973 curnam
243 930 498 972 erectionem
524 943 600 971 seu
620 927 885 971 Socraticam
904 928 1235 983 depressionem.
1285 928 1391 972 haec

0 1006 22 1038 25
42 990 154 1032 enim
199 991 360 1044 quanto
405 988 583 1031 minoris
621 987 850 1030 infortunii
888 991 1008 1044 sunt,
1050 990 1175 1030 tanto
1213 988 1388 1030 leuioris

40 1048 212 1091 doloris.
262 1050 411 1090 eontra
441 1048 661 1090 oculorum
694 1047 858 1089 orbitas
889 1061 976 1089 non
1008 1046 1099 1088 sine
1127 1047 1386 1090 excitatione
1404 1050 1458 1093 12

39 1107 342 1150 commotionis
375 1106 572 1161 obicitur,
604 1106 759 1161 quippe
792 1106 1087 1162 Antigonus
1120 1120 1195 1147 rex
1222 1106 1386 1149 Theo-

40 1167 226 1210 critum
258 1164 455 1220 Chium,
493 1165 543 1207 de
575 1179 659 1220 quo
691 1165 928 1220 iurauerat,
960 1165 1074 1221 quod
1106 1165 1145 1207 ei
1175 1180 1385 1220 parsurus

40 1229 166 1277 esset,
198 1224 354 1267 occidit
383 1226 562 1280 propter
590 1238 780 1266 scomma
807 1225 860 1266 ab
888 1224 1036 1266 eodem
1063 1223 1114 1266 de
1141 1238 1186 1267 se
1212 1225 1386 1267 dictum.

0 1301 23 1329 ιο
41 1299 136 1326 011111
175 1284 287 1326 0111111
326 1284 449 1338 quasi
485 1282 724 1338 puniendus
765 1283 818 1325 ad
850 1283 1119 1338 Antigonum
1150 1286 1386 1339 raperetur,

40 1343 281 1386 solantibus
325 1357 422 1384 eum
460 1342 609 1384 amicis
649 1356 698 1384 ac
735 1356 856 1397 spem
893 1342 1222 1397 pollicentibus,
1271 1342 1387 1398 quod

40 1402 157 1444 omni
194 1401 322 1444 modo
361 1401 632 1443 clementiam
669 1402 783 1457 regis
827 1403 1075 1456 experturus
1116 1404 1248 1457 esset,
1291 1415 1387 1443 cum

40 1461 94 1503 ad
113 1461 260 1503 oculos
281 1461 372 1503 eius
392 1458 594 1515 uenisset,
619 1460 843 1514 respondit
862 1474 982 1516 ergo
1002 1460 1386 1516 impossibilem

39 1520 164 1562 mihi
196 1519 371 1562 dicitis
404 1534 545 1574 spem
579 1519 779 1561 salutis.
834 1522 928 1561 erat
960 1523 1103 1561 autem
1135 1519 1386 1576 Antigonus

0 1593 125 1624 11111110
177 1579 353 1621 orbatus
404 1579 538 1620 oculo.
613 1581 656 1620 et
705 1578 954 1633 importuna
1003 1578 1227 1620 urbanitas
1274 1579 1415 1630 male,

40 1637 227 1680 dicacem
258 1638 351 1679 luce
381 1637 581 1692 priuauit.

156 1695 248 1739 Nec
289 1697 560 1752 negauerim,
608 1695 894 1751 philosophos
939 1711 1108 1752 quoque
1152 1696 1385 1739 incurrisse
1402 1699 1456 1741 13

37 1770 126 1798 non
169 1770 404 1810 numquam
446 1770 523 1811 per
564 1755 907 1810 indignationem
949 1756 1031 1798 hoc
1074 1769 1210 1811 genus
1249 1770 1383 1798 scom-

0 1828 2 1864 2
39 1814 180 1856 matis.
252 1829 354 1856 nam
404 1828 498 1856 eum
542 1814 657 1870 regis
701 1814 883 1856 libertus
928 1815 982 1857 ad
1024 1829 1163 1857 nouas
1208 1814 1382 1858 diuitias

38 1887 172 1928 nuper
204 1875 369 1915 erectus
400 1873 682 1928 philosophos
716 1873 770 1915 ad
801 1873 1048 1916 conuiuium
1078 1878 1384 1930 congregasset

0 1950 5 1987 ¹
39 1934 81 1974 et
125 1932 347 1974 inridendo
392 1946 541 1974 eorum
584 1932 821 1974 minutulas
866 1933 1142 1987 quaestiones
1186 1934 1292 1975 scire
1338 1948 1383 1976 se

37 1991 149 2034 uelle
174 1991 362 2046 dixisset,
391 2005 467 2033 cur
492 2006 543 2033 ex
566 1991 693 2046 nigra
719 1994 762 2033 et
787 2006 838 2033 ex
864 1992 962 2034 alba
987 1992 1088 2044 faba
1112 1992 1384 2047 pulmentum

37 2050 162 2092 unius
205 2050 360 2093 coloris
404 2050 572 2106 edatur,
615 2049 848 2093 Aridices
889 2051 1172 2107 philosophus
1209 2052 1383 2108 indigne

133 2205 174 2236 11
202 2202 240 2237 et
263 2200 346 2248 illa]
372 2204 397 2235 ii
421 2201 538 2247 numa
563 2202 600 2237 P
683 2206 725 2237 12
751 2206 844 2248 parsi
869 2203 911 2238 in
929 2213 1001 2239 ras.
1028 2204 1070 2238 in
1094 2202 1132 2238 P
1207 2206 1250 2237 17
1275 2204 1383 2239 thoo-

38 2248 133 2283 critu
157 2245 204 2284 P'
302 2251 348 2283 24
371 2259 439 2292 pro
470 2250 550 2283 erat
580 2253 631 2285 est
662 2250 686 2285 Ε
711 2251 939 2296 sequentibus
964 2251 1134 2286 euanidis
1158 2251 1214 2286 his
1239 2255 1280 2286 ut
1304 2252 1383 2286 uid.

11 2349 15 2379 ι
38 2293 168 2332 litteris
192 2306 261 2342 rga
284 2297 326 2332 in
351 2296 388 2331 P
457 2299 501 2331 29
527 2296 574 2332 ab
601 2296 649 2331 ad
674 2297 711 2331 P
779 2300 823 2333 33
850 2297 939 2333 edat
964 2298 1001 2333 P
1068 2297 1310 2344 philosophos
1331 2295 1381 2332 P'

13 2425 17 2444 1
