1526 2444
618 69 673 105 VI
693 73 831 106 60—65
1216 113 1221 118 ,
1318 68 1404 111 509
1466 82 1473 88 ·

2 195 3 199 ’
58 177 223 232 concipi
263 177 442 220 formari
473 177 540 220 edi
570 177 716 220 uiuere
755 178 812 220 ali
845 192 893 220 ac
925 191 1002 245 per
1033 192 1179 220 omnes
1213 179 1406 220 aetatum

59 236 217 292 gradus
260 236 373 278 tradi
417 238 611 279 senectae
657 239 784 292 atque
828 236 1004 279 omnino
1049 238 1246 279 constare
1290 236 1406 279 facit.

0 342 5 350 .-
59 309 159 337 nam
190 297 240 337 ut
270 294 377 338 illud
402 297 634 350 taceamus,
667 296 781 350 quod
807 299 976 338 uterum
1008 295 1129 338 nulla
1154 296 1197 337 ui
1229 295 1406 338 seminis

61 356 315 408 occupatum
347 354 430 396 hoc
456 354 620 397 dierum
645 369 821 397 numero
848 358 1005 397 natura
1031 354 1258 397 constituit
1287 355 1408 397 uelut

0 425 43 451 5
62 412 231 456 decreto
258 414 553 456 exonerandae
579 414 771 456 mulieris
796 414 1000 469 uectigali
1026 428 1171 456 mense
1203 413 1408 468 redeunte

62 472 250 527 purgari,
269 472 350 514 hoc
369 474 516 514 tamen
541 473 898 527 praetereundum
917 487 1005 516 non
1026 475 1103 527 est,
1129 473 1231 529 quia
1250 487 1409 529 semen,

63 530 177 586 quod
213 533 314 585 post
349 532 508 573 iactum
543 532 612 579 sui
640 532 754 574 intra
790 532 918 574 horas
950 534 1114 586 septem
1155 546 1243 574 non
1279 531 1412 579 fuerit

63 590 108 631 in
130 589 385 632 effusionem
405 590 634 646 relapsum,
654 591 845 633 haesisse
865 591 910 633 in
937 592 1072 633 uitam
1091 591 1410 646 pronuntiatur.

18 692 21 695 Δ
64 662 211 690 uerum
239 649 398 690 semine
431 649 562 691 semel
594 650 709 691 intra
739 649 953 691 formandi
978 649 1166 692 hominis
1191 652 1410 692 monetam
1425 650 1482 692 63

0 718 46 747 ⁷10
64 707 206 749 locato
250 707 332 750 hoc
375 708 560 762 primum
605 708 759 750 artifex
807 711 963 750 natura
1012 709 1208 763 molitur,
1251 711 1301 750 ut
1344 708 1411 750 die

65 766 247 820 septimo
292 766 531 809 folliculum
581 767 813 822 genuinum
863 767 1097 809 circumdet
1143 767 1316 809 humori
1360 782 1411 809 ex

65 825 315 867 membrana
340 827 430 867 tam
456 825 586 880 tenui,
621 826 759 880 qualis
785 826 830 867 in
862 831 953 868 ouo‘
978 826 1032 867 ab
1065 825 1273 868 exteriore
1298 827 1412 868 testa

66 883 280 926 clauditur
316 886 360 925 et
397 884 512 926 intra
550 898 594 926 se
640 884 800 927 claudit
840 884 1063 939 liquorem.
1129 884 1215 927 hoc
1253 899 1349 927 cum
1389 886 1484 928 a64

64 942 254 997 physicis
286 942 596 997 deprehensum
629 944 705 998 sit,
741 942 1067 986 HIPPOGRATES
1107 958 1276 999 quoque
1307 943 1412 999 ipse,

7 1007 47 1041 '³5
68 1002 141 1056 qui
171 1003 262 1043 tam
292 1001 442 1043 fallere
473 1016 602 1056 quam
633 1002 726 1044 falli
757 1002 915 1058 nescit,
957 1003 1237 1058 experimenti
1270 1005 1412 1045 certus

67 1060 274 1115 adseruit,
311 1060 499 1102 referens
536 1061 581 1102 in
625 1072 784 1117 LIBRQ,
821 1061 894 1116 qui
937 1074 999 1103 DE
1032 1074 1229 1117 ‘NATVRA
1271 1073 1415 1104 PVERI

65 1119 335 1173 inscribitur,
371 1120 458 1161 tale
496 1120 671 1162 seminis
709 1121 1030 1175 receptaculum
1068 1121 1119 1163 de
1156 1124 1280 1163 utero
1323 1121 1412 1163 eius

2 1203 15 1227 ς
66 1178 262 1233 eiectum,
288 1192 416 1233 quam
438 1178 620 1233 septimo
646 1181 747 1234 post
765 1182 1020 1234 conceptum
1047 1180 1114 1222 'die
1133 1180 1414 1223 intellexerat.

68 1237 291 1279 mulierem
318 1237 431 1279 enim
459 1237 621 1280 semine
645 1252 735 1280 non
761 1238 894 1281 effuso
920 1252 974 1281 ne
1000 1238 1182 1294 grauida
1207 1241 1415 1294 maneret,

9 1307 50 1334 v¹0
70 1298 263 1339 orantem
290 1296 579 1351 imperauerat
604 1296 786 1339 saltibus
813 1297 1032 1353 concitari,
1059 1298 1204 1353 aitque
1230 1298 1415 1352 septimo

69 1354 136 1397 die
186 1355 342 1397 saltum
393 1355 624 1410 septimum
674 1355 881 1400 eiciendov
923 1371 1018 1398 cum
1073 1357 1153 1398 tali
1207 1356 1418 1412 folliculo,

69 1414 238 1469 qualem
281 1428 411 1469 supra
446 1415 710 1469 rettulimus,
751 1415 970 1457 suffecisse
1007 1415 1245 1471 conceptui.
1311 1415 1418 1458 haec

68 1472 370 1528 Hippocrates.
449 1471 671 1516 STRATON
731 1473 1044 1528 Peripateticus
1107 1476 1150 1516 et
1209 1473 1416 1518 DIOCLES
1432 1474 1488 1517 65

71 1530 294 1587 Carystius
319 1546 397 1586 per
422 1534 620 1586 septenos
648 1532 740 1575 dies
768 1534 965 1588 concepti
992 1533 1182 1588 corporis
1207 1533 1417 1576 fabricam

0 1601 54 1643 10⁸5
70 1590 151 1633 hac
189 1591 489 1633 obseruatione
534 1591 803 1658 dis-pensant,
839 1594 888 1634 ut
927 1592 1194 1634 hebdomade
1233 1592 1419 1641 secunda

0 1673 3 1701 4
72 1650 248 1692 credant
277 1652 425 1705 guttas
452 1651 674 1706 sanguinis
701 1651 746 1692 in
772 1651 996 1706 superficie
1022 1651 1217 1706 folliculi,
1250 1651 1300 1693 de
1334 1662 1419 1706 quo
1462 1681 1469 1687 ·

0 1708 25 1762 ff‘
72 1709 276 1776 diximus,
314 1723 540 1764 apparere,
576 1710 706 1752 tertia
744 1709 937 1767 demergi
975 1725 1046 1752 eas
1084 1710 1321 1752 introrsum
1366 1710 1421 1752 ad

3 1778 23 1810 2?
72 1767 214 1822 ipsum
244 1768 537 1822 conceptionis
568 1768 806 1824 humorem,
838 1771 990 1824 quarta
1021 1770 1246 1815 humorem
1277 1766 1420 1824 ipsum

169 1905 212 1937 16
237 1913 274 1947 p.
300 1904 383 1946 236,
407 1901 431 1936 1.
458 1904 503 1936 24
529 1902 585 1937 ed.
611 1902 780 1938 Francof.

170 2030 188 2060 1
217 2026 425 2082 conclpitur
448 2026 490 2062 m'
513 2026 626 2071 fallor
653 2026 704 2061 P'
783 2030 806 2061 4
831 2030 939 2071 1111οᾈ
963 2027 999 2062 Β
1074 2030 1116 2062 12
1142 2028 1310 2063 membra
1333 2028 1423 2063 nata

38 2090 47 2095 ·
74 2074 180 2109 tenui
204 2071 250 2109 B'
358 2083 431 2108 uuo
456 2070 503 2108 B'
609 2078 653 2109 14
678 2074 841 2120 Ρὶηξΐιουῖ
861 2075 897 2109 Β
996 2077 1039 2109 16
1065 2074 1216 2112 asseruit
1240 2075 1277 2110 Β
1304 2100 1310 2105 -
1379 2078 1422 2110 18

9 2127 11 2134 ”
76 2120 185 2166 quale
209 2120 256 2168 Β,
283 2131 357 2166 qua
384 2121 429 2164 P,
453 2122 472 2155 1
495 2120 605 2166 quale
631 2121 717 2157 add.
738 2132 770 2167 p
851 2125 897 2157 20
922 2123 1120 2169 mpauerat
1143 2122 1179 2157 Β
1255 2126 1300 2158 21
1326 2122 1423 2158 saltu

75 2167 136 2213 sep
137 2169 232 2203 tima
258 2167 307 2203 P'
430 2171 474 2203 22
507 2167 704 2204 retuhmus
729 2169 765 2204 B
885 2173 930 2204 23
962 2169 1212 2214 hyppocrates
1240 2170 1285 2215 P,
1316 2170 1383 2215 hip
1387 2180 1423 2205 o·

76 2215 193 2250 crateI
216 2215 253 2250 Β
350 2215 484 2250 Sraton
507 2216 544 2250 Β
641 2219 686 2251 24
713 2216 879 2252 canst'ius
900 2217 936 2252 Β
1033 2220 1077 2251 25
1098 2221 1183 2262 post
1214 2217 1424 2263 dispensant

43 2274 51 2287 ³<
77 2262 144 2298 del.
170 2263 281 2308 gutta
299 2262 436 2318 sangui}
459 2263 502 2298 in
521 2263 558 2298 Β
629 2263 836 2299 ebdomade
857 2263 899 2308 P,
920 2264 1125 2309 epdomada
1143 2264 1180 2299 Β
1254 2268 1298 2300 26
1318 2263 1430 2310 gutaf

13 2316 42 2360 ἐζ,
79 2306 150 2353 P'‚·
165 2310 273 2354 gutta
298 2308 344 2346 B'
418 2313 461 2345 27
489 2309 647 2356 dlmergl
672 2307 708 2346 Β
