1526 2444
133 60 218 102 160
644 57 743 92 sAT.
768 55 895 91 LIBRI
918 55 952 91 11
1505 0 1526 105 3

1516 107 1526 126 ³

132 166 363 221 appellenis,
393 178 468 218 per
494 177 598 218 quos
623 163 822 216 uolup'cas
848 162 988 203 animo
1015 162 1088 202 aut
1112 160 1279 214 corpori
1306 159 1451 213 quaeri
1517 134 1526 216 ζ

131 225 315 277 uidetur,
354 223 521 263 tactus
562 223 740 275 gustus
780 220 1022 261 odoratus
1062 219 1203 260 uisus
1236 217 1453 261 auditus.
1519 218 1526 245 ’ἵ

64 287 182 327 llex
218 282 284 322 his
317 280 512 321 omnibus
549 279 767 333 uoluptas,
803 292 910 332 quae
940 277 1149 318 inmodice
1180 276 1362 329 capitur,
1403 289 1452 317 ea
1519 278 1526 321 ἰ

131 339 266 393 turpis
305 341 431 392 atquc
466 336 660 391 improba
697 339 770 377 est.
833 336 906 377 sed
943 335 1054 376 enim
1091 348 1197 389 quae
1233 333 1365 374 nimia
1401 346 1453 374 ex
1520 327 1526 379 ’ξ

132 399 260 451 gustu
287 397 413 450 atque
436 396 556 436 tactu
580 396 656 449 esb,
682 408 731 435 ea
755 394 887 448 igiizur
911 393 1080 447 gemina
1103 392 1317 445 uoluptas,
1343 390 1453 432 sicui:
1485 382 1526 441 εξ

133 454 345 508 sapientes
383 453 465 494 uiri
503 454 771 506 censuerunt,
810 450 999 493 omnium
1034 464 1175 491 rerum
1205 448 1453 490 foedissima
1516 442 1526 501 3

132 514 209 564 esis,
240 525 395 565 eosque
421 510 615 563 maxime,
640 509 712 563 qui
736 523 827 550 sese
853 508 1015 549 duabus
1040 508 1135 548 istis
1161 506 1453 560 uoluptatibus
1518 497 1526 551 Ξ

133 569 401 622 dediderunt,
433 567 677 622 grauissimi
708 567 804 608 uitii
834 565 1052 608 uocabulis
1084 564 1235 606 Graeci
1266 563 1454 617 appella·

132 629 285 669 uerunt
303 627 372 667 uel
392 625 588 680 ἀκρατεῖς
606 625 674 666 uel
692 623 971 677 ἀκολάστους,
995 637 1073 664 nos
1093 636 1165 664 eos
1189 622 1257 663 uel
1282 622 1454 662 incon·
1521 610 1526 652 ’ῑ

67 691 120 732 12
134 685 361 726 tinentes
394 684 571 725 dicimus
602 683 670 723 uel
701 683 1113 735 intemperantes.
1172 680 1277 721 istas
1310 681 1451 720 autem
1470 658 1526 739 ²⁰3

133 744 375 796 uoluptates
413 742 534 795 duas,
574 743 724 794 gustus
762 743 889 794 atque
925 741 1081 792 tactus,
1119 738 1162 779 id
1199 740 1263 779 θείς
1299 737 1382 778 cibi
1413 739 1456 778 et
1516 743 1526 787 ξ

133 800 325 855 Veneris,
356 800 468 841 solas
493 798 735 840 hominibus
761 811 1001 840 communes
1027 797 1216 838 uidemus
1243 809 1334 836 esse
1360 808 1455 836 cum
1520 799 1526 846 ,ζ

133 859 288 912 beluis,
331 860 374 898 ei]
410 857 565 898 idcirco
596 857 641 896 in
671 856 878 909 pecudum
908 855 1176 908 ferorumque
1209 852 1456 894 animalium

133 930 308 957 numero
333 915 518 956 habetur
542 913 732 968 quisquis
759 915 825 955 est
854 913 920 954 his
950 912 1135 953 ferarum
1166 910 1454 964 uoluptatibus

136 976 375 1027 occupatus,
401 975 564 1014 ceterae
584 985 634 1013 ex
652 972 790 1013 tribus
810 971 904 1012 aliis
927 970 1121 1012 sensibus
1140 969 1454 1023 proficiscentes
1473 968 1526 1010 15*

68 1036 122 1077 13
135 1031 355 1073 hominum
387 1032 554 1071 tantum
584 1029 781 1084 propriae
813 1030 922 1070 sunt.
982 1028 1113 1069 uerba
1144 1040 1270 1080 super
1298 1025 1380 1067 hac
1410 1038 1455 1066 re
1515 977 1526 1077 3

137 1089 381 1130 Aristotelis
420 1087 665 1141 philosophi
705 1087 749 1127 in
786 1086 968 1128 medium
1004 1085 1234 1140 proferam,
1272 1088 1320 1124 ut
1357 1082 1457 1137 quid
1516 1077 1526 1115 ἶ

138 1147 188 1188 de
207 1147 273 1188 his
292 1146 522 1188 infamibus
542 1145 834 1198 uoluptatibus
854 1147 944 1185 tam
970 1144 1107 1184 clarus
1133 1144 1260 1196 atque
1284 1141 1456 1182 inclitus

70 1209 124 1250 14
140 1206 205 1246 uir
245 1204 403 1246 sentiat
443 1203 680 1257 publicetur
720 1202 793 1243 διά
831 1203 877 1243 τί
911 1201 1018 1243 κατὰ
1056 1201 1135 1254 τὴν
1175 1204 1248 1252 τῆς
1288 1197 1400 1253 ἁφῆς
1430 1197 1456 1251 ἢ

137 1263 324 1316 γεύσεως
348 1261 514 1315 ἡδονὴν
528 1258 812 1314 ἐγγινομένην
832 1259 907 1300 ἐὰν
926 1256 1245 1312 ὑπερβάλωσιν,
1263 1255 1458 1312 ἀκρατεῖς
1510 1254 1514 1270 ”

137 1319 351 1374 λέγονταις
369 1320 415 1360 οἵ
425 1334 469 1360 τε
484 1318 566 1373 γὰρ
579 1317 676 1371 περὶ
690 1318 741 1359 τὰ
754 1317 990 1371 ἀφροδίσια
1000 1316 1245 1369 ἀκόλαστοι,
1254 1315 1458 1367 τοιοῦτοι,

139 1379 184 1420 οἳ
199 1393 244 1419 τε
262 1375 361 1432 περὶ
385 1377 459 1426 τὰς
483 1381 557 1429 τῆς
580 1382 744 1430 τροφῆς
768 1375 1041 1428 ἀπολαύσεις,
1064 1381 1152 1415 τῶν
1177 1371 1225 1414 δὲ
1249 1373 1355 1414 κατὰ
1379 1372 1459 1425 τὴν

137 1436 308 1508 τροφὴν
333 1431 400 1476 ἀπ’
429 1433 559 1476 ἐνίων
584 1431 663 1488 μὲν
689 1433 736 1475 ἐν
759 1439 811 1488 τῇ
837 1434 1002 1487 γλώττῃ
1019 1433 1068 1474 τὸ
1099 1432 1198 1485 ἡδύ,
1229 1429 1296 1472 ἀπ’
1329 1429 1459 1472 ἐνίων
1510 1436 1512 1438 ’

140 1495 187 1535 δε
213 1494 260 1535 ἐν
284 1494 343 1550 τῷ
370 1492 568 1547 λάρυγγι,
600 1492 668 1533 διὸ
694 1489 765 1532 καὶ
794 1490 1026 1541 Φιλόξενος
1050 1489 1235 1544 γεράνου
1266 1488 1460 1543 λάρυγγα
1508 1537 1510 1539 ¹

138 1552 286 1606 εὔχετο
324 1552 450 1605 ἔχειν.
519 1549 544 1603 ἢ
583 1550 654 1590 διὰ
690 1550 738 1591 τὸ
775 1549 849 1597 τὰς
885 1548 968 1590 ἀπὸ
1004 1549 1171 1589 τούτων
1201 1545 1511 1600 γιγνομέναςι

138 1610 299 1663 ἡδονὰς
333 1608 482 1657 κοινὰς
517 1604 628 1648 εἶναι
662 1607 766 1661 ἡμῖν
801 1605 874 1647 καὶ
910 1613 1000 1655 τοῖς
1030 1606 1177 1653 ἄλλοις
1209 1602 1351 1661 ζῴοις,
1387 1603 1460 1644 ἅτε
1512 1650 1515 1657 θ

140 1665 188 1709 δὲ
213 1667 357 1710 οὐσῶν
386 1670 546 1708 κοινῶν
577 1665 759 1720 αἰσχρὰν
789 1661 901 1705 εἶναι
930 1664 1010 1718 τὴν
1039 1663 1276 1716 ὑποταγὴν,
1308 1661 1461 1702 αὐτίκα
1510 1659 1511 1662 '

233 1763 253 1792 3
278 1757 476 1792 lmmodlce
500 1756 537 1791 P
623 1759 643 1790 6
669 1755 686 1789 f
708 1753 851 1789 d1rs1ma
875 1754 911 1788 P
992 1758 1011 1788 7
1038 1753 1090 1788 est
1114 1764 1178 1788 om.
1205 1753 1241 1787 Β
1323 1751 1462 1787 duabus

139 1804 219 1839 1st1s
239 1803 381 1838 duabus
394 1803 439 1837 B'
530 1805 551 1837 8
577 1812 672 1846 appe
704 1811 813 1836 auere
838 1801 874 1835 Β
964 1803 1007 1834 13
1031 1799 1265 1844 1mpecudum
1290 1799 1326 1834 Β
1417 1800 1460 1832 15
1507 1834 1510 1835 ⁷

139 1850 230 1892 tr1b3
255 1859 418 1885 *****
439 1849 442 1894 1
466 1848 551 1883 alus
572 1849 608 1882 P
700 1851 742 1882 17
771 1851 836 1891 aut
858 1847 894 1881 Β
985 1850 1028 1882 18
1052 1845 1214 1890 inclytus
1233 1845 1269 1879 Β
1359 1848 1401 1879 19
1425 1843 1463 1879 τί

143 1896 282 1932 Gellius
303 1895 485 1930 XVIIII
508 1898 548 1929 5:
572 1895 641 1929 ΤΟΙ
661 1894 737 1928 BP
789 1897 833 1928 20
860 1894 1015 1928 ΗΔΟΝΗ
1035 1893 1072 1928 P
1120 1891 1407 1927 ΥΠΕΡΒΔΛωΕΙ
1426 1890 1462 1925 Β

141 1981 185 2013 21
210 1976 520 2012 ΤΟΙΤΟΙΟΥΤΟΙΟ
536 1995 542 2000 -
559 1941 695 2009 ''fer-15²!
721 1975 805 2008 ΤΔΕ
829 1974 873 2017 P,
897 1975 1024 2009 deinde
1042 1940 1124 2015 Τὲ(
1144 1974 1179 2008 Β
1247 1976 1291 2007 22
1310 1972 1462 2006 ΤΡΦΗΝ

141 2022 186 2058 Β’
271 2026 315 2056 23
342 2022 462 2057 ΓΔΟΟΤ
485 2022 555 2055 ΤΗΙ
579 2021 732 2055 ΤΟΝΔΥ
757 2020 934 2065 ΛΗΙΕΝΙω
960 2020 996 2054 Ρ
1074 2021 1160 2064 ἡδύ]
1187 2020 1280 2053 ΕΔΥ
1305 2019 1342 2053 Β
1417 2021 1463 2052 24

141 2070 211 2105 ΤΟΙ
239 2069 285 2110 Β,
310 2069 437 2104 deinde
456 2068 624 2102 ΛΑΡΥΙΤΙ
651 2066 696 2109 Ρ,
722 2067 842 2101 ΛΑΡΙΓ
845 2068 876 2101 ΓΙ
901 2066 937 2100 Β
999 2066 1172 2100 ΛΑΡΙΓΓΑ
1198 2066 1234 2100 Β
1297 2065 1422 2108 *(fuit
1439 2065 1462 2108 1)
1503 2092 1507 2099 2

143 2115 441 2151 ΛΛΡΙΓΗΥΧΕΤΟ
536 2116 580 2148 25
612 2112 685 2158 διά]
718 2114 784 2146 ΑΙΑ
817 2112 853 2146 Ρ
944 2112 1204 2147 ΓΕΝΟΜΕΝΑΕ
1229 2111 1350 2155 (prior
1374 2111 1398 2145 Ε
1422 2111 1463 2144 in
1499 2143 1502 2146 Α

142 2163 229 2207 raS.)
253 2162 287 2195 B
358 2160 540 2195 ΤΟΥΤΟΝ
570 2159 605 2193 Ρ
667 2162 711 2192 26
737 2158 872 2202 κοινάς]
901 2159 1025 2193 ΚΟΙΝ(
1050 2158 1086 2192 Ρ
1148 2158 1273 2192 ΕΙΝΔΤ
1298 2157 1335 2192 Β
1399 2157 1464 2191 ἅτε

144 2209 199 2254 δέ]
226 2207 326 2254 ΔῙΔΕ
352 2207 388 2241 Β
448 2210 491 2241 27
519 2205 693 2240 K*!NON
720 2205 757 2240 Β
811 2205 1021 2239 ΠΟΤΑΓΗΝ
1047 2205 1144 2249 (ante
1167 2205 1204 2238 Π
1223 2204 1306 2239 add.
1325 2204 1464 2238 hastam

142 2265 272 2290 ‘manus
290 2254 532 2289 recentissima
549 2253 700 2296 fortasse
711 2251 824 2287 solum
836 2252 982 2287 uocabb.
994 2251 1276 2286 dirimendorum
1287 2250 1414 2294 causa)
1427 2248 1464 2283 Β
