1526 2444
563 81 650 116 XIII
678 83 815 116 13-21
1077 92 1082 96 ·
1312 79 1369 122 69

20 193 105 248 pit,
142 191 215 248 qui
252 190 447 233 addictus
485 191 552 232 est
590 188 809 244 nundinis,
846 189 986 231 omnis
1023 188 1096 231 ille
1133 203 1270 230 annus
1306 188 1370 230 in-

21 251 175 295 faustis
213 250 384 292 casibus
420 250 642 291 luctuosus
679 248 780 302 fuit,
825 248 1095 304 maximeque
1131 247 1368 303 Lepidiano

20 310 207 353 tumultu
246 310 392 376 opinio
429 309 516 350 ista
551 308 725 350 firmata
762 310 839 349 est.
910 306 1048 350 Nonis
1087 310 1232 350 autem
1269 321 1369 350 con·
1386 317 1440 359 18

21 371 174 412 uentus
209 369 435 410 uniuersae
474 366 765 409 multitudinis
796 367 1000 412 uitandus
1033 366 1371 419 existimabatur,

0 428 224 484 ‘quoniam
250 426 435 483 populus
461 425 684 468 Romanus
711 426 873 468 exactis
899 426 1030 468 etiam
1055 426 1231 481 regibus
1258 426 1371 468 diem

20 487 134 530 hunc
176 486 402 529 Nonarum
446 485 633 528 maxime
683 485 953 538 celebrabat,
1003 499 1130 540 quem
1179 486 1371 528 natalem

0 544 162 589 *Seruii
202 545 335 588 Tullii
372 544 666 598 existimabat,
710 545 828 599 quia,
871 559 969 586 cum
1007 544 1219 586 incertum
1257 548 1373 587 esset

0 606 108 664 [quo
139 618 285 647 mense
313 603 485 646 Seruius
512 603 679 646 Tullius
706 606 834 645 natus
862 603 1030 656 fuisset,
1056 602 1196 646 Nonis
1223 606 1371 646 tamen

0 666 171 723 {natum
215 677 307 706 esse
352 666 588 718 constaret,
630 677 777 704 omnes
815 661 964 704 Nonas
1011 662 1171 704 celebri
1214 664 1371 705 notitia

0 722 349 779 frequentabat·
404 723 566 764 ueritos
617 735 720 777 ergo
736 754 746 773 ,
803 722 875 776 qui
924 720 1074 763 diebus
1131 729 1373 776 praeerant,

0 739 179 837 inequid
227 781 429 823 nundinis
479 781 660 823 collecta
702 780 964 822 uniuersitas
1010 780 1065 822 ob
1110 780 1371 824 desiderium

0 827 139 910 {regis
163 844 355 894 nouaret,
380 840 545 882 cauisse
569 842 619 881 ut
641 838 792 882 Nonae
818 854 844 881 a
868 839 1070 882 nundinis
1097 854 1372 896 segregaren-

0 903 106 943 §.tur
178 900 289 941 unde
332 874 422 941 dies
458 899 551 953 ille,
594 913 677 954 quo
716 899 935 941 abundare
975 913 1134 942 annum
1174 900 1370 954 diximus,
1388 897 1441 939 19

0 960 172 1016 ,eorum
198 961 265 1000 est
288 959 522 1013 permissus
549 958 740 1010 arbitrio,
772 958 846 1014 qui
870 958 996 1001 fastis
1021 962 1265 1015 praeerant,
1295 960 1373 1010 uti,

0 1022 122 1061 lcum
153 1018 328 1071 uellent,
360 1018 700 1072 intercalaretur,
732 1017 833 1059 dum
865 1017 993 1060 modo
1026 1031 1123 1060 eum
1154 1018 1200 1060 in
1233 1019 1372 1061 medio

24 1076 383 1120 Terminaliorum
414 1077 484 1118 uel
517 1076 676 1118 mensis
705 1077 975 1119 intercalaris
1000 1077 1064 1120 ita
1089 1078 1294 1131 locarent,
1325 1081 1374 1119 ut

4 1141 52 1178 'a
99 1138 297 1191 suspecto
349 1136 415 1177 die
465 1135 759 1178 celebritatem
809 1139 1025 1179 auerteret
1073 1137 1373 1181 nundinarum.

4 1197 156 1250 ¹gatque
193 1195 274 1237 hoc
311 1197 397 1248 est,
433 1195 546 1250 quod
582 1195 754 1250 quidam
787 1198 983 1238 ueterum
1014 1197 1253 1240 retulerunt
1283 1212 1373 1239 non

27 1253 165 1296 solum
214 1268 404 1295 mensem
448 1253 561 1308 apud
603 1254 843 1309 Romanos,
890 1270 1040 1298 uerum
1084 1257 1216 1299 etiam
1260 1257 1373 1298 diem

6 1313 326 1360 ,intercalarem
356 1312 501 1354 fuisse.
550 1314 719 1368 quando
751 1316 896 1356 autem
927 1315 1115 1369 primum
1145 1317 1370 1359 intercala-
1387 1313 1445 1354 20

7 1376 116 1415 tum
154 1372 211 1414 sit
246 1372 366 1413 uarie
402 1372 598 1414 refertur.
666 1376 709 1414 et
745 1372 913 1415 MAOER
950 1374 1122 1428 quidem
1159 1375 1372 1417 LICINIVS

7 1432 134 1493 jeius
183 1431 259 1472 rei
303 1430 559 1485 originem
602 1430 817 1473 Romulo
862 1432 1374 1489 adsignat.ANT1AS

8 1499 166 1532 LIBRO
215 1500 431 1532 SECVNDO
481 1489 693 1532 Numam
742 1490 1054 1545 Pompilium
1110 1507 1374 1535 sacrorum

8 1549 179 1592 'causa
219 1549 268 1590 id
315 1548 585 1591 inuenisse
630 1549 860 1592 contendit.
932 1550 1089 1594 IVNIVS
1137 1550 1374 1595 Seruium

9 1607 250 1659 {Tullium
281 1621 453 1662 regem
484 1609 704 1662 primum
734 1609 1081 1653 intercalasse
1112 1626 1374 1654 commemo-

23 1670 104 1721 rat,
130 1681 156 1708 a
181 1680 276 1722 quo
306 1669 355 1708 et
385 1666 642 1709 nundinas
673 1667 949 1710 institutas
975 1669 1195 1713 VARRONI
1221 1672 1374 1726 placet.

9 1725 295 1794 ss'l'vaAst
314 1725 447 1768 refert
459 1737 599 1769 LIBRo
620 1738 792 1769 TERTIO
806 1726 1184 1772 MAGISTRATVVM
1203 1731 1373 1773 decem
1388 1726 1443 1768 21

12 1785 182 1839 uiros,
213 1785 286 1841 qui
317 1785 462 1827 decem
494 1786 654 1827 tabulis
687 1786 792 1828 duas
823 1786 1092 1844 addiderunt,
1124 1790 1182 1831 de
1212 1791 1374 1832 inter-

11 1844 237 1887 ‘calando
262 1845 504 1899 populum
529 1858 755 1899 rogasse.
805 1844 995 1889 CASSIVS
1023 1849 1195 1891 eosdem
1223 1849 1374 1892 scribit

25 1905 232 1946 auctores.
296 1902 501 1946 FVLVIVS
546 1907 689 1946 autem
733 1904 783 1946 id
828 1907 995 1961 egisse
1038 1906 1107 1949 Μ’.
1147 1908 1373 1951 Αο11111111

13 2032 15 2038 A
121 2000 139 2030 1
167 1995 311 2030 adictus
333 1993 379 2030 Β
471 1999 494 2031 4
519 1995 759 2043 est1mabatur
783 1998 821 2033 P
907 2002 928 2034 6
955 1999 1198 2036 celebrabant
1225 2001 1263 2035 P
1353 2006 1372 2037 7

25 2042 351 2079 existumabant-P
438 2047 459 2078 9
486 2043 728 2080 celebrabant
754 2045 790 2079 P
874 2049 918 2081 10
942 2047 1086 2082 uentos
1104 2048 1142 2083 B
1228 2052 1271 2083 13
1297 2048 1379 2084 dies

25 2098 92 2127 om.
111 2090 149 2125 P
214 2089 432 2125 habundare
451 2090 489 2126 P
559 2095 603 2126 14
629 2102 651 2126 a
674 2093 717 2127 in
741 2092 847 2127 fastis
867 2094 909 2128 in
933 2105 1005 2129 ras.
1029 2096 1072 2129 in
1090 2095 1128 2130 P
1196 2099 1241 2131 15
1261 2098 1374 2132 mter-

25 2136 218 2173 kalaretnr
235 2137 273 2173 Ρ
344 2141 387 2172 16
406 2138 646 2173 mterkalans
659 2139 696 2174 B
708 2139 744 2174 P
815 2143 859 2176 17
880 2142 1111 2177 auerteretur
1123 2154 1154 2188 p
1230 2148 1273 2179 18
1293 2155 1373 2189 qui-

25 2183 114 2220 dam
138 2195 204 2220 om.
230 2182 276 2219 B‘
392 2189 438 2220 20
463 2185 729 2221 mterkalarem
756 2187 794 2222 P
901 2200 1022 2234 pnmo
1046 2190 1315 2226 interkalatum
1342 2192 1379 2225 P

26 2233 72 2267 22
97 2232 263 2267 ordinem
288 2232 326 2267 P
410 2236 454 2268 25
474 2233 713 2270 interkalass‘e
733 2235 771 2270 P
856 2238 901 2271 27
927 2237 1138 2272 tutldlanul'
1151 2238 1195 2282 P,
1221 2239 1334 2272 tutidi
1336 2249 1374 2272 a-

26 2277 163 2362 nuarrtP‘
188 2326 192 2372 Ι
215 2281 287 2361 Β29
313 2279 444 2315 eodem
470 2279 516 2315 B‘
610 2285 655 2317 30
681 2282 741 2319 M.
766 2281 930 2318 Acilium
955 2284 1111 2320 Iunius:
1135 2296 1303 2320 marcum
1329 2286 1373 2328 P,

26 2336 64 2360 111
139 2338 163 2361 u
