1526 2444
144 80 230 123 550
441 81 589 118 ΟΟΜΜ.
614 81 665 116 IN
692 81 831 118 SOMN.
857 83 967 119 SCIP.
993 83 1120 119 LIBRI
1145 84 1162 119 I

143 186 271 228 dubio
292 188 454 228 caelum
474 187 644 229 uidetur
656 202 740 230 non
754 188 1008 243 impediente
1023 191 1162 245 aliqua
1174 193 1296 245 parte
1310 192 1461 243 terrae,

143 258 250 298 quae
293 246 385 286 tota
426 245 572 298 puncti
614 246 754 288 10011111
796 261 873 300 pro
913 247 1019 289 caeli
1062 248 1353 302 magnitudine
1390 249 1461 290 uix

104 302 319 344 7obtinet.
381 302 447 343 cui
484 316 584 357 ergo
617 304 815 345 australis
845 305 1016 347 uerticis
1054 307 1200 348 stellas
1230 321 1460 361 numquam

143 359 194 400 de
231 359 357 400 terris
393 359 536 401 uidere
573 361 832 416 contigerat,
870 363 942 404 ubi
981 363 1286 419 circumspectu
1326 365 1459 406 libero

142 416 231 458 sine
258 417 419 459 offensa
442 418 600 460 terreni
625 419 756 460 obicis
781 420 898 461 uisae
929 423 1040 474 sunt,
1063 422 1152 462 iure
1178 422 1299 476 quasi
1323 436 1460 464 nouae

142 474 464 517 admirationem
513 476 733 530 dederunt,
781 479 823 518 et
871 478 969 531 quia
1015 478 1223 520 intellexit
1273 494 1462 534 causam,

139 535 314 586 propter
343 548 471 587 quam
503 547 572 575 eas
603 548 832 588 numquam
865 537 962 576 ante
992 535 1186 590 uidisset,
1225 537 1285 578 ait
1316 540 1460 579 erant

142 593 306 631 autem
345 605 430 632 eae
469 592 651 633 stellae
690 606 813 646 quas
843 607 1105 648 numquam
1138 609 1194 636 ex
1223 595 1318 637 hoc
1349 595 1459 637 loco

139 648 376 703 uidimus,
413 649 524 691 hunc
555 650 694 691 locum
725 650 1083 693 demonstratione
1114 654 1270 693 terram
1307 653 1460 706 dicens,

100 705 185 747 8111
210 720 293 760 qua
318 709 421 759 erat,
447 707 546 748 dum
569 708 653 748 ista
677 710 879 749 narraret.
931 709 1120 763 sequitur
1144 710 1218 751 illa
1243 710 1457 764 discussio,

140 763 238 817 quid
258 764 314 805 sit
333 764 444 818 quod
469 765 621 806 adiecit
641 767 687 806 et
712 779 797 806 eae
823 767 1197 819 magnitudines
1225 769 1459 822 omnium,

138 836 260 875 quas
286 835 395 863 esse
421 837 684 876 numquam
710 824 960 876 suspicati
986 838 1165 866 sumuS.
1215 839 1290 867 cur
1315 828 1456 867 autem

138 879 467 934 magnitudines,
498 894 603 935 quas
629 880 749 933 uidit,
779 881 823 921 in
849 882 982 922 stellis
1007 896 1237 936 numquam
1263 883 1456 925 homines

138 937 344 990 suspicati
399 937 500 991 sint,
554 938 645 991 ipse
700 938 901 992 patefecit
950 939 1138 981 addendo
1189 941 1456 982 stellarum

138 997 301 1035 autem
339 995 479 1049 globi
515 996 683 1037 terrae
726 997 1121 1050 magnitudinem
1158 997 1311 1039 facile
1348 999 1455 1039 uin-

96 1052 122 1093 9
139 1052 329 1094 cebant.
377 1066 477 1093 nam
503 1053 670 1107 quando
691 1053 830 1106 homo,
854 1054 936 1095 nisi
956 1069 1079 1108 quem
1106 1055 1297 1097 doctrina
1321 1056 1457 1110 philo·

137 1110 311 1164 sophiae
349 1125 476 1164 supra
515 1111 747 1164 hominem,
784 1113 914 1153 immo
957 1126 1056 1153 uere
1093 1112 1308 1154 hominem
1345 1113 1457 1165 fecit,

137 1168 342 1222 suspicari
366 1171 509 1222 potest
529 1169 695 1210 stellam
715 1184 843 1210 unam
863 1169 979 1211 omni
998 1172 1112 1211 terra
1131 1184 1222 1212 esse
1242 1171 1457 1225 maiorem,

136 1239 230 1267 cum
255 1226 387 1281 uulgo
419 1226 611 1281 singulae
642 1227 712 1268 uix
744 1227 848 1268 facis
879 1227 1003 1268 unius
1028 1227 1244 1270 flammam
1277 1243 1455 1284 aequare

133 1297 259 1337 posse
296 1283 547 1325 uideantur?
614 1298 716 1339 ergo
756 1288 855 1326 tunc
896 1300 1039 1326 earum
1075 1300 1172 1327 uere
1208 1286 1455 1341 magnitudo

136 1341 307 1382 adserta
338 1341 543 1392 credetur,
573 1342 610 1383 si
635 1343 814 1383 maiores
848 1343 1050 1397 singulas,
1080 1358 1206 1398 quam
1231 1347 1295 1385 est
1318 1345 1456 1386 omnis

135 1401 262 1452 terra,
282 1413 374 1440 esse
395 1399 646 1441 constiterit.
678 1400 789 1454 quod
807 1401 888 1441 hoc
907 1401 1031 1442 modo
1050 1401 1150 1443 licet
1167 1415 1456 1456 recognoscas.

1497 436 1512 462 5

1479 723 1511 748 10

1478 1010 1526 1037 15:

68 1456 123 1498 10
135 1458 341 1510 punctum
372 1457 565 1498 dixerunt
596 1472 685 1498 esse
717 1460 974 1511 geometrae,
1012 1459 1123 1512 quod
1156 1459 1210 1500 ob
1240 1460 1456 1514 inconpre-
1508 1488 1511 1493 ·

131 1514 383 1556 hensibilem
409 1515 661 1556 breuitatem
692 1516 756 1556 sui
781 1516 825 1557 in
854 1519 998 1570 partes
1029 1516 1160 1558 diuidi
1189 1531 1274 1558 non
1306 1518 1454 1572 possit,

131 1586 209 1614 nec
240 1572 379 1626 ipsum
406 1587 504 1626 pars
531 1573 685 1627 aliqua,
716 1573 789 1614 sed
819 1575 985 1615 tantum
1013 1574 1136 1615 modo
1163 1574 1331 1629 signum
1363 1589 1453 1617 esse

133 1629 307 1671 dicatur.
372 1630 538 1684 physici
575 1633 730 1672 terram
768 1631 820 1672 ad
858 1632 1192 1684 magnitudinem
1224 1633 1341 1683 circi,
1380 1647 1455 1687 per

133 1701 258 1742 quem
290 1689 354 1730 sol
385 1688 587 1741 uoluitur,
617 1689 762 1742 puncti
792 1689 962 1730 modum
989 1689 1178 1730 obtinere
1210 1690 1454 1732 docuerunt.

132 1746 197 1787 sol
215 1747 356 1787 autem
382 1749 540 1800 quanto
561 1747 700 1787 minor
720 1746 776 1788 sit
801 1747 911 1795 ‹u'gco
937 1747 1120 1801 proprio,
1146 1747 1454 1801 deprehensum

131 1805 207 1845 est.
285 1803 643 1845 manifestissimis
693 1805 803 1845 euim
859 1804 1166 1846 dimensionum
1215 1805 1452 1847 rationibus

131 1862 342 1915 constitit,
373 1875 614 1903 mensuram
647 1861 749 1903 solis
781 1862 1112 1903 ducentesimam
1151 1865 1312 1904 sextam
1344 1863 1453 1906 deci-

129 1933 242 1959 mam
273 1921 436 1972 partem
467 1919 623 1961 habere
648 1920 953 1975 magnitudinis
986 1920 1099 1973 circi,
1127 1934 1202 1974 per
1233 1935 1356 1975 quem
1389 1921 1452 1963 sol
1494 1942 1496 1946 ³

64 1975 222 2030 llipse
260 1976 466 2018 discurrit.
527 1991 622 2019 cum
659 1991 759 2032 ergo
804 1978 870 2019 sol
911 1977 963 2018 ad
1000 1978 1158 2019 circum
1196 1993 1318 2020 suum
1353 1993 1452 2033 pars

221 2093 243 2123 4
267 2089 386 2124 libera
411 2087 459 2124 P'
546 2094 565 2124 7
591 2091 676 2124 ante
708 2101 774 2125 om.
800 2091 836 2125 P
909 2095 951 2125 21
979 2090 1150 2126 credatur
1182 2090 1232 2125 P'
1269 2132 1272 2133 ⁷
1305 2095 1349 2126 22
1382 2092 1452 2128 esse

126 2146 192 2171 om.
230 2136 266 2170 P
403 2139 447 2171 23
485 2135 848 2180 incomphenfibilem
885 2137 923 2172 P
1059 2141 1103 2172 25
1135 2137 1222 2182 pras
1247 2138 1290 2182 P,
1327 2139 1454 2174 deinde

127 2182 266 2226 ahqmd
290 2181 338 2216 P‘
470 2185 515 2218 26
541 2182 670 2227 ph1s101
695 2182 732 2217 P
857 2187 901 2218 28
927 2194 974 2218 au
1003 2184 1045 2218 in
1075 2185 1160 2219 aute
1190 2185 1232 2219 in
1258 2195 1328 2219 ras.
1354 2186 1396 2220 in
1419 2185 1456 2219 P

126 2231 171 2262 29
196 2228 530 2264 manlfest1s1m1*s
557 2230 650 2274 (fuit
678 2227 737 2273 us)
763 2229 800 2264 P
899 2233 945 2264 30
976 2229 1117 2265 constat
1141 2230 1178 2265 P
1273 2234 1318 2266 32
1349 2230 1451 2266 suum

126 2285 191 2310 om.
220 2275 256 2309 P
484 2283 488 2288 ·
