1526 2444
591 91 660 126 XII
685 94 823 127 23—31
1299 91 1388 134 453

39 202 342 258 cuaporatio
376 201 540 243 solum
572 200 621 242 in
654 214 782 255 aqua
815 199 1021 242 salubre
1053 201 1383 255 consumpsit.

38 263 113 304 nix
146 274 260 317 ergo,
293 274 401 316 quae
426 259 535 302 nihil
561 258 676 301 aliud
703 262 769 300 est
795 273 924 313 quam
954 273 1066 314 aqua
1090 259 1137 301 in
1162 273 1257 302 aere
1285 258 1383 301 den·
1399 260 1455 302 27

40 324 148 371 seta,
180 319 436 362 tenuitatem
468 318 551 373 sui,
583 332 679 360 cum
711 317 976 371 denseretur,
1015 317 1178 373 amisit,
1215 320 1258 360 et
1288 318 1384 362 ideo

40 394 92 422 ex
117 379 207 422 eius
233 378 446 421 resolutae
471 380 577 432 potu
602 377 773 419 diuersa
798 377 1050 419 morborum
1071 390 1230 433 genera
1248 377 1384 421 uisce-

3 451 22 478 5
39 439 159 481 ribus
194 435 533 480 inseminantur?

159 496 463 540 ‘Nominatum
501 495 602 551 gelu
637 494 814 550 ueteris,
853 509 962 549 quae
994 509 1062 537 me
1094 495 1265 538 solebat
1297 495 1382 551 agi·
1401 496 1458 539 28

39 560 150 612 tare,
194 555 416 598 admonuit
459 553 742 609 quaestionis,
789 568 864 596 cur
899 553 1001 596 uina
1039 556 1115 597 aut
1150 569 1386 610 numquam

40 618 116 657 aut
164 616 359 657 rarenter
408 612 714 668 congelascant
764 612 917 654 ceteris
965 627 1015 654 ex
1059 627 1219 669 magna
1262 617 1385 669 parte

38 674 291 716 humoribus
328 672 550 715 nimietate
581 671 758 727 frigoris
790 671 887 727 cogi
920 672 1089 714 solitis?
1151 687 1265 714 num·
1287 673 1388 727 quia

0 745 22 772 ,ο
39 733 187 775 uinum
225 732 389 774 semina
420 730 629 786 quaedam
660 730 706 771 in
737 744 782 772 se
813 729 970 772 caloris
1001 729 1134 772 habet
1171 753 1219 761 -·—
1255 733 1298 772 et
1331 731 1386 773 ob

41 807 136 834 eam
174 805 265 833 rem
303 790 514 832 Homerus
553 789 660 831 dixit
697 791 865 830 αἴθοπα
902 784 1029 830 οἶνον
1066 803 1171 843 non,
1207 791 1257 831 ut
1293 789 1386 843 qui-

41 851 139 893 dam
182 852 354 905 putant,
396 851 573 903 propter
615 847 801 890 colorem
837 871 896 876 —
933 862 990 890 an
1035 847 1121 890 alia
1159 849 1385 903 quaepiam

41 924 170 952 causa
200 908 296 951 est?
359 922 488 962 quam
521 906 621 962 quia
651 906 804 962 ignoro
836 906 944 948 scire
977 905 1130 962 cupio?

158 967 227 1010 Ad
259 967 364 1009 haec
395 965 592 1008 Disarius
625 965 752 1019 ‘esto,
782 964 886 1007 uina
917 966 1108 1008 naturali
1136 966 1386 1007 muniantur
1400 967 1456 1010 29

0 1038 22 1066 5
41 1027 199 1082 calore,
231 1026 427 1068 oleumne
459 1025 600 1066 minus
631 1024 818 1080 ignitum
850 1026 916 1066 est
947 1027 1021 1066 aut
1051 1025 1264 1067 minorem
1296 1025 1387 1067 uim

4 1115 17 1131 .
40 1087 86 1128 in
128 1085 381 1141 corporibus
425 1083 730 1126 calefactandis
774 1083 935 1125 habet?
1004 1086 1047 1126 et
1091 1086 1239 1126 tamen
1285 1084 1387 1139 gelu

40 1145 278 1200 stringitur.
352 1145 464 1185 certe
507 1142 544 1184 si
586 1145 714 1198 putas
758 1157 827 1196 ea,
872 1157 980 1197 quae
1025 1142 1232 1185 calidiora
1276 1146 1387 1198 sunt,

41 1203 256 1246 difficilius
284 1202 596 1256 congelascere,
628 1215 870 1257 congruens
898 1204 990 1244 erat
1013 1216 1092 1245 nec
1120 1202 1261 1244 oleum
1287 1217 1386 1244 con-

40 1277 228 1305 crescere
259 1263 303 1304 et
335 1276 400 1314 ea,
439 1275 546 1316 quae
578 1260 803 1316 frigidiora
835 1263 953 1315 sunt,
984 1260 1111 1303 facile
1143 1261 1241 1316 gelu
1274 1261 1385 1317 cogi,

0 1334 22 1361 ιο
40 1324 208 1364 acetum
239 1323 382 1362 autem
409 1319 600 1362 omnium
632 1319 817 1361 maxime
841 1319 1125 1375 frigorificum
1150 1322 1227 1374 est,
1259 1323 1387 1374 atque

38 1380 81 1422 id
112 1383 258 1422 tamen
285 1393 519 1434 numquam
547 1378 647 1433 gelu
673 1377 911 1434 stringitur.
959 1393 1063 1420 num
1088 1379 1222 1434 igitur
1247 1379 1386 1434 magis
1402 1381 1460 1424 30

40 1439 134 1482 oleo
173 1453 303 1481 causa
341 1440 407 1480 est
444 1437 614 1493 coaguli
651 1437 887 1491 celerioris,
927 1437 1040 1492 quod
1079 1440 1123 1479 et
1153 1437 1386 1493 lenigatius

2 1543 4 1545 ,
40 1501 82 1540 et
120 1498 298 1553 spissius
337 1496 431 1539 est‘?
493 1495 693 1538 faciliora
730 1496 843 1537 enim
882 1496 935 1538 ad
973 1496 1211 1538 coeundum
1242 1495 1389 1539 uiden-

40 1560 122 1612 tur,
154 1571 263 1612 quae
294 1555 506 1598 leuatiora
538 1555 818 1610 densioraque
851 1558 964 1610 sunt,
994 1556 1096 1598 uino
1129 1558 1274 1597 autem
1299 1570 1388 1598 non

0 1616 254 1671 weontingit
290 1616 416 1657 tanta
452 1614 679 1667 mollities,
718 1618 760 1656 et
797 1616 864 1656 est
902 1629 1030 1670 quam
1068 1615 1211 1657 oleum
1249 1615 1387 1657 multo

41 1674 256 1730 liquidius,
283 1676 450 1717 acetum
468 1688 572 1716 uero
593 1676 635 1715 et
652 1673 987 1728 liquidissimum
1007 1675 1073 1715 est
1091 1674 1204 1716 inter
1223 1676 1388 1716 ceteros

40 1733 256 1788 humores,
283 1735 326 1775 et
351 1735 476 1775 tanto
504 1735 570 1775 est
595 1732 802 1787 acerbius,
832 1735 881 1774 ut
907 1732 964 1774 sit
990 1746 1114 1775 acore
1139 1732 1388 1775 tristificum

41 1794 85 1834 et
117 1792 310 1848 exemplo
342 1792 536 1834 marinae
571 1805 725 1847 aquae,
762 1805 871 1846 quae
903 1792 998 1847 ipsa
1030 1805 1200 1848 quoque
1233 1793 1387 1834 amari-

40 1851 188 1893 tudine
239 1851 304 1893 sui
355 1865 506 1906 aspera
557 1853 640 1905 est,
687 1865 921 1905 numquam
966 1851 1064 1905 gelu
1108 1850 1388 1894 contrahitur.

0 1918 141 1952 nonam
180 1909 292 1966 quod
328 1909 621 1952 Hmzono‘rvs
660 1920 978 1952 HISTORIARVM
1020 1909 1204 1965 scriptor
1235 1913 1387 1952 contra
1402 1912 1459 1954 31

44 1969 234 2011 omnium
284 1968 435 2022 ferme,
492 1968 565 2023 qui
614 1967 720 2010 haec
769 1969 1092 2024 quaesiuerunt,
1141 1969 1391 2024 opinionem

0 2045 1 2064 2
30 2028 215 2082 ,scripsit
253 2041 387 2069 mare
419 2026 773 2082 Bosporicum,
813 2028 944 2084 quod
982 2031 1032 2071 et
1063 2027 1388 2071 Cimmerium

137 2142 182 2172 30
207 2137 277 2172 1111
302 2140 346 2172 28

137 2242 160 2273 4
177 2237 366 2285 *resolute
380 2237 417 2272 P
486 2241 528 2272 11
549 2238 726 2273 ΑΙΘΟΠΔ
749 2237 786 2273 Ρ
856 2241 899 2272 12
915 2237 1038 2274 calore
1053 2238 1090 2274 P
1160 2243 1204 2274 15
1219 2239 1390 2275 oleumne

42 2286 190 2331 scripsi.-
214 2295 261 2320 ne
287 2285 410 2320 oleum
437 2285 475 2320 P
548 2288 592 2320 22
619 2284 650 2320 ὅτ,
674 2285 773 2330 quod
798 2284 829 2320 Sc
855 2284 903 2320 P'
990 2288 1034 2321 31
1062 2297 1134 2334 que
1161 2285 1324 2322 fluerunt
1349 2287 1391 2322 in

43 2343 107 2369 ras
130 2333 172 2368 in
197 2333 233 2368 P
301 2336 345 2368 32
368 2330 552 2368 boffoncfi
578 2331 615 2367 P
683 2335 837 2369 cimeni‘i
862 2332 899 2367 P
