1526 2444
146 57 231 100 210
643 56 741 92 SAT.
768 56 896 92 LIBRI
919 56 970 91 111

146 164 247 219 ipsi
285 164 521 206 consules
559 163 899 216 pertulerunt,
937 177 1042 204 cum
1074 177 1150 203 res
1182 163 1384 216 publica
1415 177 1470 204 ex

144 222 349 264 luxuria
375 221 726 263 conuiuiorum
754 221 945 262 maiora
971 234 1116 275 quam
1141 220 1273 261 credi
1298 223 1470 274 potest

145 280 452 322 detrimenta
470 281 749 332 pateretur,
775 279 816 320 si
835 279 1032 333 quidem
1052 292 1105 319 eo
1125 292 1202 319 res
1228 278 1470 331 redierat,

144 341 197 379 ut
234 338 351 392 gula
389 337 568 378 inlecti
606 337 835 391 plerique
866 336 1074 391 ingenui
1104 336 1247 390 pueri
1279 335 1470 389 pudici-

145 397 265 437 tiam
293 398 342 436 et
371 395 669 436 libertatem
700 409 837 436 suam
867 394 1210 447 uenditarent,
1239 394 1470 448 plerique
1506 408 1522 434 5

146 468 201 494 ex
250 453 396 508 plebe
440 452 664 494 Romana
710 452 827 493 uino
877 451 1062 492 madidi
1111 452 1162 492 in
1210 451 1470 493 comitium

145 512 379 552 uenirent
404 512 451 551 et
483 510 611 551 ebrii
643 510 698 551 de
729 510 802 551 rei
832 509 1065 563 publicae
1097 509 1263 550 salute
1295 523 1469 550 consu-

106 570 326 611 5lerent.
368 569 473 610 haec
499 567 802 610 Sammonicus.
843 567 1032 608 Fanniae
1058 569 1199 608 autem
1224 567 1332 622 legis
1358 581 1472 608 seue-

145 627 251 669 ritas
288 628 333 668 in
365 641 412 668 eo
445 627 675 680 superabat
706 624 906 667 Orchiam
937 625 1093 680 legem,
1133 625 1246 678 quod
1276 626 1320 665 in
1352 639 1471 680 supe-

144 685 256 726 riore
295 699 495 726 numerus
534 687 702 725 tantum
739 683 864 725 modo
903 683 1143 725 cenantium
1185 683 1471 736 cohibebatur,
1491 697 1526 723 ιο

144 743 381 797 licebatque
418 742 645 783 secundum
682 755 774 782 eam
812 741 887 782 uni
924 740 1074 794 cuique
1112 740 1226 782 bona
1257 755 1332 782 sua
1361 741 1473 782 inter

144 815 302 855 paucos
352 814 614 851 consumere,
662 798 826 840 Fannia
876 801 1016 840 autem
1061 798 1189 839 etiam
1232 799 1471 852 sumptibus

145 859 316 900 modum
341 857 443 899 fecit
468 857 670 899 assibus
697 859 911 910 centum,
937 856 1046 897 unde
1071 871 1096 897 a
1120 856 1318 898 Lucilio
1344 859 1473 910 poeta

145 916 393 958 festiuitatis
426 930 526 956 suae
556 929 673 956 more
705 914 956 956 centussis
988 916 1176 955 uocatur.

107 974 132 1015 6
264 973 470 1015 Fanniam
514 973 654 1028 legem
696 975 796 1026 post
835 986 968 1013 annos
1010 971 1152 1012 decem
1190 973 1232 1012 et
1272 977 1366 1013 octo
1406 972 1473 1012 lex
1492 984 1526 1012 1⁵

146 1031 298 1073 Didia
323 1033 547 1073 consecuta
572 1033 646 1072 est.
707 1031 795 1071 eius
820 1029 1022 1071 ferundae
1049 1029 1204 1083 duplex
1228 1028 1310 1070 fuit
1335 1043 1473 1083 causa,

146 1090 285 1144 prima
318 1092 360 1130 et
389 1089 614 1143 potissima
644 1094 692 1129 ut
721 1088 921 1130 uniuersa
949 1087 1092 1140 Italia,
1123 1101 1209 1128 non
1240 1087 1330 1128 sola
1359 1087 1473 1142 urbs,
1524 1103 1526 1123 1

145 1149 239 1202 lege
265 1147 529 1201 sumptuaria
552 1148 776 1200 teneretur,
806 1145 969 1186 Italicis
1001 1144 1340 1186 existimantibus
1366 1144 1471 1186 Fan·
1524 1158 1526 1160 ·

147 1206 262 1247 niam
287 1206 424 1259 legem
450 1219 536 1246 non
560 1205 604 1245 in
630 1218 674 1246 se
701 1203 773 1245 sed
797 1204 842 1244 in
874 1203 988 1244 solos
1018 1203 1206 1243 urbanos
1237 1203 1350 1244 ciues
1381 1217 1472 1244 esse

147 1263 451 1317 conscriptam3
489 1262 636 1303 deinde
676 1265 725 1303 ut
754 1275 840 1302 non
871 1261 952 1302 soli
983 1260 1055 1314 qui
1084 1259 1264 1314 prandia
1295 1275 1473 1303 cenasue
1492 1255 1526 1323 εκῇ

147 1322 308 1362 maiore
335 1323 506 1374 sumptu
530 1319 743 1374 fecissent,
774 1319 847 1360 scd
873 1319 1002 1360 etiam
1029 1318 1100 1371 qui
1125 1318 1177 1359 ad
1203 1332 1273 1359 eas
1298 1319 1474 1360 uocitati

147 1381 289 1421 essent
325 1381 450 1433 atque
484 1378 655 1419 omnino
687 1377 997 1430 interfuissent,
1041 1377 1187 1430 poenis
1218 1377 1325 1431 legis
1357 1379 1472 1419 tene·
1519 1376 1526 1424 Ξ

146 1439 306 1478 rentur.
1521 1458 1526 1498 Ξ

111 1495 132 1534 7
266 1494 372 1536 Post
402 1492 572 1535 Didiam
603 1492 799 1534 Licinia
829 1493 898 1533 lex
928 1492 1019 1533 lata
1050 1493 1115 1532 est
1146 1506 1170 1532 a
1200 1490 1245 1533 P.
1276 1491 1471 1533 Licinio
1521 1505 1526 1550 ἶ

148 1551 332 1594 Crasso
357 1551 550 1607 Diuite‚
580 1551 697 1592 cuius
722 1550 921 1591 ferundae
945 1549 1274 1603 probandaeque
1305 1551 1472 1591 tantum
1491 1549 1526 1624 κέ

148 1610 334 1652 studium
377 1610 430 1651 ab
475 1609 753 1664 optimatibus
792 1609 1030 1662 impensum
1069 1609 1152 1661 est,
1194 1609 1241 1648 ut
1281 1608 1472 1649 consulto
1521 1627 1526 1647 2.

148 1671 322 1710 senatus
365 1668 597 1718 iuberetur,
645 1668 693 1707 ut
736 1680 785 1707 ea
827 1668 993 1707 tantum
1036 1665 1161 1706 modo
1203 1666 1473 1720 promulgata
1516 1660 1526 1726 ὲ

1516 1729 1526 1756 1

1517 1758 1526 1780 ’.ὖ

240 1792 285 1827 cf.
306 1791 357 1826 IV
384 1795 426 1826 12
453 1792 539 1826 Luc.
565 1791 734 1826 Muelleri

242 1912 260 1942 1
300 1907 466 1942 cunsules
497 1906 543 1941 B'
699 1906 729 1940 85
764 1906 910 1941 luxuria
946 1906 982 1940 B
1125 1909 1145 1939 3
1180 1905 1394 1950 paterentur
1424 1903 1470 1939 B'
1515 1906 1518 1910 ⁴

146 1957 168 1988 4
198 1953 316 1989 illecti
346 1954 407 1989 bP
523 1956 541 1987 7
573 1952 702 1988 hebre1
732 1951 778 1988 B'
899 1956 920 1988 8
950 1952 1042 1986 haec
1073 1950 1318 1987 sammonicus
1343 1961 1408 1986 om.
1437 1951 1473 1985 P
1511 1961 1518 1980 f

145 2000 244 2035 fame
266 1997 314 2035 B'
381 2003 401 2033 9
426 1999 548 2044 legem
572 2009 638 2034 om.
666 1999 702 2033 P
768 2003 810 2034 10
836 2000 1046 2044 cenantium
1068 1999 1103 2032 P
1169 2001 1210 2032 12
1230 1997 1410 2032 sumt1bus
1422 1995 1469 2031 B'
1510 2012 1515 2030 ῑ

148 2051 191 2082 16
217 2046 441 2091 consequuta
465 2045 501 2080 P
637 2045 811 2080 ferendae
838 2046 884 2088 P,
907 2045 1060 2092 ferunde
1084 2045 1132 2087 Β,
1156 2055 1270 2089 supra
1293 2055 1317 2078 u
1342 2042 1424 2079 add.
1451 2055 1471 2079 e
1509 2011 1526 2141 1

145 2127 185 2151 1n
209 2117 229 2151 b
348 2115 456 2151 causa
486 2115 557 2150 fuit
581 2115 625 2159 P,
654 2115 728 2149 fuit
751 2114 822 2149 fuit
846 2114 952 2150 causa
975 2113 1020 2149 B'
1142 2117 1184 2149 18
1209 2092 1397 2158 russtuana.
1422 2113 1470 2155 B,

147 2163 313 2198 sutuari'a
338 2163 357 2198 b
423 2166 469 2197 20
494 2161 645 2209 cenasue
669 2161 706 2196 P
769 2165 813 2196 21
833 2160 992 2195 malores
1009 2163 1052 2195 ut
1075 2160 1151 2196 uid.
1170 2157 1218 2195 P'
1285 2159 1404 2194 sumtu
1422 2158 1468 2193 B'
1504 2174 1526 2204 22.

147 2213 192 2246 22
216 2209 321 2257 penis
343 2209 379 2244 P
450 2212 494 2243 24
520 2209 609 2243 data
627 2208 663 2242 P
731 2218 753 2242 a
771 2207 899 2252 pubho
918 2207 969 2242 B:
996 2207 1092 2252 apud
1111 2205 1186 2242 bho
1206 2206 1253 2240 P'
1327 2207 1468 2241 L1c1mo

146 2267 212 2292 om.
239 2257 275 2291 P
344 2259 388 2290 25
413 2254 586 2291 ferendae
611 2254 648 2289 P

1500 2350 1526 2444 Ξ
