1526 2444
471 602 694 646 LIBER
738 602 1039 653 QVINTVS

198 698 304 741 Post
353 698 460 740 haec
510 713 606 741 cum
654 698 872 753 paulisper
919 698 1132 740 Eusebius
1181 698 1465 753 quieuisset,1

80 771 229 800 omnes
278 757 390 799 inter
447 771 492 799 se
541 771 729 800 consono
779 771 995 799 murmure
1046 755 1291 813 Vergilium
1340 772 1429 800 non

80 816 222 859 minus
261 819 477 858 oratorem
515 830 644 871 quam
681 818 854 871 poetam
891 816 1138 858 habendum
1174 818 1429 872 pronuntia-

81 875 198 929 bant,
228 875 275 916 in
301 889 384 930 quo
412 877 454 916 et
478 876 600 917 tanta
627 874 777 917 orandi
803 875 1032 930 disciplina
1059 879 1102 917 et
1125 879 1218 918 tam
1245 876 1427 932 diligens

42 952 59 978 5
79 934 324 976 obseruatio
360 933 601 976 rhetoricae
639 934 744 976 artis
783 935 1092 978 ostenderetur.
1155 938 1199 977 et
1235 936 1427 978 Auienus
1443 942 1470 984 2

78 992 213 1035 ‘dicas
251 991 374 1034 mihi'
411 993 553 1048 inquit
591 992 723 1048 euolo,
767 993 991 1036 doctorum
1030 995 1210 1050 optime,
1254 995 1291 1037 si
1328 1009 1429 1038 con—

78 1052 280 1107 cedimus,
311 1052 437 1094 sicuti
462 1066 636 1095 necesse
663 1054 743 1108 est,
769 1055 984 1095 oratorem
1011 1053 1145 1096 fuisse
1172 1052 1429 1110 Vergilium,

79 1111 213 1166 siquis
244 1125 358 1154 nunc
389 1111 495 1154 uelit
526 1112 678 1154 orandi
707 1113 844 1154 artem
870 1113 1087 1167 consequi,
1118 1116 1262 1156 utrum
1289 1113 1429 1169 magis

79 1184 130 1211 ex
167 1169 361 1225 Vergilio
405 1185 459 1212 an
503 1185 554 1212 ex
591 1169 796 1214 Cicerone
833 1170 1078 1226 proficiat?
1148 1172 1286 1214 ‘uideo
1326 1172 1470 1228 quid3

25 1247 61 1272 ιο
80 1228 200 1284 agas'
227 1229 368 1284 inquit
398 1228 612 1271 Eusebius
645 1229 762 1285 ‘quid
794 1230 1008 1286 intendas,
1041 1246 1124 1287 quo
1157 1246 1226 1274 me
1257 1231 1429 1274 trahere

79 1288 257 1340 coneris,
284 1302 333 1330 eo
360 1288 522 1330 scilicet
548 1303 631 1343 quo
659 1289 836 1331 minime
862 1291 975 1345 uolo,
1001 1290 1054 1332 ad
1077 1291 1430 1346 conparationem

78 1346 273 1389 Maronis
307 1349 350 1389 et
381 1347 521 1389 Tullii.
583 1348 820 1390 uerecunde
854 1349 967 1390 enim
998 1350 1297 1406 interrogasti,
1334 1352 1432 1391 uter

80 1421 227 1448 eorum
253 1407 557 1461 praestantior,
584 1407 754 1462 quando
782 1407 952 1462 quidem
978 1409 1221 1451 necessario
1242 1409 1278 1450 is
1299 1409 1430 1464 pluri-

79 1480 197 1507 mum
229 1465 464 1507 collaturus
498 1466 564 1519 sit,
597 1466 670 1521 qui
700 1466 793 1521 ipse
825 1467 1059 1521 plurimum
1089 1470 1294 1522 praestat.
1357 1467 1473 1516 sed4

28 1541 60 1566 15
80 1524 210 1566 istam
243 1524 350 1565 mihi
381 1525 681 1567 necessitatem
714 1525 849 1567 altam
883 1528 926 1568 et
948 1526 1206 1581 profundam
1231 1527 1429 1569 remittas

80 1583 199 1626 uolo:
244 1584 344 1638 quia
386 1598 484 1626 non
527 1586 757 1626 nostrum
800 1585 915 1627 inter
952 1585 1052 1628 illos
1096 1589 1270 1628 tantas
1315 1601 1431 1628 con-

80 1656 266 1697 ponere
309 1642 448 1697 lites,
490 1657 569 1685 nec
613 1643 751 1686 ausim
790 1644 835 1686 in
872 1645 1084 1687 utramuis
1122 1648 1290 1700 partem
1327 1645 1430 1688 talis

81 1701 320 1744 sententiae
362 1704 512 1745 auctor
548 1702 697 1748 uideri.
763 1703 848 1746 hoc
886 1704 1026 1746 solum
1059 1705 1225 1747 audebo
1258 1704 1431 1759 dixisse,

0 1752 1 1801 l
82 1760 183 1815 quia
219 1760 419 1803 facundia
449 1761 676 1804 Mantuani
712 1762 939 1817 multiplex
977 1766 1020 1805 ct
1050 1764 1331 1806 multiformis
1364 1767 1432 1806 est

0 1802 62 1877 ἔεο
82 1822 124 1860 et
167 1819 334 1862 dicendi
378 1833 513 1875 genus
558 1835 683 1864 omne
727 1822 1024 1877 conplectitur.
1093 1837 1191 1866 ecce
1235 1822 1349 1865 enim
1386 1823 1432 1864 in

0 1879 2 1900 ¹
82 1876 288 1921 Cicerone
319 1882 464 1922 uestro
496 1894 606 1923 unus
638 1881 906 1936 eloquentiae
937 1884 1063 1924 tenor
1089 1885 1167 1938 est,
1198 1882 1272 1924 ille
1298 1882 1430 1924 abun-

81 1937 188 1979 dans
232 1940 276 1979 et
317 1940 487 1981 torrens
533 1942 576 1981 et
618 1939 829 1994 copiosus.
898 1944 1119 1983 oratorum
1158 1943 1304 1983 autem
1342 1947 1474 1989 non5

176 2094 220 2125 16
247 2091 363 2136 eclog.
390 2091 441 2125 ΙΙΙ
469 2094 534 2126 108

177 2235 197 2265 9
229 2231 359 2267 uideas
389 2231 437 2267 P'
541 2236 584 2268 15
617 2233 734 2268 altam
766 2234 804 2269 et
834 2233 1056 2279 profundam
1088 2235 1174 2270 add.
1206 2234 1434 2280 C'antabriy.,

83 2287 150 2314 om.
178 2279 214 2313 P
283 2283 326 2314 21
353 2279 573 2316 habundans
593 2280 630 2315 P
