1526 2444
570 42 596 79 ,Ι
621 45 712 78 7-9
750 43 785 78 11
811 46 901 78 1—3
1323 40 1411 82 479

67 154 180 196 inter
197 155 423 207 utramque
441 152 578 194 uitam
597 150 746 193 diebus
767 153 917 207 egerat
935 150 1170 205 uideratue,
1187 151 1411 205 tamquam

67 211 286 268 publicum
307 210 526 266 professus
552 210 757 252 indicium
777 210 965 252 humano
991 210 1138 266 generi
1157 209 1412 252 enuntiauit.

68 271 180 313 hanc
210 270 403 312 fabulam
435 268 582 312 Cicero
614 269 717 312 licet
748 269 802 311 ab
834 269 1018 311 indoctis
1051 269 1173 324 quasi
1203 268 1297 323 ipse
1321 267 1414 309 ueri

70 330 264 372 conscius
297 329 440 371 doleat
470 328 655 382 irrisam,
686 327 931 383 exemplum
957 330 1103 370 tamen
1135 327 1319 369 stolidae
1349 342 1414 369 re-

34 399 52 426 ὁ
70 387 371 443 prehensionis
385 387 528 430 uitans
543 387 720 429 excitari
731 391 1007 429 narraturum
1019 401 1148 442 quam
1159 385 1415 428 reuiuiscere

70 447 235 490 maluit.

190 528 255 572 Ac
293 529 543 584 priusquam
594 529 750 570 somnii
799 528 932 571 uerba
975 529 1268 582 consulamus,
1318 526 1476 570 eno-II

73 588 260 630 dandum
298 588 423 630 nobis
467 590 546 642 est,
586 602 611 630 a
654 602 738 642 quo
783 601 938 642 genere
983 587 1210 629 hominum
1250 586 1417 628 Tullius

74 649 282 689 memoret
322 646 391 688 uel
431 646 601 688 irrisam
645 646 838 689 Platonis
875 646 1068 688 fabulam
1111 646 1197 700 uel,
1241 660 1295 687 ne
1335 645 1419 687 sibi

16 710 55 744 ἰο
73 707 184 748 idem
217 705 405 760 eueniat,
435 719 523 747 non
561 705 711 747 uereri.
772 719 849 747 nec
887 705 999 747 enim
1036 705 1104 746 his
1141 704 1286 746 uerbis
1323 705 1420 746 uult

76 765 309 820 inperitum
346 765 502 820 uulgus
544 764 739 820 intellegi
777 764 851 805 sed
888 778 1024 819 genus
1068 763 1291 805 hominum
1328 763 1420 805 ueri

74 824 275 879 ignarum
319 823 397 864 sub
446 823 626 877 peritiae
668 822 976 876 ostentatione,
1026 823 1184 878 quippe
1227 835 1334 877 quos
1379 826 1421 863 et

75 881 231 938 legisse
256 881 364 923 talia
389 883 432 923 et
452 882 504 923 ad
530 881 928 936 reprehendendum
955 882 1169 923 animatos
1190 883 1420 923 constaret.

0 990 3 1001 τ
76 941 263 983 dicemus
290 940 435 996 igitur,
465 942 509 982 et
535 955 641 996 quos
667 940 712 981 in
737 943 906 983 tantum
930 940 1237 996 philosophum
1263 939 1462 983 referat?

3 1004 58 1039 5³1⁵
78 999 292 1055 quandam
324 1013 529 1042 censurae
561 999 799 1042 exercuisse
825 999 1062 1055 leuitatem,
1093 1000 1242 1055 quisue
1274 1013 1421 1041 eorum

79 1059 210 1100 etiam
249 1058 454 1113 scriptam
491 1058 713 1113 reliquerit
750 1059 1083 1114 accusationem,
1121 1061 1165 1101 et
1200 1061 1421 1113 postremo

6 1123 10 1126 ’
77 1117 181 1173 quid
211 1131 289 1172 pro
321 1131 370 1159 eo
408 1117 631 1159 dumtaxat
669 1121 808 1174 parte,
846 1132 954 1173 quae
991 1118 1093 1161 huic
1124 1132 1242 1172 operl
1277 1131 1424 1159 neces-

79 1176 192 1218 saria
219 1178 295 1230 est,
326 1175 574 1230 responderi
599 1176 828 1219 conueniat
853 1177 1043 1220 obiectis.
1109 1177 1277 1233 quibus,
1309 1175 1442 1231 quod,

77 1235 197 1277 factu
236 1234 363 1277 facile
405 1238 489 1290 est,
534 1235 747 1279 enematis
789 1236 875 1277 iam
921 1236 1121 1292 quicquid
1161 1236 1230 1278 uel
1275 1228 1449 1278 contra‘

13 1291 63 1332 *²⁰
80 1291 298 1336 Ciceronis
331 1294 580 1349 opinionem
612 1294 744 1336 etiam
775 1294 822 1335 in
853 1294 1066 1350 Scipionis
1105 1295 1318 1337 somnium
1351 1309 1426 1336 seu

79 1353 290 1396 iaculatus
323 1355 388 1394 est
418 1367 623 1408 umquam
654 1367 822 1395 morsus
853 1354 1022 1408 liuoris,
1054 1368 1130 1396 seu
1167 1354 1280 1396 forte
1311 1353 1425 1395 iacu-

79 1411 259 1467 labitur,
307 1411 564 1454 dissolutum
616 1412 707 1454 erit.
783 1412 1094 1467 Epicureorum
1143 1414 1241 1455 tota
1291 1411 1467 1456 facti03

82 1485 216 1526 aequo
262 1485 427 1525 semper
470 1485 613 1513 errore
660 1485 685 1513 a
731 1485 834 1514 uero
881 1471 1007 1513 deuia
1051 1474 1095 1513 et
1137 1471 1216 1513 illa
1259 1485 1427 1526 semper

20 1580 24 1583 .
82 1529 316 1572 aestimans
347 1529 544 1585 ridenda,
576 1544 684 1585 quae
715 1531 899 1585 nesciat,
937 1545 1106 1573 sacrum
1142 1530 1347 1572 uolumen
1385 1533 1428 1572 et

23 1599 64 1626 ‘85
85 1587 389 1644 augustissima
418 1588 555 1630 irrisit
584 1591 763 1631 naturae
796 1590 916 1631 seria.
967 1589 1141 1632 Colotes
1173 1603 1291 1644 uero,
1315 1589 1428 1631 inter

2 1657 12 1666 “
85 1646 264 1702 Epicuri
319 1646 536 1690 auditores
591 1648 851 1702 loquacitate
900 1648 1149 1704 notabilior,
1198 1649 1330 1691 etiam
1384 1648 1429 1689 in

82 1706 240 1749 librum
276 1706 444 1761 retulit,
483 1721 590 1762 quae
629 1706 679 1748 de
716 1707 799 1750 hoc
844 1708 1031 1750 amarius
1077 1707 1305 1750 cauillatus
1350 1709 1428 1749 est.

83 1764 157 1807 sed
189 1767 350 1819 cetera,
387 1779 496 1821 quae
533 1765 691 1808 iniuria
721 1766 907 1822 notauit,
945 1767 980 1808 si
1017 1766 1188 1822 quidem
1226 1766 1280 1808 ad
1317 1780 1428 1809 som-

179 1908 200 1939 2
226 1916 265 1940 in
288 1905 443 1949 publiofi
467 1905 504 1941 Β
581 1909 601 1940 5
626 1905 824 1941 reuiuisere
849 1903 897 1941 P'
973 1909 994 1941 8
1020 1908 1042 1952 a
1067 1904 1143 1942 nob
1167 1906 1204 1941 B
1277 1906 1427 1952 genere]

84 1950 178 1996 gens
196 1951 233 1986 Β
320 1956 362 1987 11
388 1963 466 1998 imp
494 1952 568 1988 PB
649 1952 813 1998 intelllgi
837 1953 875 1988 P
951 1957 994 1989 12
1019 1956 1133 2001 peitie
1158 1954 1196 1989 P
1268 1953 1429 1989 ostenta-

85 2001 226 2034 tionem
251 1997 307 2033 B'
430 2003 470 2035 13
496 1999 688 2045 rephendfi
715 2000 855 2036 citaret
878 2001 1065 2037 animatos
1084 2001 1121 2036 Β
1242 2005 1287 2036 14
1312 2000 1343 2036 δι
1367 2012 1431 2046 qui

85 2046 231 2081 tantum
257 2046 302 2090 P,
336 2048 354 2081 t
385 2058 476 2091 quos
506 2047 547 2081 in
570 2047 656 2083 add.
676 2058 706 2093 Ρ
824 2048 990 2084 referant
1016 2050 1061 2093 P,
1092 2050 1111 2082 Ῐ
1133 2048 1272 2085 referat
1295 2049 1381 2085 add.
1403 2060 1432 2094 Ρ

88 2096 131 2128 16
157 2092 368 2128 acusatione
393 2093 431 2128 P
501 2098 544 2129 19
571 2094 728 2130 defectis
741 2095 786 2140 P,
811 2097 828 2130 1
852 2097 1040 2132 eneruatis
1059 2097 1144 2134 add.
1158 2107 1189 2142 Ρ
1262 2099 1307 2132 20
1328 2107 1432 2141 opp-2—

32 2158 33 2162 =
85 2139 211 2175 nioem
236 2140 274 2175 Β
346 2145 391 2176 23
417 2140 559 2186 semper
577 2153 645 2179 om.
663 2142 701 2177 B
773 2146 819 2178 24
839 2142 1052 2180 existimans
1065 2144 1104 2179 P
1172 2143 1377 2179 deridenda
1396 2143 1432 2178 Β

87 2189 133 2223 26
170 2186 364 2224 auditores
401 2188 575 2224 famosior
612 2193 650 2225 et
688 2190 916 2234 loquacitate
956 2192 1001 2236 P,
1045 2190 1248 2226 notabilior
1285 2191 1371 2227 add.
1406 2202 1432 2235 p

87 2237 133 2269 27
157 2234 350 2279 reprendit
373 2235 419 2279 P,
443 2237 461 2269 1
485 2235 684 2272 cauillatus
703 2244 751 2276 ÷
774 2238 859 2274 add.
880 2248 910 2284 Ρ
1020 2242 1066 2274 28
1090 2250 1130 2273 m
1153 2239 1195 2274 in
1219 2237 1368 2284 mliuria
1391 2238 1434 2272 in

87 2291 160 2317 ras.
186 2282 228 2316 in
251 2281 288 2316 B
373 2282 420 2317 ad
446 2282 472 2316 P
496 2282 600 2318 sonii‘i
627 2283 662 2318 B
