1526 2444
479 57 600 94 xvm
625 60 743 93 9-14
778 55 916 93 xvllll
943 60 1032 93 1-2
1343 55 1428 98 217

81 166 212 223 quod
237 169 315 210 est
339 165 647 209 Sabinorum
677 166 856 223 lingua
887 166 1060 221 molle,
1088 164 1218 208 unde
1245 165 1430 208 Teren-

81 227 186 270 tios
237 240 435 282 quoque
485 226 651 268 dictos
700 227 851 281 pussat
895 224 1061 268 VARRO
1111 235 1174 267 AD
1216 235 1430 268 LlBONEM

81 297 235 329 PRIMO.
298 299 425 341 quam
451 285 496 327 in
521 285 690 340 culpam
723 284 855 327 etiam
882 283 1089 328 Horatius
1120 286 1265 340 potest
1295 283 1433 327 uideri

79 344 279 398 incidere,
310 345 381 400 qui
413 345 476 387 ait
506 347 551 386 et
851 346 857 349 Α

45 446 62 472 5
547 427 676 469 molle
708 426 958 470 Tarentum.

197 509 299 552 Nux
335 510 485 565 pinea
526 509 606 552 hos
636 509 762 552 nobis
795 510 869 565 qui
900 509 1089 565 adpositi
1122 511 1224 552 sunt
1253 509 1432 552 nucleos
1450 508 1505 551 14

79 568 206 611 dedit.
267 568 483 612 PLAv'rvs
515 569 560 611 in
593 567 906 611 CISTELLARIA

192 652 265 706 qui
298 666 320 693 e
351 666 459 694 nuce
490 652 667 694 nucleos
701 665 794 694 esse
824 651 920 693 uult
950 650 1117 707 frangit
1146 665 1314 693 nucem.

196 733 255 776 Ess
274 734 376 790 quia
398 734 532 776 mala
550 733 746 776 uidemus
768 732 959 775 admixta
977 733 1183 789 bellariis,
1213 735 1316 788 posia
1326 731 1503 776 XVIIII

27 811 61 837 ιο
78 806 209 835 nuces
248 793 300 835 de
337 793 549 835 malorum
586 792 817 848 generibus
855 792 1148 835 disserendum
1186 794 1267 836 esta.
1333 796 1434 835 sunt

79 851 131 893 de
156 852 250 908 agri
276 852 447 894 cultura
477 852 708 907 scriptores
740 852 814 907 qui
845 865 975 894 nuces
1008 853 1052 894 elz
1081 852 1199 894 mala
1230 852 1292 894 sic
1323 851 1434 893 diui-

79 910 203 965 dunt,
245 913 295 953 ut
336 925 467 953 nuces
515 910 659 953 dicant
699 924 828 953 omne
867 925 1086 967 pomum,
1130 911 1262 966 quod
1302 910 1433 953 foris

78 969 201 1012 duro
242 971 452 1025 tegatur
492 972 542 1012 et
581 970 723 1012 intus
764 970 974 1025 habeat,
1018 971 1150 1026 quod
1193 970 1302 1012 esui
1341 972 1435 1025 est,

78 1029 278 1071 malum
334 1043 436 1072 uero
493 1029 633 1085 quod
688 1029 830 1072 foris
879 1029 1104 1085 habeat,
1160 1029 1301 1084 quod
1352 1031 1436 1072 est

26 1105 60 1132 15
79 1089 208 1141 esui,
251 1090 301 1130 et
337 1088 514 1131 durum
550 1089 693 1131 intus
731 1089 977 1132 includat.
1049 1089 1283 1132 secundum
1321 1088 1435 1131 hanc

78 1147 374 1190 definitionem
411 1147 692 1204 Persicum,
733 1148 846 1204 quod
879 1147 1032 1191 Sueius
1069 1151 1200 1203 poeta
1237 1147 1435 1204 superius

78 1205 191 1248 inter
238 1220 370 1249 nuces
411 1210 630 1263 numerat,
676 1208 816 1263 magis
861 1208 942 1250 erit
978 1208 1092 1250 inter
1128 1207 1247 1250 mala
1286 1221 1435 1249 nume-

80 1265 279 1308 randum.

199 1323 280 1367 His
305 1325 553 1379 praemissis
579 1325 794 1367 malorum
821 1325 1111 1368 enumeranda
1137 1328 1240 1368 sunl:
1265 1327 1477 1381 genera‚2

29 1402 64 1428 20
82 1397 190 1438 quae
229 1382 462 1427 Cnoxnvs
500 1385 545 1426 in
582 1383 931 1427 ORmNA'rossvu
969 1384 1261 1428 GRAECORVM
1292 1395 1434 1426 Lumo

81 1453 267 1493 QVABTO
293 1443 356 1485 ita
382 1443 614 1499 diligensser
638 1446 864 1486 enumerat:
896 1446 1014 1486 sunt
1045 1447 1214 1487 autem
1248 1457 1437 1500 genera

8 1516 11 1517 ⁷
81 1501 346 1544 malorum:
399 1502 695 1544 Amerinum
745 1503 1006 1545 cotonium
1057 1503 1276 1548 eitreum
1326 1516 1437 1545 coc-

83 1561 331 1616 cymelum
365 1561 682 1603 conditiuum
710 1560 952 1617 ἐπιμηλίς
983 1565 1234 1605 musteum
1260 1561 1437 1604 Masti-

83 1634 229 1661 anum
256 1619 603 1663 orbiculassum
631 1622 684 1674 -ξ-
713 1621 1039 1676 ogratianum
1064 1636 1284 1678 praecox
1315 1635 1438 1677 pan-

179 1756 200 1788 5
226 1753 314 1789 Hor.
340 1754 410 1790 sat.
436 1753 470 1788 Il
495 1757 530 1799 4,
556 1753 649 1801 34¹}“1
675 1759 695 1790 8
722 1755 868 1792 Curcul.
895 1758 938 1791 55

182 1881 199 1911 1
226 1877 357 1922 lingua
380 1877 524 1923 sab1n03.
540 1879 577 1913 P
647 1879 848 1915 terrentms
869 1881 905 1925 (ο
924 1880 1073 1925 scripsit
1099 1879 1138 1915 b.-
1161 1879 1239 1915 m'd.
1265 1880 1380 1923 fuisse
1397 1882 1436 1925 u)

83 1925 119 1959 Β
238 1928 262 1959 4
291 1925 465 1961 mcedere
490 1926 527 1960 B
647 1930 668 1961 6
700 1926 861 1972 appositi
893 1927 932 1963 P
1048 1927 1132 1962 runt
1162 1927 1342 1963 nuculeol'
1368 1929 1439 1973 (ita

83 1972 196 2015 fuisse
226 1972 387 2017 uidetur)
418 1973 573 2009 euanuit
601 1974 644 2009 in
673 1973 711 2008 Β
811 1974 993 2010 nuculeos
1017 1974 1055 2010 P
1159 1979 1178 2010 7
1209 1974 1366 2019 plautus
1393 1996 1437 2002 -

85 2021 107 2055 8
136 2029 269 2054 nucem
300 2019 368 2055 del.
401 2019 612 2056 Gronouius
734 2025 754 2057 7
786 2021 987 2057 attellana
1017 2034 1083 2067 qui
1114 2032 1133 2057 e
1164 2032 1258 2057 nuce
1289 2022 1445 2058 nucleos

84 2066 189 2102 dedit
231 2065 388 2102 Plautus
424 2079 464 2103 1n
507 2067 710 2104 cistellana
753 2080 818 2113 qu1
855 2080 875 2104 e
906 2080 997 2112 nuc,
1041 2070 1170 2105 deinde
1207 2074 1440 2106 euanuerwnt

86 2117 130 2149 15
154 2113 230 2156 fere
254 2114 407 2157 litterae,
430 2118 510 2151 tum
527 2119 698 2152 secuntur
721 2116 871 2162 frangat
895 2127 1027 2153 nucem
1052 2118 1095 2152 in
1118 2116 1155 2151 B
1282 2120 1304 2152 8
1323 2128 1439 2152 nucu-

83 2159 166 2196 leof
206 2161 242 2195 P
372 2162 416 2196 10
459 2161 514 2197 est
554 2163 708 2199 euanuit
749 2164 792 2199 in
830 2164 868 2199 Β
997 2168 1039 2200 16
1078 2163 1210 2199 Sueius
1247 2163 1441 2201 Lum'anus

87 2207 292 2244 Muellerus
328 2209 427 2245 Mus.
465 2209 582 2246 Rhea.
621 2213 734 2254 1869,
771 2213 862 2247 553.-
899 2211 1022 2246 I'ueml'
1054 2212 1099 2256 P,
1137 2222 1223 2247 cum
1261 2211 1342 2247 ems
1374 2216 1440 2247 aut

85 2255 250 2291 tumomr
268 2256 304 2290 Β
418 2259 463 2291 21
488 2259 621 2302 quarto
634 2268 658 2294 *
674 2258 677 2299 Ι
695 2257 733 2293 Ρ
835 2262 880 2294 22
908 2261 1074 2294 amennfi
1088 2259 1131 2305 *Ι
1151 2258 1187 2294 Ρ
1309 2270 1440 2305 coccy-

86 2302 203 2338 mehfi
227 2303 265 2338 P
333 2307 380 2339 24
402 2314 611 2348 panuceum
636 2302 686 2340 B'
