1526 2444
651 67 687 103 V
712 70 827 104 5—12
1328 65 1418 108 425

127 180 351 234 πτόρθους
381 175 576 227 ἁπαλοὺς
607 174 964 232 ἀποτρώγουσαι,
1004 173 1077 217 καὶ
1107 175 1216 230 πρὸς
1246 175 1418 225 τούτοις

990 234 1264 289 τιθύμαλλον

127 296 306 338 κύτισόν
350 292 387 336 τ’
437 291 517 348 ἠδὲ
567 294 738 350 σφάκον
788 293 933 350 εὐώδη
983 292 1055 335 καὶ
1106 295 1292 348 σμίλακα
1335 294 1416 348 τὴν

988 353 1298 407 πολύφυλλον,

33 429 50 456 5
129 414 305 456 κότινον
341 419 494 468 σχῖνον
526 413 680 467 μελίαν
711 412 899 466 πεύκην,
937 410 1066 453 ἁλίαν
1099 412 1233 466 δρῦν,
1269 412 1416 454 κιττὸν

991 486 1141 526 ερικην

128 532 356 587 πρόμαλον
394 529 564 586 ῥάμνον
602 531 777 585 φλόμον
808 528 1049 585 ἀνθερικὸν
1079 530 1240 572 κισθὸν
1271 531 1418 584 φηγὸν

993 589 1115 644 θύμα
1145 589 1368 645 θύμβραν.

69 660 293 702 uideturne
349 660 475 702 uobis
531 659 724 702 ciborum
779 659 865 700 ista
921 659 1175 714 simplicitas
1224 659 1300 701 ubi
1348 662 1416 702 tot

17 736 51 763 10
70 721 376 762 enumerantur
405 719 475 760 uel
508 719 685 760 arbusta
718 718 784 759 uel
815 717 993 759 frutices
1025 732 1113 760 non
1144 717 1286 759 minus
1313 732 1414 761 suco

70 778 239 820 diuersa
288 792 417 833 quam
465 777 669 819 nomine?
745 776 859 831 quod
909 778 1053 818 autem
1103 790 1192 819 non
1242 776 1413 819 facilius
1433 776 1489 817 10

69 837 232 880 morbis
275 836 472 878 homines
512 850 640 891 quam
677 835 859 890 pecudes
898 836 1180 890 occupentur,
1223 835 1414 878 Homero

69 898 179 938 teste
211 898 436 937 contentus
468 909 575 948 sum,
607 894 680 949 qui
712 894 1005 949 pestilentiam
1036 894 1170 937 refert
1195 909 1220 937 a
1244 895 1415 949 pecudi-

68 955 149 997 bus
180 954 441 1009 inchoatam,
472 953 641 1008 quando
667 953 855 1006 morbus,
888 956 1119 1008 antequam
1144 954 1191 995 in
1216 954 1414 997 homines

16 1029 50 1057 15
68 1015 218 1069 posset
241 1014 448 1068 inrepere,
471 1012 642 1055 facilius
669 1012 806 1067 captis
832 1012 1059 1068 pecoribus
1079 1013 1290 1055 incubuit.
1341 1013 1414 1055 sed
1433 1012 1483 1054 11

69 1075 112 1115 et
137 1074 300 1127 quanta
326 1073 383 1114 sit
407 1073 539 1114 mutis
560 1071 820 1114 animalibus
839 1071 1067 1114 infirmitas
1087 1073 1202 1114 uitae
1221 1072 1413 1115 breuitas

67 1131 225 1174 indicio
264 1133 342 1173 est.
403 1131 516 1186 quod
554 1131 668 1173 enim
705 1145 871 1186 eorum,
909 1130 1064 1186 quibus
1095 1131 1256 1174 notitia
1286 1131 1413 1174 nobis

13 1242 18 1247 .
68 1191 114 1232 in
162 1205 243 1232 usu
292 1192 376 1241 est,
424 1191 572 1244 potest
621 1204 755 1232 annos
803 1189 993 1232 hominis
1045 1190 1256 1245 aequare?
1328 1191 1415 1233 nisi

67 1263 263 1291 recurras
294 1248 409 1291 forte
441 1249 494 1290 ad
526 1263 588 1304 ea,
618 1263 726 1303 quae
758 1249 809 1291 de
841 1250 981 1291 coruis
1014 1251 1143 1304 atque
1171 1250 1413 1292 cornicibus

14 1324 50 1352 20
68 1307 267 1350 fabulosa
304 1307 522 1362 dicuntur,
558 1322 666 1362 quos
703 1310 850 1350 tamen
885 1308 1080 1350 uidemus
1119 1308 1319 1351 omnibus
1350 1309 1415 1350 in-

68 1367 188 1409 hiare
243 1366 525 1409 cadaueribus
577 1366 874 1422 uniuersisque
926 1366 1158 1409 seminibus
1207 1367 1416 1423 insidiari,

67 1425 231 1469 fructus
264 1426 467 1468 arborum
500 1427 710 1480 persequi.
765 1439 865 1468 nam
897 1439 986 1467 non
1017 1426 1158 1468 minus
1191 1426 1414 1469 edacitatis

67 1485 243 1540 habent,
274 1499 402 1540 quam
435 1484 486 1526 de
517 1485 809 1540 longaeuitate
836 1499 983 1527 eorum
1010 1485 1154 1540 opinio
1180 1485 1414 1528 fabulatur.

0 1576 1 1585 2
68 1543 320 1598 secundum,
369 1545 406 1586 si
448 1544 558 1586 bene
600 1543 819 1598 recordor,
862 1544 1106 1599 exemplum
1149 1548 1233 1596 est,
1278 1544 1414 1587 solere
1431 1545 1487 1587 12

14 1617 49 1646 ¹5
68 1603 255 1646 medicos
287 1603 429 1659 aegris
462 1602 701 1658 simplicem
733 1603 877 1645 cibum
909 1602 1079 1659 offerre,
1115 1617 1203 1646 non
1233 1604 1415 1658 uarium,

68 1676 166 1705 cum
214 1661 328 1704 hunc
372 1662 581 1716 offeratis,
630 1664 679 1704 ut
722 1662 895 1717 opinor,
944 1675 1032 1703 non
1076 1662 1200 1717 quasi
1245 1662 1416 1718 digestu

66 1719 320 1772 faciliorem,
357 1721 432 1763 sed
468 1721 592 1777 quasi
628 1721 772 1763 minus
810 1720 1114 1776 adpetendum,
1151 1723 1200 1763 ut
1236 1721 1416 1764 horrore

0 1831 1 1834 Ἴ
66 1779 295 1822 uniformis
340 1780 570 1823 alimoniae
614 1780 765 1822 edendi
808 1780 1063 1822 desiderium
1105 1780 1414 1836 languesceret,

67 1839 191 1894 quasi
221 1838 369 1881 multis
402 1839 717 1894 concoquendis
747 1853 824 1894 per
855 1839 1155 1881 infirmitatem
1185 1853 1272 1882 non
1298 1840 1414 1882 suffi-

4 1903 51 1940 *ιο
69 1898 207 1940 ciente
237 1899 406 1940 natura.
467 1898 565 1940 ideo
598 1898 730 1953 siquis
763 1898 1104 1952 aegrescentium
1135 1899 1204 1940 uel
1235 1899 1287 1941 de
1317 1899 1414 1954 ipso

6 1997 8 2011 ÷
69 1956 254 2012 simplici
280 1956 463 2012 amplius
491 1957 680 2012 adpetat,
712 1956 949 1999 subducitis
976 1956 1114 2000 adhuc
1140 1957 1414 2000 desideranti.

7 2053 9 2062 ᾗ
66 2015 162 2057 ideo
205 2015 331 2057 uobis
376 2018 618 2058 commento
661 2016 740 2058 tali
783 2030 871 2059 non
916 2016 1103 2072 qualitas
1150 2016 1223 2058 sed
1261 2017 1414 2060 modus

164 2136 182 2166 1
208 2131 457 2167 ΠΤΟΡΟΟΥΕ
475 2131 512 2166 Ρ
605 2133 632 2166 Δ
647 2151 655 2159 ·
668 2132 1007 2178 ΠΟΥΡΟΟΓΟΙΥΕΔΙ
1022 2132 1059 2167 Ρ
1151 2133 1299 2168 τούτοις
1315 2134 1414 2168 τιθύ-

67 2182 204 2222 μαλλον
229 2179 429 2224 Berykius:
447 2179 683 2214 ΤΟΥΤΟΙΕΙΝ
711 2179 942 2215 ΕΓΑΛΛΟΗΝ
972 2179 1010 2214 Ρ
1078 2183 1099 2213 3
1123 2180 1233 2215 ΦΛΕ·
1251 2180 1254 2225 Ι
1274 2181 1360 2215 ΚΟΝ
1381 2180 1420 2214 P

10 2224 13 2272 ζ
68 2229 91 2260 4
113 2227 414 2262 ΠΟΛΥΦΥΜΟΝ
441 2226 478 2260 Ρ
547 2228 568 2260 5
593 2227 704 2261 ἐλάαν
730 2227 920 2262 Bentleius
942 2227 1043 2262 Μαε.
1064 2226 1180 2262 Rhen.
1202 2229 1313 2271 1881,
1337 2230 1414 2263 326

70 2275 90 2307 '7
117 2273 325 2309 -ΘΕΡΙΚΟΝ
342 2293 348 2299 -
367 2273 520 2308 ΚΙΕΕΟΝ
536 2291 544 2299 ·
576 2273 613 2308 P
731 2277 773 2309 15
807 2284 968 2318 mripere
1000 2274 1038 2308 P
1156 2278 1200 2309 16
1226 2273 1357 2309 multis
1380 2273 1419 2308 P

69 2323 113 2355 18
139 2320 194 2356 eft
217 2331 284 2357 om.
311 2320 348 2354 P
415 2323 459 2355 31
486 2319 634 2365 appaat
661 2321 697 2356 P
778 2324 822 2356 32
848 2320 950 2367 ideo]
971 2320 1000 2364 f3
1021 2321 1114 2357 adeo
1137 2322 1142 2366 Ι
1167 2322 1203 2356 Ρ

12 2353 16 2394 l

14 2401 18 2444 l
