1526 2444
163 75 249 116 340
669 75 769 112 SAT.
795 77 924 112 LIBRI
946 77 979 112 V

163 182 267 223 satis
299 184 466 223 constat
497 183 660 224 seilicet
690 183 743 224 ob
775 183 994 225 humorem
1027 185 1117 226 soli.
1165 185 1274 226 unde
1305 188 1348 227 et
1378 185 1482 228 Ver-

161 240 289 294 gilius
328 240 373 280 in
414 254 541 293 supra
573 240 697 283 dietis
727 242 920 283 uersibus
952 257 1047 284 eum
1077 243 1252 284 dixisset
1282 243 1482 286 humida

163 297 413 350 solstitia,
454 299 601 339 intulit
643 298 782 340 nullo
826 302 1024 341 tantum
1062 314 1111 341 se
1148 300 1309 355 Mysia
1345 302 1481 343 eultu

160 355 341 408 iactat,
362 358 487 410 atque
503 356 661 397 diceret
674 357 833 398 omnis
847 358 1007 411 regio,
1027 372 1151 412 quae
1165 361 1480 413 opportunos

160 412 400 454 habuerit
447 413 679 455 humores
729 415 1088 468 aequiperabit
1135 416 1478 459 fecunditates
1516 434 1526 458 ε

94 471 146 511 11
164 484 395 511 aruorum
420 470 626 525 Mysiae.
671 472 742 513 sed
767 470 978 514 Homerus
1004 486 1097 514 eum
1124 473 1184 514 ait
1201 471 1327 528 Ἴδην
1350 477 1483 516 πολυ-

162 528 337 581 πίδακα,
367 529 589 570 humidum
620 529 816 583 designat
847 530 1132 572 subiacentem
1161 533 1297 573 monti
1322 546 1482 587 agrum.

162 600 263 626 nam
287 587 562 628 πολυπίδακα
588 587 798 642 signifieat
821 587 1011 629 fontibus
1031 588 1328 631 abundantem.
1373 590 1482 632 unde

162 644 267 685 haee
316 644 508 698 Gargara
557 647 678 686 tanta
726 645 895 700 frugum
944 646 1065 699 eopia
1114 650 1251 698 erant,
1297 650 1362 701 ut,
1411 649 1482 702 qui

165 715 367 756 magnum
399 703 600 757 cuiusque
631 703 693 744 rei
723 717 944 744 numerum
974 704 1103 744 uellet
1133 705 1376 759 exprimere,
1406 720 1482 759 pro

98 759 150 800 12
165 759 437 802 multitudine
472 761 667 802 inmensa
705 759 896 815 Gargara
933 761 1183 802 nominaret.
1243 762 1364 804 testis
1394 763 1483 804 AL-

163 829 323 870 CAEVS,
354 818 426 871 qui
456 818 500 858 in
530 819 935 875 κωμῳδοτραγῳδίᾳ
966 819 1024 860 sie
1056 819 1116 860 ait

222 898 460 953 ἐτύγχανον
491 896 570 951 μὲν
601 898 1050 958 ἀγρόθενκπλείστους
1080 898 1227 954 φέρων

220 957 282 1004 εἰς
311 957 391 1009 τὴν
423 954 577 1010 ἑορτὴν
609 956 742 997 ὅσσον
774 958 868 998 οἷον
899 961 1046 998 εἴκοσι.

222 1014 308 1069 ὁρῶ
344 1012 382 1055 δ’
413 1014 588 1055 ἄνωθεν
620 1011 808 1069 Γάργαρ’
839 1013 1086 1069 ἀνθρώπων
1116 1016 1271 1071 κύκλῳ.

163 1093 410 1149 Gargara,
451 1098 499 1136 ut
541 1095 714 1148 uidetis,
756 1095 977 1136 manifeste
1020 1095 1162 1148 posuit
1202 1110 1277 1149 pro
1316 1097 1482 1138 multi-

161 1152 348 1194 tudine.
407 1167 485 1194 nee
517 1153 640 1194 aliter
671 1153 962 1193 Aristomenes
995 1152 1043 1194 ἐν
1072 1155 1264 1206 Βοηθοΐς

278 1234 408 1274 ἔνδον
439 1234 521 1286 γὰρ
552 1233 657 1287 ἡμῖν
686 1232 804 1274 ἐστιν
835 1232 1010 1288 ἀνδρῶν
1040 1235 1082 1274 Γ
1079 1234 1255 1289 άργαρα.

96 1313 150 1354 13
166 1311 522 1355 ARISTOPHANES
566 1315 706 1355 autem
750 1314 931 1355 comicus
971 1315 1191 1368 conposito
1226 1316 1395 1358 nomine
1432 1331 1481 1358 ex

1503 722 1526 745 l(

1503 1029 1526 1055 it

163 1371 323 1412 harena
353 1375 396 1412 et
427 1370 630 1426 Gargaris
662 1371 1024 1425 innumerabilem,
1058 1375 1106 1413 ut
1136 1373 1224 1414 eius
1255 1373 1373 1427 lepos
1405 1378 1480 1429 est,
1499 1387 1526 1413 2<

163 1443 383 1470 numerum
422 1433 601 1470 conatur
636 1429 879 1483 exprimere.
938 1430 984 1470 in
1021 1429 1166 1471 fabula
1195 1431 1306 1472 enim
1334 1430 1480 1488 Ἀχαρ-

159 1492 310 1528 νεῦσιν
342 1487 402 1528 ait

277 1563 347 1608 ἅδ’
377 1567 615 1622 ὠδυνήθην
644 1567 1129 1623 ψαμμακοσιογάργαρα.

160 1649 439 1702 ψαμμακόσια
471 1651 612 1690 autem
643 1662 834 1689 seorsum
864 1662 940 1702 pro
968 1649 1141 1690 multis
1167 1643 1337 1692 VARRO*
1355 1665 1479 1706 saepe

160 1706 205 1746 in
241 1705 496 1748 MENIPPEIS
541 1707 628 1747 suis
670 1706 830 1760 posuit,
874 1706 945 1747 sed
983 1706 1292 1761 Aristophanes
1329 1699 1526 1751 adiecitzi

255 1828 298 1859 13
329 1825 503 1860 Meinekii
535 1826 665 1870 fragm.
698 1835 790 1860 eom.
820 1824 870 1869 H,
902 1828 922 1859 2
953 1836 989 1869 p.
1020 1828 1088 1860 830
1209 1817 1251 1862 1‘8
1272 1827 1321 1862 ib.
1352 1839 1385 1872 p.
1414 1832 1479 1863 730
1524 1827 1526 1838 ⁵

160 1874 204 1905 23
230 1870 417 1916 Aristoph.
443 1872 600 1908 Aeharn.
626 1875 647 1905 3
720 1875 765 1907 24
791 1873 857 1906 sat.
882 1871 1010 1913 fragm.
1037 1871 1093 1906 ed.
1119 1871 1226 1907 Riese
1250 1884 1284 1917 p.
1311 1877 1378 1908 293

256 1985 273 2014 1
300 1984 382 2016 ante
406 1980 480 2015 loci
504 1982 655 2017 deletum
684 1981 750 2016 soh
774 1982 815 2016 in
839 1981 876 2015 P
966 1983 986 2014 3
1011 1980 1115 2015 misia
1140 1982 1177 2015 P
1268 1986 1289 2016 4
1315 1983 1425 2027 atque
1449 1984 1479 2018 si
1519 1970 1526 2041 ἰ

161 2026 269 2061 editio
303 2027 521 2071 Gryphiana
622 2031 642 2062 5
673 2026 911 2062 fecunditatis
938 2027 1056 2071 arlbm,
1080 2027 1181 2074 misie
1212 2028 1249 2062 P
1345 2033 1365 2064 6
1395 2034 1429 2065 et
1459 2033 1479 2064 8

159 2073 467 2108 ΠΟΛΙΠΙΑΔΑΚΑ
502 2073 539 2106 Ρ
608 2077 629 2108 8
647 2073 839 2108 frondibus
859 2072 1215 2109 habundante-inde
1241 2074 1277 2109 P
1345 2079 1386 2110 11
1413 2087 1478 2110 iin-

160 2118 283 2153 mensa
308 2119 345 2153 P
457 2123 497 2153 12
523 2120 866 2165 κωμῳδοτραγῳδίᾳ
890 2118 1104 2154 Fabricius:
1137 2119 1421 2166 eedotragoedia
1446 2122 1483 2156 P
1507 2126 1518 2162 2,

162 2168 206 2199 13
231 2166 434 2200 ΔΤΡΟΘΕΝ
463 2166 500 2199 Ρ
586 2166 710 2200 ΦΕΡΟ]
736 2167 773 2201 Ρ
854 2169 896 2200 15
923 2165 1108 2200 ΓΑΡΓΑΡΑ
1134 2166 1171 2200 Ρ
1252 2170 1292 2201 17
1319 2167 1372 2202 ΕΝ
1398 2168 1475 2214 ΜΥΙ

162 2222 261 2256 οοιε
279 2222 315 2256 Ρ
385 2226 427 2258 18
448 2215 565 2259 εΝΛδ
579 2224 625 2268 Ρ,
643 2235 703 2259 em.
717 2225 826 2270 uuzyo
898 2227 940 2258 21
956 2221 1192 2258 achameurm
1205 2223 1241 2259 P
1308 2227 1352 2258 23
1366 2225 1479 2260 ψΑΜ-

163 2269 365 2304 ΜΔΚΟΙΕΙΑ
390 2269 435 2314 P,
460 2281 524 2305 em.
549 2281 592 2306 ex
616 2271 859 2315 Aristophane
877 2271 986 2313 uulyo

1483 2314 1515 2444 ἕ

1520 1853 1525 1881 J

1516 2177 1518 2185 ι

1502 2212 1512 2219 ι.
