1526 2444
493 56 597 94 XVII
622 60 762 93 12—18
799 55 919 91 XVIII
947 59 964 90 1
1318 53 1406 95 213

53 168 282 224 sponsione
331 165 604 222 prouocauit,
653 165 868 208 insumere
920 178 964 206 se
1012 177 1140 218 posse
1183 162 1228 205 in
1274 177 1405 205 unam

52 242 201 270 cenam
243 226 490 268 sestertium
528 225 702 267 centies.
762 224 805 266 id
837 223 995 266 mirum
1027 222 1220 265 Antonio
1251 222 1405 277 uisum,
1424 222 1477 265 16

52 301 128 329 nec
165 287 359 328 moratus
392 284 624 340 sponsione
657 282 897 338 contendit,
938 281 1092 334 dignus
1125 281 1274 324 sculna
1304 280 1407 324 Mu-

0 343 3 346 ’
52 345 194 388 natio
235 343 444 395 Planco,
487 344 562 398 qui
604 345 696 385 tam
739 341 912 385 honesti
956 341 1201 384 certaminis
1246 340 1407 384 arbiter

17 421 34 447 5
54 404 216 447 electus
254 406 330 445 est.
392 403 528 445 altera
566 401 633 444 die
674 400 906 457 Cleopatra
942 402 1236 457 pertemptans
1270 399 1408 443 Anto-

53 463 173 505 nium
199 462 498 517 pollucibilem
525 475 629 504 sane
656 475 806 504 cenam
837 461 1021 516 parauit,
1055 459 1128 503 sed
1161 474 1291 515 quain
1321 474 1410 502 non

54 523 282 564 miraretur
314 522 550 575 Antonius,
582 521 740 575 quippe
772 521 846 575 qui
878 520 1039 574 omnia,
1080 533 1190 574 quae
1221 533 1409 574 appone-

54 582 229 635 bantur,
266 595 318 623 ex
350 580 577 623 cotidianis
610 580 764 634 opibus
797 580 1063 635 agnosceret.
1123 581 1226 620 tunc
1257 578 1476 634 reginas?

55 639 255 682 adridens
299 640 443 681 fialam
487 638 705 694 poposcit,
749 639 816 680 cui
860 638 973 680 aceti
1016 651 1104 679 non
1145 636 1255 678 nihil
1298 637 1408 679 acris

2 715 38 742 ιο
56 698 214 741 infudit
251 700 380 754 atque
416 698 518 740 illuc
556 697 756 740 unionem
796 697 1016 752 demptum
1056 710 1107 738 ex
1139 710 1240 737 aure
1274 697 1411 738 altera

56 758 362 800 festinabunda
399 757 572 799 demisit
608 769 788 810 eumque
825 757 994 797 mature
1025 754 1303 810 dissolutum,
1344 755 1410 797 uti

56 819 211 859 natura
236 819 302 859 est
328 817 418 858 eius
442 815 612 870 lapidis,
642 814 879 869 absorbuit,
911 816 954 856 et
980 813 1177 870 quamuis
1210 829 1261 856 eo
1293 813 1408 857 facto

59 876 287 930 sponsione
314 874 504 927 uicisset,
534 875 693 930 quippe
725 888 820 916 cum
852 874 946 929 ipsa
977 874 1216 929 margarita
1248 874 1408 916 centies

58 934 303 976 sestertium
336 934 430 976 sine
463 934 737 976 contentione
769 933 1016 987 eualuisset,
1058 947 1232 975 manum
1263 937 1410 975 tamen

3 1008 40 1036 15
59 996 102 1035 et
140 993 194 1035 ad
231 993 410 1035 alterius
448 993 651 1035 unionem
688 992 803 1035 auris
842 992 1040 1034 similiter
1072 991 1284 1046 admouit,
1324 992 1411 1034 nisi

57 1051 276 1095 Munatius
312 1051 494 1094 Plancus
534 1051 659 1094 iudex
701 1051 998 1094 seuerissimus
1037 1054 1286 1106 superatum
1324 1051 1410 1093 An-

56 1111 224 1154 tonium
247 1114 425 1154 'mature
456 1111 790 1166 pronuntiasset.
850 1111 943 1167 ipse
973 1113 1121 1153 autem
1153 1111 1255 1152 unio
1287 1111 1409 1153 cuius

0 1183 3 1188 ·
57 1170 190 1212 fuerit
237 1170 548 1226 magnitudinis
597 1169 694 1212 inde
738 1170 883 1226 colligi
927 1170 1105 1225 poterit,
1154 1169 1287 1226 quod,
1338 1171 1411 1225 qui

59 1229 282 1284 superfuit,
306 1231 459 1284 postea
478 1229 594 1272 uicta
612 1229 763 1285 regina
788 1231 831 1271 et
856 1233 983 1285 capta
1003 1230 1205 1285 Aegypto
1224 1228 1412 1271 Romam

4 1303 40 1330 ιο
59 1288 225 1331 delatus
267 1288 562 1344 dissectusque
600 1291 666 1330 est
702 1291 746 1330 et
781 1288 921 1331 factae
961 1303 1012 1331 ex
1050 1303 1135 1330 una
1173 1288 1412 1343 margarita

0 1374 4 1377 -
59 1348 166 1390 duae
203 1347 500 1403 inpositaeque
538 1347 770 1390 simulacro
801 1347 984 1390 Veneris
1023 1350 1072 1389 ut
1110 1350 1411 1390 monstruosae

59 1406 372 1462 magnitudinis
403 1405 449 1448 in
479 1407 654 1461 templo,
687 1406 800 1461 quod
835 1405 1079 1449 Pantheum
1112 1405 1298 1449 dicitur.³

178 1465 330 1507 Adhuc
351 1465 516 1508 dicente
531 1464 659 1507 Furio
677 1465 886 1508 secundae
901 1479 1074 1508 mensae
1089 1466 1227 1507 inlata
1241 1464 1483 1509 bel-XVIII

59 1524 168 1566 laria
193 1539 306 1566 nouo
334 1524 520 1566 sermoni
550 1525 810 1580 principium
842 1525 1063 1568 dederunt.
1125 1524 1408 1580 Symmachus

6 1597 43 1625 2⁵
63 1583 177 1625 enim
217 1583 461 1626 adtrectans
502 1597 631 1625 manu
671 1598 798 1626 nuces
842 1583 1041 1626 ‘uellem'
1081 1584 1226 1640 inquit
1264 1583 1338 1626 ‘ex
1368 1587 1412 1627 te

60 1642 223 1698 audire,
261 1640 399 1694 Serui,
435 1645 561 1685 tanta
595 1643 779 1685 nucibus
817 1643 995 1685 nomina
1031 1658 1140 1699 quae
1181 1658 1311 1686 causa
1342 1644 1413 1686 uel

0 1729 2 1732 >
61 1701 182 1756 origo
223 1702 457 1744 uariauerit
497 1706 588 1757 aut,
631 1702 760 1757 unde,
804 1704 873 1744 tot
913 1703 1029 1744 mala
1069 1717 1166 1745 cum
1206 1703 1288 1745 hac
1328 1717 1415 1745 una

61 1760 352 1815 appellatione
389 1761 650 1815 uocitentur,
690 1762 800 1803 fiunt
838 1764 985 1804 tamen
1017 1776 1209 1805 seorsum
1242 1761 1414 1804 diuersa

60 1821 151 1861 tam
196 1820 407 1862 uocabulo
453 1834 581 1875 quam
625 1834 791 1875 sapore.
878 1835 928 1863 ac
970 1821 1090 1876 prius
1136 1820 1188 1863 de
1231 1821 1414 1863 nucibus

155 1939 175 1971 2
203 1941 295 1983 cena
313 1946 442 1972 *20:202*
461 1936 499 1971 P
575 1936 749 1972 sestercisi
774 1936 852 1972 BP
928 1941 949 1973 3
975 1948 1148 1973 munacio
1174 1938 1219 1983 P,
1244 1938 1413 1973 manutio

0 2003 1 2006 ,
352 1991 375 2009 n

0 2014 1 2039 l
60 2014 106 2052 B'
181 2020 202 2052 ὃ
226 2018 380 2064 pteptal'
399 2019 437 2053 P
505 2024 525 2054 6
552 2024 645 2075 cena
673 2019 710 2054 P
779 2022 906 2065 paruit
929 2018 976 2055 B'
1052 2024 1073 2056 8
1099 2021 1352 2077 ****opib;
1379 2020 1418 2055 P

61 2068 82 2100 9
108 2064 283 2100 adridens
302 2077 431 2112 regina
457 2066 501 2111 P,
526 2066 656 2103 demde
680 2066 801 2102 filiam
828 2067 865 2102 Β
962 2070 1007 2102 10
1033 2068 1201 2104 demtum
1227 2068 1264 2103 B
1369 2071 1411 2103 13

61 2111 298 2157 sponsionem
323 2113 343 2149 b
433 2113 558 2149 mass&
581 2113 629 2149 B'
724 2117 766 2149 15
794 2115 952 2150 ulterius
971 2114 1019 2150 B'
1112 2115 1264 2151 unionis
1283 2125 1413 2151 aurem

25 2184 27 2186 -
60 2159 149 2204 BP,
172 2170 235 2195 em.
265 2159 477 2197 Gronovius
548 2162 744 2197 admonuit
763 2162 801 2197 B
874 2165 919 2197 16
944 2163 1143 2199 munacius
1159 2163 1195 2198 P
1265 2162 1413 2208 supera-

60 2207 141 2242 tum
166 2227 212 2233 —
236 2206 463 2255 pumtiass&
487 2209 572 2245 add.
602 2209 666 2243 Pm
749 2212 790 2244 17
817 2220 905 2245 unio
931 2220 996 2246 om.
1023 2210 1061 2245 P
1133 2213 1177 2246 18
1202 2211 1353 2255 poterat
1377 2209 1414 2244 B

63 2256 107 2289 19
132 2256 262 2302 egipto
290 2255 327 2290 P
409 2259 453 2291 20
480 2255 680 2301 desectusq.
707 2256 743 2291 P
825 2259 868 2292 21
895 2258 1104 2306 impositeq.
1128 2258 1167 2293 B
1251 2261 1295 2293 22
1320 2267 1413 2302 pan-

61 2301 177 2337 theon
203 2302 224 2338 b
297 2305 343 2337 24
367 2313 456 2338 noui
481 2301 527 2338 B'
601 2303 828 2339 simmachus
847 2304 884 2339 Β
