1526 2444
624 61 729 97 VIIII
754 63 871 96 5-15
1324 59 1409 102 441

66 171 323 225 ministrari,
355 184 453 213 cum
485 169 658 212 cerebro
690 184 778 212 non
808 170 949 213 inesse
981 184 1152 213 sensum
1183 169 1276 225 ipse
1308 169 1414 212 fate-

67 231 182 274 aris?
248 231 445 285 potestne
488 243 693 271 excusare
734 229 862 271 huius
901 230 1222 272 contrarietatis
1261 244 1412 271 ausum

65 291 135 333 uel
165 290 301 332 uestri
333 289 418 331 oris
450 290 556 331 nota
587 287 892 331 uolubilitas?'

183 348 244 391 Et
269 347 463 390 Disarius
494 347 693 390 renidens
721 346 864 402 eretia,
896 348 1049 403 quibus
1075 361 1143 389 me
1168 348 1411 390 inuolutum
1431 348 1485 390 lO

0 412 3 433 ⁵
31 425 48 451 5
66 411 204 462 tenes,
235 407 365 449 nimis
397 421 495 449 rara
527 411 640 461 sunt,
670 406 800 449 nimis
832 407 1002 462 patula:
1035 421 1131 449 ecce
1162 421 1243 463 me,
1273 407 1414 449 Euan-

67 467 175 523 gele,
207 467 297 508 sine
327 466 427 508 nisu
457 466 556 508 inde
588 469 834 522 exemptum
864 466 1042 508 uidebis.
1094 480 1202 521 opus
1231 469 1412 509 naturae
1431 467 1481 508 11

69 529 147 581 est,
179 528 227 568 ut
258 540 431 568 sensum
464 525 532 567 uel
563 525 746 567 nimium
775 525 888 567 sicca
912 526 981 567 uel
1005 525 1187 567 nimium
1213 526 1415 569 humecta

68 599 156 627 non
199 585 382 638 capiant.
451 598 551 626 ossa
588 585 737 626 dentes
775 598 871 626 cum
908 585 1125 641 unguibus
1164 587 1208 626 et
1245 585 1415 641 capillis

67 644 201 686 nimia
237 644 433 686 siccitate
470 643 534 685 ita
565 643 742 686 denseta
775 646 893 697 sunt,
930 648 979 685 ut
1008 644 1296 698 penetrabilia
1328 659 1415 686 non

14 719 51 746 ιο
68 703 156 745 sint
206 703 373 745 effectui
423 703 608 755 animae,
658 703 732 757 qui
781 716 952 744 sensum
997 703 1231 744 ministrat:
1283 703 1415 758 adeps

68 762 255 804 medulla
301 765 344 803 et
387 762 609 803 cerebrum
650 762 714 802 ita
755 761 801 803 in
842 761 1022 804 humore
1066 765 1194 816 atque
1232 762 1415 804 mollitie

70 824 186 874 sunt,
224 823 274 863 ut
310 820 490 862 eundem
522 820 721 862 effectum
754 820 941 875 animae,
979 834 1106 875 quem
1139 820 1309 863 siccitas
1339 821 1416 863 illa

68 894 154 922 non
202 879 371 934 recipit,
422 879 628 921 mollities
679 879 768 921 ista
814 893 902 922 non
951 882 1110 922 teneat.
1183 880 1280 922 ideo
1324 883 1416 923 tam
1434 880 1487 922 12

69 939 270 981 dentibus
320 938 538 992 unguibus
588 938 757 980 ossibus
808 941 851 980 et
900 938 1068 993 capillis
1119 953 1248 994 quam
1299 939 1417 995 adipi

4 1007 50 1041 '15
70 998 267 1040 medullis
300 999 343 1039 et
373 997 547 1039 cerebro
574 1011 724 1039 sensus
749 998 891 1040 inesse
915 1012 1004 1040 non
1030 999 1183 1052 potuit.
1236 1001 1282 1040 et
1306 999 1417 1040 sicut

70 1057 204 1100 sectio
242 1056 496 1111 capillorum
532 1055 643 1098 nihil
681 1056 841 1100 doloris
872 1057 1049 1113 ingerit,
1085 1058 1149 1100 ita
1180 1057 1217 1099 si
1249 1060 1417 1101 secetur

70 1117 140 1158 uel
176 1116 280 1158 dens
311 1116 380 1157 uel
411 1130 459 1158 os
493 1130 568 1157 seu
599 1115 730 1171 adeps
763 1131 838 1159 seu
870 1117 1091 1159 cerebrum
1117 1131 1192 1158 seu
1217 1117 1418 1169 medulla,

71 1175 211 1218 aberit
253 1175 393 1217 omnis
431 1188 583 1217 sensus
624 1174 794 1217 doloris.
863 1177 938 1218 sed
976 1175 1191 1230 uidemus,
1234 1176 1487 1232 inquies‚13

70 1234 300 1277 tormentis
333 1233 469 1287 adfici,
502 1234 658 1288 quibus
689 1236 890 1277 secantur
920 1249 1030 1289 ossa,
1060 1236 1255 1290 torqueri
1279 1235 1418 1278 homi-

17 1308 55 1335 20
70 1308 146 1336 nes
177 1296 221 1335 et
246 1292 392 1335 dolore
417 1293 621 1335 dentium.
675 1293 758 1335 hoc
782 1308 933 1336 uerum
959 1308 1052 1336 esse
1079 1295 1175 1349 quis
1202 1295 1416 1350 abneget?

72 1352 145 1396 sed
175 1355 226 1394 ut
256 1366 305 1394 os
335 1354 513 1406 secetur,
545 1354 778 1408 omentum,
810 1353 922 1407 quod
948 1353 1200 1408 impositum
1227 1356 1292 1395 est
1318 1355 1419 1409 ossi,

71 1412 324 1466 cruciatum,
374 1411 474 1452 dum
518 1411 753 1453 sectionem
796 1413 974 1467 patitur,
1017 1413 1235 1466 importat.
1305 1413 1418 1468 quod

71 1485 168 1513 cum
200 1470 354 1512 medici
383 1484 536 1512 manus
561 1471 733 1524 transit,
764 1484 812 1512 os
839 1471 926 1513 iam
953 1485 1048 1513 cum
1073 1472 1261 1514 medulla
1287 1486 1418 1527 quam

4 1530 8 1534 “
72 1530 264 1572 continet
299 1529 431 1571 habet
466 1529 752 1571 indolentiam
786 1531 991 1573 sectionis
1022 1530 1207 1572 similem
1239 1531 1417 1586 capillo-

15 1602 176 1631 s5rum.
238 1593 282 1630 et
323 1602 419 1630 cum
462 1588 655 1630 dentium
700 1589 822 1631 dolor
860 1593 941 1645 est,
984 1604 1069 1631 non
1108 1604 1155 1631 os
1196 1590 1335 1632 dentis
1372 1590 1418 1632 in

73 1660 201 1690 sensu
239 1649 322 1702 est,
360 1647 433 1689 sed
471 1661 589 1702 caro,
627 1663 735 1703 quae
771 1648 964 1691 continet
996 1649 1178 1691 dentem.
1239 1664 1341 1691 nam
1374 1652 1417 1691 et
1435 1649 1489 1690 14

72 1707 249 1763 unguis,
286 1709 471 1762 quantus
509 1709 630 1749 extra
668 1721 839 1749 carnem
878 1708 1108 1750 crescendo
1146 1708 1291 1764 pergit
1328 1708 1420 1751 sine

74 1780 201 1808 sensu
239 1768 423 1820 secatur,
462 1766 535 1820 qui
572 1766 691 1808 carni
730 1765 934 1809 adhaeret
964 1768 1051 1809 iam
1082 1767 1205 1822 facit,
1241 1768 1278 1810 si
1311 1782 1422 1810 sece-

71 1828 160 1880 tur,
196 1825 390 1867 dolorem
426 1839 514 1867 non
553 1839 630 1867 suo
669 1825 742 1867 sed
775 1826 887 1868 sedis
921 1841 1024 1868 suae
1056 1840 1246 1882 corpore.
1309 1827 1421 1870 sicut

11 1884 273 1940 ωοαΡὶΠιιε,
323 1883 424 1925 dum
471 1885 667 1939 superior
710 1888 895 1939 secatur,
943 1886 1083 1928 nescit
1125 1886 1335 1941 dolorem,
1384 1887 1421 1928 si

73 1943 304 1998 auellatur,
342 1956 516 1984 sensum
557 1943 715 1998 accipit
747 1959 772 1986 a
803 1958 947 1999 carne,
985 1959 1114 2000 quam
1145 1945 1315 1988 deserit.
1378 1949 1421 1988 et

73 2002 313 2057 cerebrum,
357 2001 470 2057 quod
513 2004 632 2045 tactu
670 2003 737 2044 sui
773 2003 994 2045 hominem
1031 2004 1100 2046 uel
1137 2006 1311 2060 torquet
1347 2005 1419 2047 uel

71 2060 320 2116 frequenter
355 2061 586 2116 interimit,
621 2076 708 2104 non
747 2076 824 2105 suo
856 2077 985 2105 sensu
1017 2063 1091 2106 sed
1122 2064 1308 2106 uestitus
1340 2064 1420 2119 sui,

73 2120 117 2162 id
148 2122 214 2162 est
246 2119 420 2174 omenti,
451 2119 564 2162 hunc
589 2121 799 2176 importat
825 2121 1028 2165 dolorem.
1086 2137 1191 2179 ergo
1222 2121 1492 2178 diximus‚15

0 2189 185 2251 {aquae
220 2179 267 2220 in
301 2178 478 2221 homine
517 2180 608 2222 sine
641 2193 768 2222 sensu
807 2181 905 2236 sint,
945 2184 988 2223 et
1025 2196 1133 2236 quae
1170 2182 1253 2225 hoc
1291 2197 1391 2225 caus
1376 2197 1422 2223 a

170 2310 214 2341 14
239 2317 312 2351 qua
337 2317 404 2342 om.
429 2306 467 2341 P
535 2310 582 2342 24
605 2307 747 2343 habent
772 2308 809 2343 P
