1526 2444
127 82 213 123 104
647 83 746 119 SAT.
771 83 900 119 LIBRI
924 83 941 118 1

185 187 371 231 δέσποτα
401 186 647 244 φιλόδαφνε
678 189 839 245 Βάκχε,
870 191 1016 232 Παιὰν
1039 187 1255 234 ’Ἄπολλον
1286 191 1440 248 εὕλυρε
1476 186 1478 189 ’

127 270 181 312 ad
212 270 385 312 eandem
417 270 674 312 sententiam
704 270 941 326 Aeschylus

287 350 309 392 ὁ
342 352 515 401 κισσεὺς
540 349 758 393 Ἀπόλλων
789 351 812 393 ὁ
842 354 1050 407 Βακχεῖος
1081 353 1104 395 ὁ
1136 353 1296 408 μάντις.

90 433 113 472 7
248 430 330 474 Sed
354 432 456 474 licet
479 432 554 474 illo
574 432 691 486 prius
711 432 880 475 adserto
900 434 1079 476 eundem
1099 448 1191 476 esse
1210 435 1451 489 Apollinem
1486 483 1488 485 ,

128 505 177 532 ac
197 490 343 544 solem,
367 490 601 544 edoctoque
622 491 802 544 postea
789 505 926 545 ipsum
946 505 1036 534 esse
1055 492 1257 534 Liberum
1275 495 1452 549 patrem,

129 549 202 603 qui
232 548 389 602 Apollo
427 550 509 603 est,
547 548 667 590 nulla
703 562 753 590 ex
789 548 858 590 his
897 548 1104 591 dubitatio
1141 550 1198 591 sit
1229 549 1367 593 Solem
1404 566 1452 594 ac
1484 548 1489 555 ⁹

127 607 329 648 Liberum
358 608 524 660 patrem
555 605 742 648 eiusdem
765 607 952 648 numinis
978 607 1230 663 habendum,
1262 609 1454 652 absolute

89 664 275 707 Stamen
315 665 398 706 hoc
441 665 704 719 argumentis
747 665 1041 719 liquidioribus
1086 665 1339 709 adstruetur.
1409 667 1455 709 in

129 723 261 765 sacris
296 722 411 765 ‘enim
447 722 552 764 haec
588 722 779 777 religiosi
817 723 959 764 arcani
996 723 1237 766 obseruatio
1276 727 1456 779 tenetur,

128 784 176 822 ut
209 781 284 822 sol
316 795 411 823 cum
443 780 487 822 in
519 794 684 835 supero,
713 780 757 821 id
789 783 853 822 est
882 781 927 822 in
959 781 1109 823 diurno
1134 781 1456 838 hemisphaerio,
1482 786 1491 833 J

129 842 206 893 est,
238 838 426 893 Apollo
457 839 683 880 uocitetur:
715 853 809 881 cum
833 839 880 880 in
904 838 1053 894 infero,
1083 840 1127 880 id
1152 842 1216 882 est
1238 843 1458 895 nocturno,
1487 851 1491 882 1

87 896 113 935 9
129 897 406 951 Dionysus,
432 897 504 950 qui
530 898 595 937 est
612 896 741 937 Liber
765 900 900 950 pater,
923 897 1143 939 habeatur.
1191 898 1293 940 item
1314 897 1458 940 Liberi
1486 919 1487 922 ¹

128 955 264 1010 patris
297 954 525 996 simulacra
554 954 713 1008 partim
750 954 904 1008 puerili
935 957 1076 997 aetate
1107 956 1263 1010 partim
1293 956 1456 998 iuuenis

130 1013 306 1067 fingunt.
366 1014 587 1066 praeterea
618 1012 798 1053 barbata
829 1012 986 1066 specie,
1023 1014 1145 1054 senili
1176 1028 1356 1069 quoque,
1394 1014 1486 1055 uti

130 1069 282 1112 Graeci
314 1070 402 1111 eius
435 1084 560 1124 quem
590 1069 832 1124 Βασσαρέα,
863 1070 965 1111 item
997 1085 1120 1127 quem
1151 1070 1313 1126 Βρισέα
1345 1072 1456 1126 apel-
1474 1085 1487 1119 1

128 1130 232 1183 lant,
263 1131 306 1170 et
335 1130 384 1169 ut
409 1127 454 1168 in
479 1127 714 1181 Campania
738 1127 1015 1183 Neapolitani
1040 1129 1256 1171 celebrant
1274 1128 1457 1184 Ήβωνα

62 1186 116 1226 10
131 1186 496 1241 cognominantes.
560 1185 641 1227 hae
685 1188 827 1227 autem
870 1188 1056 1228 aetatum
1101 1187 1368 1229 diuersitates
1406 1187 1458 1229 ad

131 1246 263 1287 solem
288 1243 543 1297 referuntur,
566 1246 614 1284 ut
631 1244 834 1297 paruulus
853 1243 1048 1286 uideatur
1066 1244 1241 1286 hiemali
1260 1245 1460 1300 solstitio,

130 1303 299 1357 qualem
330 1300 535 1356 Aegyptii
571 1301 795 1355 proferunt
832 1316 882 1343 ex
919 1302 1046 1356 adyto
1079 1302 1146 1344 die
1178 1305 1310 1357 certa,
1347 1303 1458 1358 quod
1487 1307 1489 1309 ’

129 1364 231 1403 tunc
269 1360 522 1402 breuissimo
559 1359 624 1400 die
661 1359 794 1400 ueluti
824 1374 981 1413 paruus
1013 1362 1055 1401 et
1084 1360 1224 1402 infans
1255 1361 1456 1403 uideatur.

131 1418 280 1460 exinde
335 1419 478 1460 autem
526 1417 851 1472 procedentibus
902 1419 1142 1473 augmentis
1191 1419 1455 1474 aequinoctio
1487 1442 1489 1446 Α

131 1476 297 1519 uernali
340 1475 536 1518 similiter
579 1477 704 1530 atque
743 1475 1024 1518 adulescentis
1063 1476 1309 1530 adipiscitur
1347 1477 1456 1520 uires

130 1535 351 1590 figuraque
382 1533 545 1576 iuuenis
578 1535 765 1576 ornatur.
813 1535 962 1588 postea
993 1534 1194 1576 statuitur
1224 1535 1313 1576 eius
1339 1538 1456 1578 aetas

130 1592 380 1648 plenissima
405 1591 545 1647 effigie
563 1591 723 1632 barbae
749 1591 931 1633 solstitio
958 1592 1133 1646 aestiuo,
1159 1607 1241 1647 quo
1266 1595 1456 1647 tempore

132 1665 345 1692 summum
395 1650 461 1690 sui
509 1648 781 1702 consequitur
830 1651 1117 1704 augmentum.
1189 1650 1337 1692 exinde
1380 1665 1455 1706 per

130 1707 433 1750 diminutiones
458 1707 592 1748 ueluti
623 1706 860 1748 senescenti
888 1709 1038 1761 quarta
1061 1707 1200 1749 forma
1224 1708 1326 1750 deus
1352 1709 1456 1765 figu-

228 1820 245 1850 1
271 1815 402 1859 fragm.
433 1817 502 1850 480
539 1814 596 1849 ed.
627 1813 758 1849 Nauck
878 1818 898 1849 3
929 1813 1102 1860 Aeschyli
1137 1814 1269 1860 fragm.
1301 1819 1369 1851 358
1401 1804 1481 1852 eds

129 1862 318 1897 Hermann

225 1964 243 1994 1
272 1960 381 1995 ΒΔΧΕ
409 1959 447 1994 P
540 1960 664 1994 ΒΑΙΔΝ
691 1959 727 1993 Β
817 1960 1042 1995 ΑΠΟΛΛωΝ
1068 1959 1150 1994 BP
1227 1963 1247 1994 2
1274 1959 1405 2006 escilus
1425 1959 1462 1994 P

130 2011 152 2042 3
179 2007 333 2042 ΚΙΕΕΕΙ(
351 2006 388 2040 Β
472 2006 641 2048 Βακχεῖος
665 2005 920 2041 Hermannus:
947 2006 1127 2041 ΚΔΒΑΙΟΕ
1153 2006 1197 2049 P,
1226 2006 1403 2041 ΒΑΚΕΙΟΕ
1421 2005 1457 2040 Β

131 2057 152 2088 6
178 2064 241 2097 qu1
265 2063 330 2088 om.
356 2052 404 2087 P'
479 2057 498 2087 7
523 2052 698 2087 hbertum
726 2049 775 2086 P‘
844 2056 864 2087 9
890 2052 1042 2087 archani
1064 2052 1144 2086 BP
1207 2055 1250 2086 10
1275 2052 1387 2087 (1111110
1405 2050 1455 2086 Ρ’

129 2098 375 2144 hemispoeno
393 2099 430 2134 P
500 2102 542 2132 11
564 2110 646 2133 cum
666 2097 782 2133 mfero
804 2099 841 2133 P
906 2103 947 2134 12
968 2098 1143 2134 d1on1s1us
1156 2098 1201 2142 P,
1223 2097 1408 2142 dyonisius
1421 2098 1458 2133 B

133 2150 176 2180 13
200 2145 356 2180 1uuen111
380 2146 417 2180 P
492 2148 535 2180 15
559 2144 679 2180 bnsea
703 2145 783 2180 BP
858 2148 901 2180 16
925 2145 1071 2181 hebona
1093 2145 1174 2179 BP
1256 2148 1297 2179 19
1323 2155 1383 2191 egi
1477 2143 1481 2166 ἵ

131 2192 175 2236 Ρ,
201 2193 345 2236 egyptn
369 2192 405 2227 B
495 2191 597 2226 adito
622 2191 700 2226 BP
781 2192 880 2226 certo
905 2190 966 2235 P‘,
992 2192 1095 2226 carta
1121 2188 1163 2225 B'
1250 2194 1293 2225 22
1319 2155 1456 2226 adoell'-
1475 2195 1480 2223 J

131 2237 249 2274 oenus
268 2238 347 2273 BP
415 2241 459 2272 23
480 2237 629 2273 ornatus
643 2237 690 2272 B'
765 2242 809 2273 26
830 2237 1101 2273 deminutiones
1115 2237 1201 2280 BP,
1227 2237 1354 2272 deinde
1372 2237 1455 2272 add.
1473 2258 1478 2268 «

132 2284 274 2320 dierum
300 2284 337 2318 P
403 2283 583 2329 figuratus
602 2282 647 2319 B'
