1526 2444
545 50 664 86 xxm
690 53 828 85 13-22
1297 46 1379 88 127

34 163 98 205 rei
149 162 268 205 obitu
311 159 486 203 Traiani
536 158 734 214 apparuit
777 157 946 200 ossibus
990 156 1175 199 Romam
1221 155 1379 197 relatis.

34 236 134 264 nam
165 219 420 277 fragmentis
453 218 614 274 species
647 216 947 272 reliquiarum,
984 216 1086 258 uitis
1125 216 1379 271 argumento

35 295 160 323 casus
197 279 333 322 futuri
370 280 541 332 tempus
579 279 799 320 ostensum
839 277 913 318 est.
976 278 1018 318 et
1051 289 1106 317 ne
1138 288 1275 318 sermo
1307 273 1453 328 per17

36 339 308 395 singulorum
327 337 504 380 nomina
523 336 699 379 deorum
719 337 915 391 uagetur,
933 335 1078 390 accipe
1099 333 1201 390 quid
1215 332 1384 388 Assyrii

0 413 18 441 5
36 398 87 441 de
111 397 308 454 potentia
334 396 437 439 solis
464 395 707 451 opinentur.
757 395 835 437 deo
863 394 989 449 enim,
1015 408 1141 449 quem
1169 406 1383 435 summum

35 458 354 511 maximumque
379 457 650 508 uenerantur,
680 453 810 496 Adad
841 468 999 496 nomen
1025 452 1243 494 dederunt.
1292 451 1383 493 eius

34 516 224 559 nominis
267 514 566 570 interpretatio
611 513 826 569 significat
875 527 1003 554 unus
1053 526 1192 554 unus.
1269 510 1383 552 hunc
1400 510 1455 552 18

36 589 139 631 ergo
171 580 219 616 ut
249 573 596 628 potentissimum
629 573 811 615 adorant
841 571 985 627 deum,
1018 571 1092 613 sed
1117 569 1386 625 subiungunt

37 634 172 677 eidem
204 633 328 675 deam
359 632 532 675 nomine
564 630 870 687 Adargaffin,
908 644 1163 685 omnemque
1194 631 1384 684 potesta-

0 695 125 736 otem
156 695 408 735 cunctarum
445 706 588 733 rerum
625 690 693 732 his
731 690 896 732 duobus
938 689 1211 743 adtribuunt,
1250 687 1384 730 solem

37 755 279 807 terramque
327 751 652 806 intellegentes,
706 762 785 790 nec
834 747 1110 790 multitudine
1159 746 1385 789 nominum

38 811 312 854 enuntiantes
338 810 520 852 diuisam
551 822 697 851 eorum
730 821 807 863 per
831 821 981 849 omnes
1009 806 1171 862 species
1196 807 1385 861 potesta-

37 873 147 925 tem,
197 869 269 911 sed
320 868 585 924 argumentis
636 867 791 923 quibus
838 868 1048 909 ornantur
1091 865 1383 921 significantes

36 928 320 983 multiplicem
339 927 651 983 praestantiam
672 925 855 981 duplicis
874 925 1078 968 numinis.
1123 925 1220 980 ipsa
1239 926 1383 966 autem
1401 924 1456 965 19

0 989 294 1044 ‚sargumenta
331 987 435 1029 solis
472 985 684 1029 rationem
720 985 934 1028 locuntur.
993 998 1178 1040 namque
1211 983 1384 1026 simula-

38 1061 155 1090 crum
193 1045 317 1088 Adad
354 1046 522 1101 insigne
560 1045 748 1087 cernitur
784 1043 916 1086 radiis
954 1043 1190 1097 inclinatis,
1231 1042 1385 1097 quibus

38 1108 305 1148 monstratur
341 1105 431 1147 uim
468 1104 577 1147 caeli
607 1105 651 1146 in
682 1103 814 1146 radiis
847 1117 939 1145 esse
973 1102 1094 1158 solis,
1131 1102 1204 1158 qui
1236 1101 1385 1143 demit-

37 1166 189 1206 tuntur
230 1164 276 1206 in
324 1166 496 1206 terram.
568 1162 845 1218 Adargatidis
896 1162 1172 1205 simulacrum
1216 1175 1386 1203 sursum

38 1237 211 1265 uersum
235 1222 455 1265 reclinatis
480 1221 611 1264 radiis
637 1222 809 1277 insigne
835 1224 902 1264 est
926 1220 1218 1275 monstrando,
1243 1219 1386 1262 radio-

0 1297 22 1324 το
38 1297 133 1324 rum
178 1282 222 1323 ui
266 1296 446 1337 superne
490 1281 720 1323 missorum
764 1281 907 1323 enasci
951 1294 1225 1335 quaecunque
1268 1283 1386 1322 terra

38 1343 307 1396 progenerat.
355 1341 432 1382 sub
458 1340 605 1382 eodem
632 1339 860 1382 simulacro
887 1339 1049 1395 species
1074 1340 1248 1382 leonum
1275 1340 1386 1393 sunt,
1400 1338 1457 1380 20

39 1400 188 1442 eadem
219 1399 386 1442 ratione
416 1402 577 1441 terram
609 1413 702 1441 esse
734 1400 1042 1452 monstrantes,
1077 1413 1163 1453 qua
1193 1397 1387 1453 Phryges

38 1459 199 1501 finxere
229 1458 412 1500 Matrem
449 1457 608 1511 Deum,
645 1458 688 1500 id
725 1460 791 1500 est
826 1460 1005 1513 terram,
1041 1457 1237 1499 leonibus
1275 1456 1386 1498 uehi.

38 1520 258 1573 postremo
289 1517 528 1572 potentiam
555 1517 658 1559 solis
684 1517 738 1559 ad
764 1516 957 1559 omnium
982 1518 1249 1571 potestatum
1276 1516 1456 1559 sum-21

0 1589 22 1616 ³5
41 1577 236 1619 mitatem
273 1576 423 1618 referri
460 1576 653 1618 indicant
690 1575 903 1632 theologi,
942 1576 1015 1631 qui
1052 1576 1097 1617 in
1136 1575 1268 1617 sacris
1307 1573 1388 1616 hoc

38 1635 295 1677 breuissima
349 1635 596 1690 precatione
651 1634 972 1689 demonstrant,
1029 1634 1217 1676 dicentes
1258 1632 1387 1675 ’Ήλιε

36 1691 352 1751 παντοκράτορ,
378 1696 545 1749 κόσμου
571 1698 759 1749 πνεῦμα,
789 1695 959 1749 κόσμου
985 1694 1187 1749 δύναμις,
1218 1695 1387 1748 κόσμου

38 1759 142 1809 φῶς.
213 1754 347 1796 solem
396 1768 489 1796 esse
539 1753 687 1795 omnia
736 1755 778 1795 et
827 1752 1025 1809 Orpheus
1076 1754 1263 1796 testatur
1317 1751 1384 1794 his
1399 1753 1457 1796 22

38 1813 233 1856 uersibus

134 1961 178 1994 28
203 1957 336 2004 fragm.
365 1958 421 1993 ed.
447 1957 637 1994 Hermann
660 1969 695 2003 p.
723 1962 794 2007 464

133 2097 152 2127 1
178 2093 321 2139 relatis]
346 2093 474 2129 referri
501 2093 538 2128 P
622 2097 643 2128 2
669 2093 780 2130 u1c111'
802 2094 839 2128 P
915 2098 936 2129 3
962 2093 1091 2129 futursi
1121 2094 1158 2129 P
1239 2097 1262 2129 4
1289 2094 1387 2138 quod

37 2143 80 2176 ut
103 2141 180 2177 uid.
208 2140 246 2175 P
326 2139 439 2186 affin]
467 2140 504 2176 P
578 2144 600 2177 8
624 2141 837 2186 potens1m15
865 2138 912 2176 P'
997 2144 1041 2176 13
1067 2141 1319 2178 sacnfieantel'
1339 2139 1386 2176 B'

40 2190 84 2223 15
109 2187 271 2232 loquum?
296 2187 334 2223 P
452 2190 494 2223 18
527 2188 727 2234 adargadir
747 2189 789 2234 P,
821 2188 1015 2234 adarg1d1r
1034 2189 1070 2224 Β
1191 2192 1236 2224 20
1268 2188 1317 2223 sci
1347 2189 1390 2223 in

40 2245 161 2282 enasci
184 2247 226 2282 in
242 2257 315 2283 ras.
341 2247 383 2283 in
408 2247 446 2282 P
507 2257 763 2293 quaecumque
786 2248 823 2283 B
893 2251 938 2283 22
963 2236 1086 2293 p'hgeI
1111 2249 1150 2294 (p
1175 2248 1217 2284 in
1242 2249 1331 2292 ras.)
1355 2246 1391 2280 P

40 2296 86 2328 23
105 2292 246 2339 fingere
271 2291 319 2329 P'
394 2297 438 2330 27
463 2295 658 2330 ΠΝΕΥΜΕ
685 2295 721 2330 Ρ
745 2303 748 2305 ’
790 2299 835 2332 28
860 2294 1050 2341 horpheuf
1068 2296 1105 2331 Β
