1526 2444
591 66 659 102 XX
686 69 826 102 11—20
1298 63 1386 106 567

33 177 138 220 item
175 176 302 218 ducta
339 176 453 218 linea
491 174 541 217 de
579 189 847 231 quocumque
878 175 973 217 loco
1006 173 1172 226 circuli,
1211 173 1285 228 qui
1317 173 1385 214 de-

35 236 180 291 signat
200 234 423 289 ambitum,
443 234 488 275 in
510 248 822 290 quamcumque
843 233 1032 275 eiusdem
1047 231 1191 275 circuli
1209 232 1385 274 summi-

33 298 168 336 tatem
199 293 315 336 orbis
346 296 516 348 partem
549 294 738 347 aliquam
771 291 939 334 diuidat
969 306 1142 334 necesse
1171 292 1248 333 est.
1310 291 1383 332 sed
1402 290 1458 331 15

33 367 122 395 non
154 352 270 395 omni
303 353 431 395 modo
457 352 665 394 medietas
693 355 759 394 est
784 351 913 405 orbis,
945 366 1073 406 quam
1101 352 1273 405 separat
1297 350 1384 391 ista

0 412 206 465 udiuisio,
249 412 328 453 illa
371 412 485 453 enim
529 413 700 453 tantum
744 411 861 452 linea
904 411 949 452 in
992 413 1140 465 partes
1183 409 1383 463 aequales

34 471 180 513 orbem
221 470 407 512 medium
446 470 616 524 diuidit,
661 484 770 524 quae
808 484 834 512 a
874 484 1040 512 summo
1080 469 1126 510 in
1168 482 1385 510 summum

33 530 95 571 ita
133 529 317 584 ducitur,
355 533 404 571 ut
440 543 614 571 necesse
650 531 709 571 sit
742 543 836 570 eam
867 528 1052 570 transire
1085 541 1161 582 per
1194 528 1384 582 centron,

34 591 78 630 et
108 588 213 630 haec
243 588 374 642 linea,
412 602 519 643 quae
553 588 699 630 orbem
732 588 792 629 sic
824 587 1059 642 aequaliter
1089 586 1263 640 diuidit,
1295 585 1382 627 dia-

34 650 193 689 metros
225 651 507 702 nuncupatur.
567 647 672 688 item
705 646 846 688 omnis
879 646 1114 688 diametros
1147 645 1384 687 cuiuscum-
1402 644 1457 686 16

0 719 115 760 oque
159 706 276 748 orbis
319 706 538 760 triplicata
581 720 676 747 cum
721 705 961 747 adiectione
1002 704 1210 759 septimae
1247 703 1384 758 partis

34 779 135 807 suae
185 779 429 807 mensuram
479 764 585 806 facit
627 764 792 816 circuli,
845 778 928 818 quo
975 763 1094 805 orbis
1137 762 1385 816 includitur,

33 824 77 865 id
121 826 196 876 est,
241 823 277 864 si
320 823 466 865 uncias
511 825 675 877 septem
719 825 865 864 teneat
905 822 1106 863 diametri
1142 821 1383 876 longitudo,

34 885 76 924 et
106 882 214 924 uelis
248 896 298 923 ex
330 897 379 924 ea
408 896 549 937 nosse,
575 884 679 935 quot
708 881 858 923 uncias
892 881 1008 922 orbis
1034 879 1172 935 ipsius
1199 879 1384 922 circulus

32 944 189 994 teneat,
218 940 458 995 triplicabis
492 942 656 995 septem
691 942 733 981 et
758 939 925 982 faciunt
950 939 1109 994 uiginti
1136 953 1282 992 unum,
1313 938 1384 980 liis

0 1000 188 1042 sadicies
228 999 456 1054 septimam
494 1002 681 1054 partein,
720 999 802 1041 hoc
834 1000 900 1040 est
934 1013 1082 1051 unum,
1121 1000 1164 1039 et
1195 1011 1385 1052 pronun-

3 1057 6 1060 ’
30 1059 164 1100 tiabis
195 1058 352 1113 uiginti
384 1061 427 1100 et
460 1059 624 1100 duabus
654 1058 791 1100 unciis
816 1058 944 1099 huius
971 1057 1120 1099 circuli
1148 1071 1241 1098 esse
1267 1071 1383 1098 men-

31 1132 188 1172 suram,
214 1118 332 1159 cuius
358 1117 590 1158 diametros
618 1120 782 1171 septem
807 1116 944 1158 unciis
971 1115 1229 1158 extenditur.
1272 1115 1380 1157 haec
1398 1115 1450 1157 17

32 1177 178 1219 omnia
222 1176 494 1230 geometricis
540 1175 956 1230 euidentissimisque
1000 1173 1242 1217 rationibus
1285 1188 1382 1228 pro-

31 1236 133 1278 bare
174 1249 413 1290 possemus,
461 1234 546 1276 nisi
598 1238 641 1276 et
685 1235 899 1276 neminem
944 1234 995 1276 de
1039 1234 1147 1289 ipsis
1186 1233 1383 1275 dubitare

0 1295 359 1349 uarbitraremur,
403 1296 446 1335 et
489 1307 736 1335 caneremus
777 1294 892 1335 iusto
931 1293 1140 1347 prolixius
1179 1293 1383 1334 uolumen

32 1353 270 1395 extendere.
332 1352 548 1394 sciendum
585 1355 628 1393 et
659 1353 741 1394 hoc
773 1356 856 1407 est,
896 1352 1008 1406 quod
1039 1352 1193 1393 umbra
1224 1352 1451 1406 terrae,18

31 1427 160 1468 quam
211 1413 275 1454 sol
324 1414 423 1466 post
471 1425 669 1453 occasum
716 1410 761 1453 in
811 1410 1013 1453 inferiore
1061 1409 1381 1464 hemisphaerio

31 1485 206 1513 currens
239 1485 409 1512 sursum
441 1470 560 1525 cogit
592 1470 751 1522 emitti,
783 1485 834 1511 ex
862 1485 948 1525 qua
979 1483 1107 1525 super
1137 1471 1300 1510 terram
1332 1469 1383 1510 fit

33 1530 284 1584 obscuritas,
316 1543 424 1584 quae
449 1543 536 1571 nox
560 1531 752 1580 uocatur,
784 1529 978 1584 sexagies
1007 1529 1052 1570 in
1078 1528 1212 1569 altum
1239 1528 1387 1569 multi·

0 1598 15 1628 ⁵
33 1590 219 1643 plicatur
251 1589 304 1630 ab
338 1603 388 1630 ea
413 1602 625 1642 mensura,
657 1602 784 1643 quam
811 1591 952 1629 terrae
979 1587 1211 1628 diametros
1237 1586 1384 1641 habet,

33 1650 76 1689 et
112 1648 193 1690 hac
225 1647 494 1701 longitudine
526 1647 578 1688 ad
609 1647 752 1701 ipsum
785 1646 1010 1700 circulum,
1051 1660 1127 1700 per
1159 1660 1287 1700 quein
1319 1646 1385 1688 sol

33 1707 183 1760 currit,
221 1709 381 1760 erecta,
422 1706 665 1748 exclusione
702 1706 876 1748 luminis
915 1705 1115 1747 tenebras
1147 1705 1192 1746 in
1223 1707 1385 1746 terram

33 1765 233 1807 refundit.
308 1765 574 1820 prodendum
626 1767 691 1806 est
740 1765 893 1819 igitur,
942 1766 1103 1819 quanta
1149 1763 1384 1806 diametros
1401 1765 1455 1807 19

34 1827 175 1866 terrae
201 1825 271 1879 sit,
302 1825 351 1865 ut
377 1826 556 1879 constet,
582 1823 683 1878 quid
711 1824 850 1879 possit
876 1823 1070 1878 sexagies
1097 1821 1386 1877 multiplicata

0 1892 17 1920 ⁰
36 1883 251 1938 colligere,
282 1883 394 1924 unde
427 1882 495 1924 his
529 1883 781 1937 praelibatis
815 1882 867 1924 ad
898 1884 1131 1924 tractatum
1164 1896 1384 1924 mensura-

0 1954 140 1997 “rum,
174 1956 281 1996 quas
313 1941 526 1996 promisit,
558 1942 695 1983 oratio
727 1943 982 1984 reuertatur.
1044 1941 1379 1983 euidentissimis
1394 1942 1452 1985 20

0 2072 1 2120 l
125 2074 146 2104 2
172 2072 334 2126 ᾳυαοῇᾳ;
361 2068 432 2103 ΡΒ
521 2067 694 2104 sumitate
719 2069 756 2103 P
841 2073 864 2124 3
889 2069 1058 2104 diuidam
1085 2066 1131 2104 B'
1219 2072 1239 2103 9
1266 2070 1321 2105 ita
1348 2069 1386 2104 P

0 2122 2 2186 l
32 2116 265 2199 ¹³ui¹3frd13²³
325 2117 730 2199 mffilffnssnffidtnff
756 2117 836 2199 deis
848 2117 1070 2208 &2322stAE
1077 2121 1162 2199 ‘⁵12¹‘11
1186 2117 1387 2200 Ἒωέζέ

30 2222 169 2247 minem
195 2211 232 2246 B
305 2214 350 2245 20
370 2209 538 2255 prolixus
550 2208 596 2244 B'
671 2214 713 2245 21
742 2210 796 2246 est
814 2222 882 2247 om.
902 2211 938 2246 B
1011 2215 1055 2246 22
1076 2210 1310 2259 hemisphere
1331 2211 1380 2246 P'

31 2263 78 2294 24
101 2257 170 2293 nos
190 2255 238 2293 P'
313 2256 628 2302 multiplicabitur
652 2256 697 2292 B'
772 2262 817 2293 25
844 2257 984 2294 metros
1003 2257 1039 2292 P
1110 2261 1154 2294 28
1175 2261 1315 2304 quanta
1335 2279 1378 2283 -—

30 2309 75 2343 29
96 2303 347 2350 multiplicata
365 2306 407 2340 in
425 2315 496 2340 νας.
517 2305 558 2340 in
576 2303 614 2339 P
683 2307 728 2339 30
747 2306 894 2351 §libata
914 2302 960 2340 B*
1035 2304 1087 2340 31'
1100 2308 1310 2342 reuertetur
1328 2303 1382 2340 P'
