1526 2444
632 53 667 89 ΙΙ
691 57 806 90 4-11
1304 52 1389 95 481

46 163 230 206 multum
267 177 312 206 se
342 161 518 205 Arbiter
549 162 737 204 exercuit
774 162 844 204 uel
875 161 1106 216 Apuleium
1142 174 1231 203 non
1267 175 1390 203 num-

47 236 175 277 quam
214 222 370 264 lusisse
402 221 618 263 miramur.
679 221 760 263 hoc
791 223 934 263 totum
965 219 1208 262 fabularum
1240 233 1389 275 genUS,

15 312 19 317 «
47 280 159 335 quod
197 281 311 323 solas
349 280 518 322 aurium
556 279 729 322 delicias
766 280 993 334 profitetur
1036 293 1058 321 e
1090 279 1278 321 sacrario
1312 293 1389 321 suo
1412 296 1425 315 ·-

0 318 17 371 (
46 340 92 381 in
108 339 324 381 nutricum
344 353 475 381 cunas
496 339 730 393 sapientiae
750 340 961 386 tractatus
983 337 1190 380 eliminat.
1252 351 1303 379 ex
1321 336 1389 380 his
1402 338 1430 381 9

0 413 28 440 ,5
48 400 203 448 autem,
229 412 336 452 quae
363 397 416 439 ad
442 397 657 452 quandam
682 397 893 439 uirtutum
914 396 1102 451 speciem
1120 395 1390 438 intellectum

46 454 228 512 legentis
247 457 487 511 hortantur,
514 456 563 498 fit
589 456 772 498 secunda
798 455 1014 498 discretio.
1059 455 1103 497 in
1130 454 1389 510 quibusdam

46 515 158 557 enim
184 517 227 557 et
251 517 553 571 argumentum
578 529 630 556 ex
654 515 755 557 ficto
780 514 958 568 locatur,
989 516 1032 556 et
1064 528 1141 569 per
1166 513 1390 556 mendacia

45 573 136 628 ipse
173 573 396 616 relationis
434 573 538 616 ordo
577 573 836 626 contexitur,
873 576 920 614 ut
958 575 1057 617 sunt
1093 572 1196 614 illae
1228 572 1390 627 Aesopi

45 632 215 674 fabulae
247 632 464 688 elegantia
498 632 685 674 fictionis
716 632 928 687 illustres,
965 634 1010 673 at
1048 631 1095 673 in
1133 631 1230 672 aliis
1263 644 1389 687 argu-

0 703 28 731 ιο
47 692 237 733 mentum
262 691 432 745 quidem
458 690 662 732 fundatur
687 690 779 732 ueri
806 690 1035 744 soliditate,
1067 689 1140 731 sed
1164 689 1270 731 haec
1294 690 1391 744 ipsa

46 749 207 791 ueritas
245 763 322 803 per
353 749 560 804 quaedam
599 748 840 803 composita
871 751 914 789 et
944 748 1044 790 ficta
1074 747 1308 803 profertur,
1348 752 1391 790 et

45 807 127 850 hoc
151 808 239 850 iam
264 811 442 850 uocatur
465 808 657 849 narratio
683 807 889 862 fabulosa,
913 821 1001 848 non
1025 805 1186 862 fabula,
1215 808 1264 848 ut
1291 807 1390 848 sunt

46 866 372 908 cerimoniarum
413 880 552 920 sacra,
589 869 637 908 ut
676 865 856 908 Hesiodi
894 867 936 907 et
974 864 1153 920 Orphei,
1190 879 1298 920 quae
1338 865 1389 907 de

46 925 221 967 deorum
252 926 455 981 progenie
487 927 639 967 actuue
670 927 911 978 narrantur,
942 926 991 965 ut
1021 924 1206 979 mystica
1230 923 1390 979 Pytha-

0 991 26 1037 15
47 997 275 1038 goreorum
325 998 449 1026 sensa
498 983 752 1026 referuntur.
826 996 928 1038 ergo
983 997 1035 1024 ex
1077 983 1159 1024 hac
1202 982 1387 1025 secunda
1404 986 1458 1027 10

45 1042 272 1097 diuisione,
315 1057 443 1097 quam
487 1042 669 1084 diximus
708 1057 734 1084 a
769 1041 1072 1097 philosophiae
1109 1041 1232 1084 libris
1268 1042 1388 1096 prior

45 1101 223 1156 species,
261 1115 369 1156 quac
401 1103 608 1156 concepta
644 1101 695 1143 de
726 1100 835 1143 falso
866 1114 944 1155 per
980 1099 1139 1143 falsum
1175 1102 1388 1154 narratur,

46 1159 187 1202 aliena
228 1163 306 1202 est.
374 1174 554 1216 sequens
597 1159 644 1202 in
687 1160 818 1202 aliam
865 1173 1036 1201 rursum
1084 1159 1388 1201 discretionem

47 1217 179 1260 scissa
220 1217 444 1261 diuiditur:
483 1233 584 1261 nam
616 1233 713 1261 cum
750 1218 911 1260 ueritas
944 1220 1197 1274 argumento
1229 1218 1390 1272 subest,

0 1287 31 1318 Ιο
49 1276 221 1332 solaque
264 1277 315 1319 fit
357 1278 548 1320 narratio
597 1277 814 1331 fabulosa,
864 1291 952 1318 non
995 1291 1103 1318 unus
1146 1277 1388 1331 repperitur

46 1334 197 1377 modus
227 1349 305 1391 per
335 1335 589 1391 figmentum
620 1350 723 1378 uera
758 1335 980 1378 referendi.
1041 1337 1115 1377 aut
1145 1335 1259 1377 enim
1290 1349 1388 1378 con-
1404 1338 1456 1380 11

45 1394 179 1436 textio
204 1394 464 1437 narrationis
495 1409 572 1450 per
602 1395 748 1449 turpia
779 1397 822 1436 et
850 1394 1029 1449 indigna
1059 1394 1305 1436 numinibus
1338 1408 1387 1436 ac

46 1454 241 1496 monstro
273 1453 431 1495 similia
461 1454 750 1508 componitur,
780 1455 828 1495 ut
858 1453 902 1494 di
933 1452 1137 1507 adulteri,
1176 1450 1387 1495 Saturnus

6 1531 14 1534 ·
46 1510 244 1565 pudenda
274 1509 395 1554 Caeli
424 1513 563 1567 patris
594 1512 846 1554 abscindens
878 1514 922 1553 et
950 1511 1042 1566 ipse
1067 1525 1213 1553 rursus
1245 1525 1271 1553 a
1296 1511 1386 1553 filio

0 1580 29 1609 ι
46 1582 179 1625 regno
216 1570 356 1625 potito
393 1571 437 1613 in
468 1571 611 1613 uincla
646 1571 884 1625 coniectus,
921 1569 1036 1626 quod
1074 1583 1210 1624 genus
1246 1571 1387 1611 totum

45 1627 296 1683 philosophi
337 1630 502 1672 nescire
546 1630 713 1672 malunt
759 1653 807 1660 —
856 1630 932 1670 aut
979 1642 1197 1671 sacrarum
1244 1642 1386 1670 rerum

15 1685 166 1729 --notio
197 1687 276 1730 sub
306 1688 380 1742 pio
404 1688 712 1744 figmentorum
735 1687 948 1730 uelamine
974 1687 1168 1730 honestis
1200 1689 1243 1730 et
1273 1689 1388 1730 tecta
1410 1687 1411 1690 ’

0 1720 172 1787 §rebus
222 1748 265 1788 et
312 1747 473 1789 uestita
521 1747 770 1789 nominibus
815 1746 1064 1788 enuntiatur
1111 1747 1154 1788 et
1196 1745 1278 1788 hoc
1322 1748 1388 1788 est

14 1841 16 1846 ,
48 1803 185 1845 solum
221 1804 419 1859 figmenti
456 1819 611 1861 genus,
651 1805 765 1861 quod
802 1805 943 1848 cautio
977 1804 1027 1846 de
1065 1804 1222 1846 diuinis
1258 1805 1386 1846 rebus

10 1895 25 1928 ξ

11 1933 24 2000 J
140 1946 159 1977 1
191 1943 241 1979 ad
271 1954 310 1979 se
330 1943 415 1980 aad.
446 1955 523 1988 pu·
549 1955 579 1989 p
705 1944 870 1979 exercuit
899 1953 965 1979 om.
995 1942 1033 1978 P
1143 1943 1386 1989 apulegn‘yB

0 2002 19 2037 μᾳ
45 1993 66 2024 6
96 1989 267 2025 hortatur
296 1990 334 2026 B
450 1989 528 2026 scta
559 1991 626 2027 del.
658 1994 743 2027 ante
773 1990 862 2026 seda
890 1991 933 2026 in
962 1990 999 2025 Β
1113 1993 1132 2026 7
1165 1991 1318 2026 alterum
1349 1994 1387 2025 et

46 2046 113 2072 om.
138 2036 177 2072 Β
284 2039 306 2072 8
332 2036 468 2083 erophy
495 2037 533 2072 P
627 2041 670 2073 11
696 2037 835 2083 epofita
858 2037 895 2073 Β
993 2039 1035 2072 12
1060 2036 1190 2073 fabula
1213 2037 1250 2072 B
1342 2041 1386 2072 14

0 2088 18 2127 34
44 2082 187 2120 mistma
205 2084 244 2120 B
373 2085 616 2130 pytagoreozs.
643 2085 688 2130 P,
713 2084 982 2131 phitagolreozl
1005 2084 1042 2119 B
1175 2086 1219 2119 15
1245 2094 1290 2119 ex
1314 2083 1386 2119 hac

0 2142 2 2153 ²
45 2133 70 2186 ἓ
93 2141 131 2177 Ρ
200 2146 244 2178 18
268 2142 391 2178 rursus
409 2155 449 2179 m
474 2143 550 2179 alla
573 2143 610 2179 Β
682 2147 726 2179 21
752 2143 885 2179 fmffitfi
904 2142 942 2178 P
1005 2145 1138 2178 Eueno
1162 2142 1200 2178 P
1262 2146 1308 2178 23
1333 2142 1386 2177 du

0 2204 4 2232 ἰ
43 2187 80 2223 Β
145 2193 191 2225 24
254 2190 297 2225 111
315 2190 354 2226 P
415 2189 608 2226 absmdenr
625 2190 662 2225 P
726 2194 770 2227 25
790 2201 920 2235 regmo
938 2189 976 2225 Β
1047 2193 1093 2225 26
1112 2188 1335 2235 phylosophi
1353 2190 1390 2225 P

30 2236 236 2318 -qgllpeBm
280 2238 317 2272 P
417 2241 461 2272 27
487 2237 652 2281 ficmtozl.
676 2238 714 2273 Ρ
811 2240 857 2273 28
883 2238 1081 2273 enumera?
1105 2237 1142 2271 B
1245 2239 1289 2271 29
1316 2236 1387 2282 fig-

0 2233 82 2444 hu
114 2320 303 2375 insenomvs
1058 2346 1100 2377 31
