1526 2444
129 79 218 121 376
640 80 739 116 SAT.
759 79 886 116 LIBRI
909 80 960 116 VI

134 186 178 227 id
215 188 279 227 est
315 185 486 227 adfixa
523 188 567 227 et
601 199 676 240 per
705 186 787 228 hoc
817 185 1030 239 infesta,
1065 185 1146 228 hoc
1177 186 1262 228 iam
1293 186 1454 228 dixerat

133 243 321 285 Lucilius
354 244 399 284 in
431 243 541 285 libro
573 246 723 298 quarto
756 243 919 286 decimo
950 243 1017 285 his
1047 243 1240 286 uersibus

196 325 234 365 si
270 323 376 365 mihi
411 338 499 366 non
533 326 703 378 praetor
739 324 820 365 siet
857 324 1023 366 additus
1055 326 1180 379 atque
1212 324 1347 378 agitet
1377 338 1455 378 me,

194 395 282 423 non
312 381 423 423 male
455 382 515 424 sic
545 382 617 424 ille
646 385 695 423 ut
725 381 819 424 dico
851 397 918 423 me
951 384 1168 424 exenterat
1197 396 1316 424 unus,

46 488 69 494 “
96 476 124 517 3
195 472 322 515 Mane
354 473 615 515 salutantum
646 473 749 516 totis
780 475 917 516 uomit
948 474 1121 516 aedibus
1151 473 1320 516 undam.
1490 488 1509 515 5

136 554 312 608 pulchre
351 555 511 596 uomit
545 555 725 596 undam
762 557 803 596 et
840 555 1028 610 antique,
1064 569 1163 597 nam
1194 554 1358 597 Ennius
1397 554 1458 596 ait

197 637 241 676 et
271 634 436 677 Tiberis
467 635 623 677 flumen
653 634 790 678 uomit
819 636 864 677 in
894 650 1009 678 mare
1041 636 1215 690 salsum,

138 716 250 757 unde
276 717 318 757 et
342 730 453 758 nunc
478 716 753 758 uomitoria
778 716 823 758 in
850 717 1102 771 spectaculis
1128 716 1319 768 dicimus,
1349 714 1460 757 unde

140 773 337 816 homines
364 774 636 828 glomeratim
660 774 945 828 ingredientes
970 775 1016 815 in
1041 773 1188 815 sedilia
1208 787 1252 815 se
1270 772 1461 814 fundunt.
1524 817 1526 819 ,

97 834 322 887 4agmen
358 846 434 885 pro
472 834 587 873 actu
623 834 665 873 et
701 832 851 874 ductu
888 832 1070 886 quodam
1099 845 1256 886 ponere
1286 844 1372 872 non
1400 830 1516 872 in-1o

141 889 314 944 elegans
346 891 411 930 est
440 892 489 931 ut

422 971 508 1012 leni
538 971 632 1012 fluit
663 970 831 1026 agmine
861 970 1058 1024 Thybris.

142 1053 275 1094 immo
307 1053 348 1093 et
379 1051 600 1105 antiquum
631 1053 713 1103 est,
744 1051 910 1093 Ennius
941 1051 1052 1092 enim
1083 1051 1127 1091 in
1157 1050 1305 1105 quinto
1337 1050 1399 1091 ait
1519 1048 1526 1119 j

204 1132 317 1186 quod
348 1146 424 1187 per
454 1145 675 1174 amoenam
700 1132 848 1174 urbem
872 1132 961 1172 leni
985 1131 1081 1173 fluit
1107 1131 1274 1186 agmine
1298 1129 1467 1172 flumen.
1517 1121 1526 1210 i

101 1216 132 1259 5
146 1214 257 1269 quod
288 1214 349 1255 ait

426 1270 734 1325 crepitantibus
765 1283 886 1312 urere
915 1269 1115 1323 flammis,

143 1366 234 1394 non
261 1365 422 1393 nouum
453 1351 678 1406 usurpauit
708 1351 897 1406 uerbum,
928 1351 1001 1392 sed
1030 1350 1146 1405 prior
1170 1349 1391 1391 Lucretius
1422 1348 1468 1389 in

148 1412 268 1452 sexto
298 1409 442 1464 posuit

204 1505 282 1532 nec
317 1504 386 1531 res
423 1489 515 1531 ulla
551 1490 687 1544 magis
724 1504 850 1544 quam
887 1489 1049 1531 Phoebi
1079 1488 1287 1542 Delphica
1323 1487 1468 1528 laurus
1513 1481 1515 1487 '

207 1548 389 1590 terribili
420 1546 563 1590 sonitu
592 1547 764 1589 flamma
794 1548 1028 1601 crepitante
1059 1548 1282 1588 crematur.

107 1644 134 1685 6
429 1640 537 1681 Tum
567 1639 728 1681 ferreus
758 1639 894 1681 hastis

204 1699 352 1741 horret
382 1711 493 1753 ager.

147 1780 323 1878 gorret
370 1779 474 1820 mire
517 1792 562 1820 se
603 1778 747 1821 habet.
819 1777 890 1819 sed
934 1779 976 1818 et
1019 1776 1184 1818 Ennius
1229 1776 1275 1817 in
1318 1776 1469 1830 quarto
1511 1825 1512 1828 Ἴ

177 1851 312 1879 eclmo

242 1973 262 2003 3
288 1967 391 2002 xnn
416 1971 459 2002 21
484 1967 571 2002 Luc.
597 1966 764 2001 Mueneri
837 1968 857 2000 5
883 1965 1014 2010 Georg.
1040 1965 1073 1999 11
1098 1968 1164 1999 462
1232 1968 1251 1999 τ
1277 1967 1344 1998 453
1363 1963 1471 1998 Vahl.
1510 1948 1525 2006 ζ,

149 2019 214 2050 141
241 2016 328 2050 Luc.
354 2013 479 2049 Muell.
584 2017 624 2047 12
650 2013 740 2047 Aen.
765 2012 800 2046 II
825 2016 890 2047 782
980 1976 1043 2046 g14
1070 2015 1133 2046 177
1160 2010 1360 2045 Vahl.175
1384 2009 1470 2044 Luc.
1502 2009 1523 2023 ³

146 2061 272 2097 Muell.
391 2064 434 2095 16
460 2059 633 2103 Georg.1
658 2062 702 2093 85
822 2061 864 2093 19
890 2057 940 2093 VI
966 2060 1033 2092 154
1151 2061 1193 2091 21
1219 2056 1309 2092 Aen.
1328 2055 1378 2090 XI
1403 2059 1469 2090 601
1500 2098 1501 2101 ¹

242 2187 264 2218 4
289 2182 335 2218 sit
361 2181 398 2216 P
513 2180 702 2215 exenterat
736 2179 868 2225 scripsi
898 2179 1092 2223 (exinterat
1117 2177 1207 2214 Luc.
1234 2177 1470 2222 Muellerus).

149 2230 357 2266 extenterat
383 2228 419 2263 P
528 2231 546 2261 7
571 2227 611 2271 ty
612 2225 710 2261 berls
734 2226 769 2260 P
873 2229 916 2260 12
941 2224 1059 2270 tybns
1079 2224 1116 2259 P
1220 2227 1261 2258 13
1287 2235 1326 2258 ιιι
1349 2233 1414 2258 om.
1439 2221 1477 2256 P
1491 2218 1526 2271 ,ἱῗ

150 2279 196 2312 14
220 2275 372 2324 amena}
399 2275 435 2309 P
503 2277 545 2308 19
571 2272 700 2308 delfica
724 2272 761 2307 P
1488 2275 1511 2309 J
