1526 2444
158 73 242 115 288
670 72 771 107 SAT.
797 71 926 106 LIBRI
950 71 983 107 V

93 181 146 221 10
216 178 331 220 haud
362 178 506 233 segnis
538 180 671 219 strato
704 178 842 232 surgit
871 177 1096 219 Palinurus
1129 181 1171 219 et
1203 192 1347 220 omnes

216 237 407 290 explorat
437 237 588 277 uentos
621 238 746 290 atque
778 236 950 277 auribus
980 249 1077 277 aera
1108 238 1269 289 captat:

216 295 354 335 sidera
383 295 534 334 cuncta
563 295 686 334 notat
717 293 850 334 tacito
882 293 1073 335 labentia
1104 294 1233 347 caelo,

216 352 447 392 Arcturum
484 350 738 405 Pliadasque
775 350 944 404 Hyadas
983 351 1258 406 geminosque
1290 351 1480 406 Triones,

216 412 512 462 armatumque
543 423 645 450 auro
677 409 961 462 circumspicit
993 408 1204 450 Orionem.
1513 429 1526 454 5

216 466 351 520 αὐτὰρ
383 466 406 508 ὁ
438 466 632 538 πηδαλίῳ
665 467 840 508 ἰθύνετο
871 465 1130 520 τεχνηέντως

214 524 390 578 ἥμενος·
422 522 530 565 οὐδέ
556 523 602 566 οἶ
627 523 765 573 ὕπνος
795 521 860 565 ἐνὶ
884 523 1170 578 βλεφάροισιν
1201 526 1346 566 ἔπιπτε

216 581 451 653 Πληιάδας
474 579 509 623 τ’
548 581 755 634 ἐσορῶντι
785 580 856 622 καὶ
888 579 967 631 ὀψὲ
999 582 1161 623 δύοντα
1190 582 1370 636 Βοώτην

215 641 375 694 ἄρκτον
405 635 451 680 θ’
461 671 472 693 ,
502 639 557 693 ἣν
587 638 658 681 καὶ
689 638 855 693 ἅμαξαν
886 638 1110 693 ἐπίκλησιν
1139 638 1384 694 καλέουσιν,

215 696 280 751 ἥτ’
316 697 451 739 αὐτοῦ
483 696 711 751 στρέφεται
739 695 812 739 καὶ
841 695 876 739 τ’
910 695 1093 752 Ὠρίωνα
1124 697 1305 739 δοκεύει.
1499 717 1526 743 1<

92 780 141 821 11
159 779 430 833 gubernator,
462 778 534 832 qui
559 778 754 832 explorat
779 778 952 832 caelum,
984 778 1129 819 crebro
1154 778 1368 819 reflectere
1394 792 1479 819 cer-

158 837 293 878 uicem
337 836 462 877 debet
510 835 718 890 captando
767 835 816 876 de
867 835 1044 876 diuersis
1089 835 1194 877 caeli
1236 836 1478 890 regionibus

159 894 430 935 securitatem
463 894 610 935 sereni.
663 893 744 934 hoc
775 893 879 934 mire
911 895 953 934 et
977 893 1095 934 uelut
1119 893 1332 934 coloribus
1358 893 1478 935 Maro

157 952 304 1005 pinxit.
364 965 463 992 nam
500 951 598 1005 quia
629 951 834 992 Arcturus
871 951 989 992 iuxta
1026 951 1372 1004 septemtrionem
1403 954 1480 1006 est,

158 1009 324 1050 Taurus
359 1023 478 1062 uero,
515 1011 560 1050 in
597 1023 680 1062 quo
712 1008 882 1062 Hyades
920 1011 1035 1063 sunt,
1073 1008 1145 1049 sed
1177 1011 1219 1049 et
1250 1008 1399 1064 Orion,
1434 1009 1526 1054 inu

159 1068 331 1122 regione
369 1067 503 1108 austri
540 1069 653 1116 sunt,
692 1067 882 1107 crebram
920 1066 1095 1108 ceruicis
1131 1066 1398 1108 reflexionem
1435 1067 1479 1108 in

91 1126 144 1167 12
161 1125 360 1166 Palinuro
416 1124 554 1166 sidera
603 1124 848 1165 consulente
897 1123 1132 1177 descripsit.
1209 1123 1478 1166 Arcturum

158 1183 312 1236 inquit:
361 1196 455 1224 ecce
497 1182 684 1223 intuetur
732 1185 896 1236 partem
944 1181 1279 1236 septemtrionis;
1330 1181 1479 1223 deinde

160 1240 467 1294 Pliadasque
515 1239 733 1294 Hyadas:
789 1253 883 1280 ecce
938 1239 990 1280 ad
1040 1241 1230 1280 austrum
1277 1239 1479 1292 flectitur3

160 1299 487 1353 geminosque
507 1297 738 1338 Triones:
763 1311 909 1338 rursus
937 1297 988 1338 ad
1008 1297 1332 1350 septemtriones
1350 1297 1480 1339 uertit
1497 1315 1526 1348 sq

160 1358 396 1409 aspectum3
441 1358 785 1408 armatumque
828 1369 947 1395 auro
988 1355 1334 1408 circumspicit
1371 1354 1478 1396 Ori-

160 1427 271 1455 ona:
311 1414 463 1454 iterum
502 1427 546 1454 se
584 1413 637 1454 ad
674 1415 863 1454 austrum
899 1413 1090 1453 reflectit.
1158 1413 1231 1453 sed
1268 1416 1311 1454 et
1346 1413 1478 1455 uerbo
1518 1427 1526 1461 ,³

160 1471 509 1525 circumspicit
532 1471 784 1512 uarietatem
811 1484 935 1523 saepe
961 1484 1004 1511 se
1024 1471 1215 1512 uicissim
1235 1472 1478 1512 conuerten-
1524 1507 1526 1512 .

94 1529 215 1572 13tis
248 1529 444 1571 ostendit.
503 1528 714 1570 Homerus
746 1529 1071 1583 gubernatorem
1105 1542 1227 1569 suum
1259 1529 1388 1569 semel
1417 1528 1478 1570 in-
1519 1531 1526 1578 ξ

160 1586 275 1628 ducit
298 1587 533 1628 intuentem
558 1586 740 1636 Pliadas,
766 1600 872 1640 quae
896 1587 939 1628 in
966 1586 1143 1627 australi
1170 1585 1342 1651 regione
1368 1588 1478 1640 sunt,
1495 1582 1526 1638 ad

160 1645 288 1685 semel
341 1643 505 1686 Booten
561 1646 603 1685 et
654 1644 829 1697 Arcton,
884 1658 991 1698 quae
1046 1646 1145 1685 sunt
1197 1643 1242 1684 in
1297 1646 1479 1698 septem·
1523 1675 1526 1686 ⁴

158 1702 333 1744 trionali
362 1703 474 1756 polo.
1517 1699 1526 1729 -'³

94 1784 147 1826 14
217 1797 293 1823 nec
329 1783 410 1824 tibi
448 1783 546 1824 diua
576 1796 729 1837 parens
762 1782 925 1836 generis
957 1795 1032 1822 nec
1064 1780 1287 1822 Dardanus
1320 1785 1479 1833 auctor,
1519 1770 1526 1822 Ξ

218 1840 385 1893 perfide.
401 1841 490 1919 sed
522 1841 636 1882 duris
668 1840 813 1894 genuit
844 1842 886 1880 te
918 1839 1109 1880 cautibus
1139 1839 1315 1881 horrens
1519 1837 1526 1856 ³

255 1959 271 1988 1
299 1956 387 1988 Aen
414 1954 465 1988 III
490 1958 555 1988 513
630 1959 649 1988 6
677 1952 742 1987 Od.
768 1965 785 1988 ε
811 1956 878 1988 270
950 1955 993 1987 28
1019 1952 1109 1986 Aen.
1135 1951 1203 1986 ΗΠ
1227 1956 1294 1987 365

251 2062 272 2092 4
302 2058 432 2092 hiadas
458 2069 505 2104 p,
535 2058 642 2093 indas
668 2058 704 2091 P
810 2061 829 2092 6
860 2058 984 2092 ΑιτΑΡ
1018 2056 1054 2090 Ρ
1153 2057 1478 2091 τεχΝεΗΝτωε-

162 2117 348 2151 *mosoc
373 2116 410 2150 Ρ
506 2119 524 2149 7
551 2107 693 2150 ΠιΠτέ
712 2135 718 2142 -
748 2117 783 2150 P
882 2119 902 2150 s
927 2115 1421 2150 UAH*1AAArrecooePN†1
1446 2074 1524 2163 1³}

160 2175 338 2209 ΛΥΟΝΤΑ
368 2174 403 2207 Ρ
473 2177 492 2208 9
519 2175 662 2208 ΔΚΤΟΝ
690 2171 736 2208 Ρ’
811 2174 1043 2208 ΗΠΙΚΛΗΕΙΝ
1063 2172 1111 2207 Ρ’
1182 2162 1393 2207 ΚΑΛΕΟΙΕῙ·
1416 2173 1421 2216 l
1446 2171 1482 2205 P

162 2224 204 2255 15
230 2220 332 2255 tarus
353 2220 400 2254 P'
497 2219 609 2263 yades
633 2220 667 2253 P
761 2223 803 2254 19
834 2221 875 2254 in
898 2219 1072 2264 phadasq.
1095 2220 1271 2264 posterior
1296 2229 1318 2252 a
1342 2219 1383 2254 in
1406 2229 1477 2254 ras.

160 2269 200 2301 in
228 2267 264 2301 P
332 2266 448 2311 yadas
466 2266 503 2301 P
571 2269 615 2300 22
640 2266 839 2301 reflectitur
862 2265 908 2301 P‘
