1526 2444
137 82 225 124 490
435 83 582 120 COMM.
606 84 658 119 IN
683 84 826 120 SOMN.
853 85 964 122 SCIP.
988 85 1115 122 LIBRI
1139 87 1155 122 I
1505 0 1526 143 ἓ,

138 188 385 242 omnibus,
409 189 490 242 qui
509 189 728 242 patriam
751 193 1107 234 conseruarint
1132 193 1455 235 adiuuverint

121 236 388 301 {auxerina
407 249 596 287 certum
622 261 730 288 esse
756 248 805 290 in
831 250 970 291 caelo
990 250 1255 292 definitum
1281 251 1453 304 locum,
1517 292 1523 294 ,

136 303 222 344 ubi
248 303 379 343 beati
401 317 523 345 aeuo
544 305 857 358 sempiterno
877 306 1132 361 fruantur,
1151 311 1194 350 et
1211 309 1338 362 paulo
1357 312 1455 362 post
1517 311 1526 355 ᾖ

135 359 246 401 hunc
260 362 420 401 certum
435 361 586 414 locum,
606 362 677 416 qui
696 363 752 403 sit
766 363 994 418 designans
1014 365 1074 406 ait
1092 366 1176 406 sed
1197 366 1269 407 sic
1289 364 1453 420 Scipio
1518 361 1526 388 ἲ

136 419 189 458 ut
214 431 336 458 auus
362 418 442 459 hic
466 420 599 473 tuus,
626 422 682 460 ut
711 434 801 474 ego
827 421 912 474 qui
936 423 984 462 te
1010 423 1176 476 genui,
1200 423 1453 464 iustitiam
1472 437 1490 463 5

137 475 245 516 cole
265 478 313 516 et
338 475 600 530 pietatem,
620 491 743 531 quae
763 492 868 519 cum
887 492 1064 533 magna
1082 480 1134 520 in
1157 481 1455 534 parentibus

137 534 186 572 et
205 533 506 586 propinquis
525 536 626 575 tum
645 534 694 575 in
714 536 884 588 patria
909 537 1123 578 maxima
1142 541 1227 579 est.
1271 552 1326 579 ea
1349 538 1457 579 uita

136 590 219 630 uia
256 592 334 631 est
369 590 420 632 in
456 592 652 632 caelum
688 596 736 633 et
779 593 830 634 in
866 593 993 635 hunc
1036 597 1227 636 coetum
1272 610 1456 648 eorum,
1516 586 1526 667 ἰ

137 647 221 701 qui
247 647 345 689 iam
370 648 540 690 uixere
566 652 613 690 et
638 663 848 703 corpore
873 651 1034 692 laxati
1058 652 1201 693 illum
1226 653 1456 694 incolunt
1516 673 1526 710 ς

96 705 320 758 5locum,
350 720 493 759 quem
523 707 683 760 uides,
714 708 955 761 significans
979 708 1198 762 γαλαξίαν.
1241 710 1455 751 sciendum
1474 718 1526 765 ως

137 764 203 803 est
234 763 358 816 enim,
389 764 501 817 quod
532 765 666 817 locus,
697 765 742 805 in
773 779 856 819 quo
888 766 970 807 sibi
999 767 1165 808 uidetur
1196 782 1286 809 esse
1316 766 1455 821 Scipio

136 834 212 874 per
237 820 433 874 quietem,
458 821 618 863 lacteus
644 822 820 864 circulus
846 826 922 876 est,
948 824 1019 877 qui
1044 825 1246 877 γαλαξίας
1269 828 1457 879 uocatur,

139 877 175 918 si
206 877 375 931 quidem
405 878 471 919 his
502 879 642 920 uerbis
673 880 716 920 in
747 879 954 935 principio
991 883 1125 923 utitur
1156 883 1457 924 ostendebat
1524 904 1526 909 ·

139 938 307 976 autem
340 933 699 991 Carthaginem
738 937 793 978 de
830 939 1027 980 excelso
1065 942 1114 981 et
1148 940 1296 994 pleno
1335 941 1455 982 stel-

137 993 299 1033 larum
338 992 536 1035 illustri
575 996 623 1035 et
665 995 803 1036 claro
847 996 1057 1049 quodam
1099 997 1210 1039 loco
1248 1000 1290 1038 et
1325 998 1453 1052 paulo
1474 1008 1526 1039 15⁴

136 1052 234 1104 post
265 1050 450 1104 apertius
482 1051 584 1093 dicit
616 1054 725 1093 erat
761 1055 924 1094 autem
961 1053 1003 1094 is
1041 1054 1454 1107 splendidissimo
1519 1066 1526 1106 ᾗ

137 1107 353 1149 candore
397 1108 532 1150 inter
573 1108 805 1150 flammas
848 1111 1014 1152 circus
1057 1112 1276 1165 elucens,
1316 1126 1455 1166 quem
1515 1116 1526 1189 ξ

139 1179 247 1219 uos,
269 1169 323 1206 ut
348 1180 373 1206 a
401 1165 549 1207 Grais
576 1167 869 1222 accepistis,
896 1168 1059 1209 orbem
1085 1169 1302 1210 lacteum
1334 1184 1456 1211 nun·
1515 1201 1518 1207 .

139 1223 351 1276 cupatis.
418 1237 474 1264 ex
535 1238 628 1277 quo
689 1225 855 1266 omnia
913 1225 1035 1267 mihi
1095 1228 1456 1281 contemplanti

138 1280 402 1333 praeclara
446 1283 495 1321 et
533 1282 790 1323 mirabilia
829 1283 1148 1325 uidebantur.
1207 1287 1250 1326 et
1286 1285 1336 1326 de
1375 1285 1455 1327 hoc

138 1338 305 1390 quidem
349 1337 529 1394 γαλαξίᾳ
577 1353 670 1380 cum
711 1339 761 1380 de
810 1340 979 1382 circulis
1022 1341 1243 1396 loquemur
1290 1343 1454 1396 plenius

139 1395 402 1436 disseremus.

85 1477 126 1518 V
256 1474 336 1516 Sed
373 1476 475 1530 iam,
512 1477 712 1530 quoniam
749 1478 860 1518 inter
895 1479 1045 1534 libros,
1082 1493 1187 1533 quos
1225 1480 1274 1520 de
1304 1493 1349 1521 re
1378 1495 1454 1535 pu·
1512 1528 1521 1537 ss

139 1533 249 1575 blica
291 1532 454 1587 Cicero,
503 1548 690 1588 quosque
732 1535 850 1588 prius
892 1535 1014 1578 Plato
1057 1537 1301 1591 scripserat,
1349 1552 1455 1592 quae
1502 1537 1519 1582 ,ἶ

138 1590 391 1645 differentia,
427 1605 534 1645 quae
566 1592 796 1634 similitudo
826 1593 1052 1648 habeatur,
1082 1595 1383 1648 expressimus,
1413 1598 1454 1636 et
1476 1613 1482 1619 <

138 1663 211 1690 cur
260 1649 377 1702 operi
419 1663 496 1691 suo
539 1650 606 1690 uel
648 1649 771 1691 Plato
813 1650 912 1692 Eris
953 1651 1155 1693 indicium
1195 1652 1266 1694 uel
1308 1651 1454 1694 Cicero
1510 1670 1512 1674 ³

139 1706 349 1747 somnium
379 1705 587 1760 Scipionis
619 1707 855 1763 adsciuerit‚
886 1708 1038 1763 quidue
1068 1709 1125 1750 sit
1156 1710 1208 1751 ab
1233 1709 1454 1764 Epicureis

140 1764 351 1805 obiectum
380 1763 561 1816 Platoni,
591 1765 660 1806 uel
692 1779 816 1819 quem
847 1766 901 1808 ad
925 1767 1098 1808 modum
1123 1767 1273 1809 debilis
1298 1768 1454 1810 calum·
1502 1807 1503 1810 ,

138 1822 208 1862 nia
253 1822 490 1876 refellatur,
532 1825 575 1864 et
618 1823 770 1877 quibus
812 1824 1063 1865 tractatibus
1103 1824 1347 1878 philosophi
1382 1825 1454 1866 ad-

139 1879 360 1933 misceant,
402 1880 470 1920 uel
514 1895 538 1921 a
581 1880 734 1934 quibus
775 1882 945 1936 penitus
985 1882 1209 1924 excludant
1245 1882 1523 1938 fabulosa,

138 1936 378 1987 retulimus,
398 1937 726 1992 ’adiecimusque
762 1940 860 1992 post
896 1939 999 1981 haec
1029 1940 1267 1982 necessario
1298 1953 1454 1995 genera
1503 1983 1505 1988 ,

234 2041 252 2071 1
278 2037 573 2073 conseruauerint
594 2039 631 2073 Β
702 2043 723 2074 2
748 2040 830 2086 celsi
855 2040 892 2075 P
957 2041 1038 2076 loco
1061 2039 1108 2076 B'
1179 2044 1202 2075 4
1227 2041 1394 2086 designas
1406 2039 1451 2076 B'

139 2086 159 2118 5
185 2083 215 2118 δι
239 2093 308 2128 ego
332 2084 368 2118 Β
465 2087 486 2118 8
512 2085 656 2119 ce*tum
682 2085 737 2130 (in
760 2097 831 2121 ras,
856 2087 930 2130 fuit
953 2088 990 2130 n)
1016 2087 1052 2121 B
1146 2090 1166 2120 9
1191 2097 1242 2123 **
1252 2098 1374 2123 uixere
1400 2089 1455 2132 (in
1522 2127 1526 2131 .

138 2140 209 2165 ras.
235 2130 311 2165 uid.
336 2130 448 2173 fuisse
471 2131 522 2174 ui)
548 2131 585 2166 Β
687 2134 729 2165 10
754 2133 939 2176 galaxiam
963 2133 1033 2167 PB
1128 2136 1170 2167 12
1197 2133 1366 2178 galaxias
1383 2134 1455 2169 ΡΒ

141 2179 184 2210 14
209 2176 395 2221 cartagine
421 2174 509 2211 P'B
581 2180 622 2212 16
647 2177 707 2211 his
719 2177 756 2212 P
826 2182 867 2213 17
887 2178 1047 2213 circulus
1062 2178 1132 2214 PB
1205 2183 1247 2215 18
1265 2179 1404 2226 grajgis
1417 2180 1454 2214 B
1495 2212 1499 2213 ⁷

141 2225 183 2256 19
207 2223 397 2267 §teplandi
420 2223 456 2257 B
539 2226 581 2257 21
607 2223 752 2268 galaxia
776 2224 846 2259 ΡΒ
923 2228 967 2260 28
992 2225 1164 2270 calfipma
1188 2226 1225 2260 P
1295 2229 1339 2260 29
1365 2227 1455 2271 phy·

138 2268 278 2314 Iosophi
301 2269 338 2303 P
405 2271 447 2303 ut
471 2268 692 2305 admisceant
715 2271 732 2303 1
755 2269 792 2304 Β
1446 2292 1448 2295 ·
1510 2273 1516 2283 ¹*
