1526 2444
608 92 625 128 Ι
649 95 789 129 49-59
1282 90 1366 134 361

84 201 175 245 Nec
206 201 301 244 uisu
330 201 474 244 facilis
506 215 584 244 nec
617 201 735 244 dictu
766 200 951 243 affabilis
982 200 1073 243 ulli.
1383 201 1444 245 55

26 271 182 316 Accius
213 273 257 314 in
290 271 530 314 Philoctete

89 357 215 398 quem
245 356 384 398 neque
416 342 525 384 tueri
557 344 708 385 contra
739 356 830 387 nee,
848 341 986 384 adfari
1018 356 1161 397 queas.

90 435 181 478 Aut
212 436 362 491 spoliis
394 449 475 491 ego
507 436 594 478 iam
625 436 761 492 raptis
793 436 1003 479 laudabor
1029 435 1185 492 opimis
1386 439 1445 483 56

0 515 13 542 5
91 497 167 537 aut
198 495 285 537 leto
317 494 487 550 insigni.

31 565 187 608 Accius
218 566 264 607 in
294 564 527 607 Armorum
559 565 716 608 iudicio

313 650 414 678 nam
447 639 672 691 tropaeum
703 635 813 678 ferre
844 650 912 678 me
943 650 968 678 a
1000 635 1103 678 forti
1133 635 1228 677 uiro

90 694 433 750 pulchrumest:
465 695 501 736 si
533 699 675 738 autem
707 695 865 750 uincar,
896 695 1012 737 uinci
1043 709 1068 736 a
1099 694 1177 736 tali
1207 693 1376 735 nullum

1022 755 1087 795 esi:
1118 753 1337 807 probrum.

0 867 16 893 ο
315 846 406 889 Nec
438 848 475 889 si
506 847 915 889 miserumfortuna
947 845 1152 889 Sinonem
1391 852 1445 894 57

93 906 227 958 finxit,
258 920 416 948 uanum
449 906 579 948 etiam
611 905 944 962 mendacemque
975 906 1158 961 inproba
1188 905 1327 960 fingit.

34 977 189 1019 Accius
221 977 267 1018 in
298 976 491 1032 Telepho

94 1061 195 1088 nam
227 1047 264 1089 si
296 1062 320 1089 a
353 1062 421 1089 me
452 1060 634 1102 regnum
665 1046 841 1090 fortuna
874 1049 1001 1102 atque
1035 1061 1136 1102 opes

97 1107 260 1161 eripere
293 1105 442 1161 quiuib,
474 1109 519 1148 at
548 1106 754 1148 uirtutem
786 1105 962 1161 nequiit.

0 1217 19 1246 5
94 1199 223 1242 Disce
254 1213 359 1255 puer
389 1200 594 1242 uirtutem
626 1212 676 1242 ex
707 1214 775 1242 me
806 1213 1041 1254 uerumque
1073 1199 1280 1242 laborem.
1394 1205 1453 1248 58

95 1258 312 1301 fortunam
344 1273 395 1300 ex
427 1258 524 1300 aliis

37 1328 194 1371 Accius
225 1329 271 1371 in
301 1328 535 1371 Armorum
566 1328 724 1371 iudicio

96 1399 249 1442 uirtuti
281 1399 340 1441 sis
371 1414 462 1455 par,
494 1399 642 1455 dispar
672 1399 859 1442 fortunis
891 1399 1039 1455 patris.

321 1492 414 1534 Iam
445 1493 532 1535 iam
562 1507 641 1535 nee
672 1493 860 1535 maxima
891 1493 999 1535 Iuno
1399 1500 1456 1542 59

0 1566 24 1610 ᾗ
100 1566 179 1594 nee
212 1550 439 1594 Saturnius
472 1551 577 1594 haec
610 1552 745 1594 oculis
776 1553 900 1607 pater
933 1552 1086 1607 aspicit
1118 1552 1276 1608 aequis.

41 1621 198 1664 Accius
230 1622 275 1665 in
306 1622 528 1678 Ankigona

98 1693 184 1735 iam
216 1693 305 1736 iam
334 1707 473 1748 neque
505 1692 548 1734 di
578 1695 747 1748 regunt,

99 1766 236 1807 neque
268 1751 460 1806 profecto
493 1751 618 1794 deum
650 1766 843 1794 summus
875 1766 949 1795 rex
982 1753 1180 1795 omnibus
1213 1755 1347 1795 curass.

140 1861 158 1891 1
184 1857 275 1893 Aen.
300 1855 352 1890 111
378 1859 445 1890 621
538 1860 559 1891 2
586 1859 654 1891 538
681 1856 738 1891 ed.
765 1861 785 1891 2
812 1856 1010 1892 Ribbeckii
1095 1860 1117 1891 4
1141 1857 1233 1892 Aen.
1259 1857 1293 1891 X
1318 1860 1386 1892 449

16 1917 18 1919 ·
44 1907 63 1938 7
91 1906 159 1938 148
184 1904 239 1939 ed.
267 1907 288 1938 2
314 1903 423 1938 Ribb.
558 1906 602 1938 10
626 1903 717 1940 Aen.
744 1903 777 1938 II
803 1908 846 1939 79
984 1908 1028 1939 13
1055 1908 1124 1940 620
1149 1905 1205 1939 ed.
1232 1909 1253 1939 2
1280 1903 1388 1939 Ribb.

45 1953 88 1986 15
113 1951 204 1986 Aen.
232 1950 301 1984 XII
325 1953 395 1985 435
510 1954 551 1985 17
581 1953 647 1986 156
674 1950 731 1986 ed.
759 1955 780 1986 2
807 1950 916 1988 Ribb.
1038 1955 1082 1987 18
1108 1951 1199 1986 Aen.
1225 1950 1295 1986 1111
1320 1954 1387 1987 371

43 2001 88 2033 22
116 2002 182 2033 142
209 1997 264 2033 ed.
291 2001 312 2032 2
339 1997 448 2033 Ribb.

138 2095 160 2127 2
192 2091 361 2127 filocssete
394 2091 431 2126 P
572 2094 592 2126 3
617 2102 726 2137 nequ.
760 2091 867 2127 affan
892 2092 934 2137 P,
966 2102 1034 2128 nec
1066 2091 1137 2127 fari
1169 2093 1391 2129 Ribbeckius

92 2139 135 2174 in
158 2138 275 2184 queas
294 2142 344 2174 est
370 2149 393 2174 a
411 2149 502 2175 corr.
523 2150 567 2174 ex
584 2150 599 2173 1
617 2143 683 2174 aut
707 2151 725 2174 r
743 2140 785 2174 in
804 2140 841 2175 P
898 2143 918 2175 5
939 2140 1017 2187 leto
1040 2140 1076 2174 P
1137 2143 1156 2174 7
1175 2140 1339 2186 trophei]
1358 2141 1395 2176 P

47 2187 69 2220 8
90 2189 171 2231 post
195 2184 339 2221 nullum
365 2186 450 2222 add.
475 2186 528 2220 mi
556 2185 600 2222 G.
620 2186 858 2222 Hermannus
954 2191 974 2221 9
1001 2186 1190 2236 obpbnff·
1218 2188 1255 2222 Ρ
1348 2191 1389 2222 11

45 2233 216 2268 mbroba
243 2233 280 2267 P
382 2236 426 2268 14
448 2232 595 2278 nequiit
618 2234 746 2279 uulqo:
771 2234 901 2278 neqmt
925 2234 962 2269 P
1065 2238 1107 2269 16
1133 2234 1298 2270 Fortuna.
1324 2236 1387 2278 ex}

47 2278 143 2315 alnr-
170 2280 254 2315 add.
281 2280 326 2324 P,
351 2290 417 2316 om.
444 2280 582 2316 lanius
691 2284 734 2316 18
759 2280 919 2316 vntum
940 2280 975 2316 11·
998 2281 1034 2316 P
1131 2285 1172 2316 21
1196 2286 1281 2327 post
1304 2293 1344 2317 m
1369 2284 1393 2316 4

50 2325 117 2363 litt.
142 2337 277 2373 erasae,
300 2327 384 2372 fort.
409 2327 485 2371 fuit
509 2337 627 2375 armo).
646 2327 684 2363 P
758 2330 931 2364 amazona
957 2328 995 2362 P
