1526 2444
543 66 578 103 V
604 71 719 103 6-12
759 67 811 103 VI
836 70 927 102 1-2
1323 65 1409 108 239

62 191 171 232 quae
214 179 280 219 est
319 191 344 219 a
383 175 517 219 simili
555 190 655 230 pars
694 175 843 229 tertia,
884 174 1039 217 idonea
1079 176 1146 217 est
1183 174 1409 216 mouendis

60 235 298 278 affectibus.
359 250 411 278 ea
450 234 518 291 fit,
561 248 656 277 cum
698 237 773 277 aut
809 234 948 277 forma
986 234 1177 289 corporis
1215 233 1408 276 absentis

59 294 332 349 describitur,
389 296 464 336 aut
513 293 707 348 omnino,
757 308 865 349 quae
914 293 1036 336 nulla
1085 295 1168 348 est,
1217 293 1408 349 fingitur.

59 355 287 409 utrumque
318 353 539 409 Vergilius
581 353 799 409 eleganter
829 353 944 395 fecit.
1007 352 1113 394 illud
1144 352 1262 407 prius
1295 351 1407 395 circa
1425 354 1479 395 10

0 417 2 420 ’
20 429 38 456 5
59 411 294 455 Ascanium

119 503 144 531 o
177 489 282 531 mihi
314 489 408 532 sola
439 489 523 531 mei
556 503 683 544 super
713 488 998 544 Astyanactis
1031 488 1194 543 imago,

118 548 178 591 sic
212 548 359 591 oculos
393 549 454 591 sic
483 547 558 590 ille
589 562 742 590 manus
775 548 836 590 sic
869 561 944 589 ora
975 546 1153 589 ferebat.

56 623 184 680 fingit
214 639 330 680 uero,
363 640 458 668 cum
492 625 597 668 dicit

341 717 468 758 quam
499 702 618 744 fama
650 704 798 744 secuta
829 703 911 755 est,

2 778 38 805 10
116 760 296 803 eandida
346 761 606 804 succinctam
655 760 915 803 latrantibus
964 759 1145 815 inguina
1189 759 1407 801 monstris.

57 841 130 884 sed
170 843 290 898 prior
328 843 469 886 forma
512 839 661 886 οἶκτον
698 844 909 898 praestat,
948 841 1054 884 haec
1094 842 1319 897 δείνωσιν,
1362 841 1403 883 id
1426 822 1484 880 11·

57 903 122 943 est
151 902 271 957 prior
301 902 640 945 misericordiam
672 903 920 956 conmouet‚
950 900 1175 944 horrorem
1208 900 1407 955 secunda,

55 959 167 1002 sicut
198 960 302 1003 alibi

115 1038 158 1078 et
189 1037 323 1079 scissa
354 1038 544 1094 gaudens
576 1038 697 1080 uadit
728 1037 953 1080 Discordia
984 1037 1121 1092 palla,

0 1114 37 1142 ιο
114 1109 242 1150 quam
274 1110 370 1138 cum
403 1098 638 1153 sanguineo
671 1097 866 1153 sequitur
896 1095 1078 1139 Bellona
1108 1096 1302 1152 flagello,

54 1179 98 1219 et
136 1178 280 1220 omnia
313 1179 408 1234 illa,
447 1194 554 1235 quae
593 1180 643 1221 de
674 1179 810 1222 Fama
841 1179 958 1221 dixit.
1022 1179 1096 1221 sed
1128 1182 1173 1222 et
1203 1179 1306 1222 illud
1340 1179 1401 1220 ni·
1422 1176 1476 1217 12

0 1275 5 1280 .
53 1236 188 1278 mium
219 1237 436 1292 pathetice

338 1313 456 1357 furor
486 1314 644 1370 impius
675 1315 793 1357 intus

113 1387 243 1415 saeua
281 1373 430 1416 sedens
465 1388 592 1428 super
623 1388 762 1429 arma,
800 1376 843 1416 et
875 1376 1047 1416 centum
1077 1374 1249 1416 uinctus
1282 1373 1402 1416 aenis

0 1449 34 1478 ιο
111 1434 212 1488 post
242 1434 412 1488 tergum
444 1432 570 1475 nodis
602 1432 749 1475 fremit
778 1432 975 1476 horridus
1008 1448 1082 1476 ore
1115 1434 1303 1476 cruento.

171 1513 373 1557 Diximus
394 1530 419 1557 a
438 1515 582 1557 simili.
625 1529 739 1557 nunc
765 1515 956 1558 dicamus
977 1530 1001 1557 a
1021 1516 1215 1558 minore
1239 1515 1396 1571 pathos
1408 1516 1472 1560 VI

52 1587 78 1615 a
107 1575 237 1628 poeta
286 1574 487 1629 positum.
573 1588 727 1630 nempe
777 1589 874 1617 eum
924 1574 1087 1630 aliquid
1135 1575 1403 1630 proponitur,

52 1632 167 1687 quod
190 1647 268 1688 per
293 1647 338 1675 se
364 1646 572 1688 magnum
598 1633 666 1684 sit,
697 1632 848 1676 deinde
874 1634 1016 1676 minus
1041 1648 1134 1676 esse
1160 1633 1404 1676 ostenditur

53 1705 182 1746 quam
213 1691 338 1747 illud,
370 1692 482 1747 quod
514 1692 714 1734 uolumus
746 1693 913 1748 augeri,
946 1693 1036 1735 sine
1069 1693 1199 1736 dubio
1230 1693 1402 1735 infinita

0 1750 274 1811 ”miseratio
305 1753 512 1794 mouetur.
574 1754 624 1794 ut
654 1754 722 1794 est
750 1751 858 1794 illud
1417 1754 1444 1795 2

113 1841 137 1869 0
169 1826 271 1869 felix
301 1842 388 1870 una
419 1829 519 1870 ante
552 1828 659 1870 alias
691 1828 906 1871 Priameia
936 1828 1081 1885 uirgo,

109 1885 313 1952 liostilem
345 1886 398 1929 ad
430 1887 643 1938 tumulum
675 1886 830 1931 Troiae
864 1888 942 1930 sub
975 1888 1198 1930 moenibus
1232 1888 1332 1930 altis

109 1959 228 1987 Iussa
258 1960 379 1988 morl.

145 2065 165 2095 6
191 2062 283 2096 Aen.
314 2061 366 2097 III
396 2065 465 2097 488
586 2065 607 2096 9
634 2062 750 2108 eclog.
776 2062 828 2099 VI
863 2067 908 2099 74
1029 2067 1074 2098 14
1099 2063 1190 2099 Aen.
1216 2062 1303 2098 VIII
1331 2067 1397 2099 702

51 2109 94 2142 18
118 2107 169 2144 ib.
194 2107 210 2142 I
236 2111 305 2142 294
378 2112 423 2144 26
447 2109 496 2146 ib
524 2108 576 2143 ΠΙ
601 2113 668 2144 321

143 2217 165 2249 2
191 2215 231 2258 b3
257 2216 299 2251 in
323 2215 490 2259 affect1b3
516 2216 558 2252 in
581 2227 654 2252 ras.
675 2217 717 2252 in
737 2216 773 2252 P
830 2221 850 2252 6
871 2217 1088 2252 astianactis
1104 2217 1141 2252 P
1200 2220 1221 2251 9
1241 2216 1398 2262 sequuta

0 2264 1 2297 1
48 2260 86 2297 P
154 2265 199 2296 10
222 2243 316 2298 lartr
318 2263 441 2307 ant1b3
467 2243 515 2298 P'
591 2267 632 2298 11
661 2265 795 2300 oecton
820 2265 858 2300 P
920 2263 1064 2299 dmofin
1091 2264 1128 2299 P
1193 2267 1236 2298 19
1264 2265 1396 2299 sedens

0 2317 22 2356 ξ,
50 2318 159 2353 super
185 2308 515 2357 Cantabriyiensis·
541 2309 648 2356 super
673 2311 803 2347 redens
826 2311 864 2347 P
934 2314 977 2346 27
1004 2311 1176 2359 menibus
1196 2305 1250 2346 P
