1526 2444
124 514 178 555 19

127 985 183 1027 20

135 1688 188 1729 21

190 97 274 138 368
691 96 791 131 SAT.
815 95 941 131 LIBRI
965 95 1015 131 VI

191 203 356 244 Ennius
388 202 433 242 in
463 201 703 243 Alexandro

252 286 275 313 0
307 271 380 312 lux
410 270 578 324 Troiae,
610 283 807 325 germane
838 269 997 312 Hector

252 328 351 382 quid
382 331 424 369 te
456 328 516 370 ita
547 342 641 369 cum
672 330 746 370 tuo
777 328 962 370 lacerato
994 342 1166 382 corpore

251 386 394 440 miser,
442 388 516 427 aut
558 385 628 439 qui
667 387 710 426 te
747 386 806 427 sic
842 387 1078 427 tractauere
1114 385 1235 427 nobis
1271 386 1508 483 rPespectan-

1161 442 1276 484 tibus
1341 466 1389 473 -

251 512 388 554 Frena
417 512 680 554 Pelethronii
711 511 919 565 Lapithae
951 525 1158 566 gyrosque
1190 511 1341 553 dedere

250 570 442 624 impositi
474 570 598 612 dorso
631 572 756 624 atque
788 569 973 624 equitem
1005 569 1180 611 docuere
1213 569 1290 610 sub
1323 568 1450 609 armis

250 627 455 669 insultare
488 628 578 669 solo
610 631 652 669 et
682 640 851 682 gressus
884 627 1117 682 glomerare
1149 627 1362 681 superbos.

194 707 347 750 Varius
379 708 429 749 de
460 710 596 749 morte

255 791 379 831 quem
413 791 500 818 non
529 777 600 817 ille
633 776 733 818 sinit
762 777 903 818 lentae
934 776 1174 818 moderator
1204 775 1395 816 habenae

255 849 338 888 qua
369 834 474 876 uelit
503 834 564 875 ire
597 834 670 875 sed
700 836 881 888 angusto
911 832 1027 887 prius
1059 847 1130 875 ore
1162 846 1357 875 coercens

255 892 462 933 insultare
494 892 617 933 docet
646 892 804 946 campis
835 891 1042 946 fingitque
1073 890 1286 932 morando.

256 984 371 1026 Talis
403 998 522 1025 amor
552 983 754 1037 Daphnin
785 984 919 1037 qualis
951 997 1046 1025 cum
1076 983 1189 1024 fessa
1218 982 1443 1023 iuuencum

257 1057 334 1096 per
363 1055 537 1083 nemora
568 1043 694 1095 atque
726 1041 833 1082 altos
866 1040 1105 1094 quaerendo
1136 1040 1288 1081 bucula
1318 1039 1436 1080 lucos

254 1102 429 1154 propter
461 1113 594 1153 aquae
626 1099 764 1139 riuum
795 1098 920 1139 uiridi
951 1097 1191 1151 procumbit
1221 1097 1266 1138 in
1295 1097 1396 1137 ulua

255 1157 423 1212 perdita
452 1170 529 1198 nec
561 1170 678 1198 serae
709 1156 905 1196 meminit
935 1155 1132 1197 decedere
1163 1153 1289 1196 nocti.

197 1237 351 1279 Varius
383 1237 433 1278 de
464 1238 600 1278 morte

257 1321 331 1347 ceu
363 1306 478 1347 canis
510 1305 752 1346 umbrosam
782 1305 967 1346 lustrans
998 1303 1206 1357 Gortynia
1235 1303 1411 1357 uallem,
1520 1297 1526 1373 ἑ

258 1364 294 1405 si
323 1363 479 1404 ueteris
509 1362 648 1416 potuit
677 1376 823 1404 ceruae
854 1361 1150 1416 comprendere
1180 1361 1332 1414 lustra,

258 1421 393 1463 saeuit
423 1420 466 1461 iu
497 1421 714 1462 absentem
744 1422 787 1461 et
817 1420 975 1461 circum
1006 1419 1186 1473 uestigia
1216 1419 1401 1460 lustrans

257 1479 429 1520 aethera
458 1492 533 1532 per
562 1477 741 1519 nitidum
771 1479 916 1519 tenues
949 1478 1132 1519 sectatur
1162 1475 1322 1518 odores.

256 1550 343 1577 non
373 1550 517 1577 amnes
550 1535 670 1576 illam
701 1535 845 1589 medii,
875 1550 962 1577 non
994 1534 1124 1576 ardua
1152 1533 1324 1576 tardant

261 1593 429 1648 perdita
459 1607 536 1635 nec
568 1607 686 1635 serae
717 1593 909 1635 meminit
938 1591 1135 1634 decedere
1165 1591 1290 1633 nocti.

481 1683 570 1727 Nec
600 1688 642 1726 te
674 1687 748 1727 tua
777 1685 922 1726 funera
952 1686 1086 1725 mater

262 1743 442 1797 produxi
471 1741 659 1796 pressius
691 1743 836 1784 oculos
868 1745 940 1784 aut
971 1742 1146 1783 uulnera
1175 1741 1274 1783 laui.

296 1905 316 1936 2
343 1905 387 1936 57
413 1902 468 1936 ed.
494 1905 514 1935 2
539 1901 646 1937 Ribb.
726 1906 746 1936 6
772 1901 901 1947 Georg.
926 1901 978 1936 III
1008 1904 1072 1936 115
1158 1904 1199 1935 13
1226 1899 1340 1944 eclog.
1366 1897 1450 1934 VIII

204 1951 249 1982 24
273 1947 361 1984 Aen.
387 1946 487 1982 VIIH
512 1950 578 1983 486
1524 1955 1525 1960 ¹

298 2100 318 2131 3
344 2098 380 2131 te
405 2095 459 2131 ita
485 2097 616 2131 contuo
650 2096 807 2141 Vossius,
830 2097 885 2131 ita
909 2108 990 2132 cum
1014 2098 1078 2132 tuo
1104 2097 1140 2131 P
1207 2100 1230 2130 4
1254 2106 1291 2131 es
1315 2098 1394 2140 post
1412 2106 1463 2130 mi
1524 2094 1526 2139 Ῑ

206 2145 288 2179 add.
322 2143 502 2178 Vahlenus
525 2143 680 2177 Hermae
703 2145 810 2186 1877,
839 2146 910 2178 400
1009 2141 1300 2187 respectantibus
1319 2142 1482 2177 tractaue

204 2189 312 2224 nobis
333 2189 370 2223 P
484 2192 504 2222 6
529 2188 658 2232 glrosq.
684 2188 720 2222 P
826 2193 868 2223 10
893 2189 977 2224 sinit
1000 2189 1063 2224 111e
1089 2189 1172 2224 sinit
1197 2185 1238 2223 P'
1353 2191 1393 2222 11
1422 2187 1474 2234 lQ

205 2238 308 2270 uenit
331 2236 367 2270 P
473 2238 514 2268 12
541 2234 681 2279 campis
700 2245 765 2270 om.
792 2236 828 2270 P
932 2239 974 2270 13
1001 2234 1158 2280 daphmr
1180 2234 1228 2269 P'
1339 2237 1380 2268 18
1405 2232 1488 2268 seu*

205 2282 366 2327 gortinia
392 2281 429 2316 P
1480 2292 1482 2295 ·
