1526 2444
139 73 224 115 398
636 73 734 109 SAT.
761 73 889 109 LIBRI
914 74 964 109 VI

197 180 243 221 in
275 180 459 221 medium
491 180 681 234 geminos
712 179 873 221 inmani
906 179 1088 234 pondere
1119 182 1256 222 cestus

198 238 394 291 proiecit,

141 332 189 359 ac
224 318 420 358 similiter

198 398 346 439 domus
378 398 495 440 sanie
526 398 786 453 dapibusque
818 399 1015 440 eruentis.

98 479 201 520 4sic
236 478 368 533 igitur
405 480 447 520 id
485 493 651 534 quoque
688 479 848 520 dictum
885 479 1022 520 uideri
1052 479 1177 520 debet
1206 478 1315 533 ipse
1347 478 1461 527 Qui·
1497 493 1515 519 ⁵

141 536 296 578 rinali
338 537 468 578 lituo
511 537 554 578 id
597 539 662 578 est
702 537 883 578 lituum
920 536 1232 586 Quirinalem
1270 539 1462 578 tenens.

142 595 254 648 quod
291 595 466 636 minime
504 595 742 636 mirandum
780 594 907 650 foret,
946 594 982 636 si
1018 595 1080 636 ita
1116 595 1275 636 dictum
1311 594 1464 636 fuisset

140 652 289 694 Picus
317 652 573 701 Quirinali
605 653 737 694 lituo
770 654 895 707 erat,
927 652 1053 694 sicuti
1085 652 1262 694 dicimus
1288 654 1460 694 statua

142 710 320 764 grandi
352 711 523 765 eapite
556 713 673 753 erat.
730 713 772 752 et
803 713 881 752 est
912 712 1051 751 autem
1083 712 1126 751 et
1157 713 1264 752 erat
1294 712 1337 751 et
1365 709 1464 751 fuit

143 768 392 822 plerumque
447 769 602 810 absunt
656 782 751 809 cum
806 768 1019 822 elegantia
1073 768 1163 809 sine
1212 768 1463 809 detrimento
1483 781 1519 806 10

104 826 390 867 5sententiae.
462 826 534 867 sed
588 827 789 880 quoniam
842 826 957 867 facta
1010 825 1127 866 litui
1181 825 1340 867 mentio
1390 827 1466 880 est,

143 884 570 938 praetermittendum
601 898 687 925 non
718 886 794 934 est,
825 883 935 938 quod
959 897 1084 937 posse
1109 883 1254 937 quaeri
1280 883 1464 924 animad-

142 941 368 995 uertimus,
410 943 554 982 utrum
591 956 616 982 a
652 941 757 982 tuba
793 940 924 982 lituus
963 941 1182 996 auguralis
1220 941 1465 995 appelletur,

143 1014 199 1040 an
237 1000 343 1040 tuba
378 1014 402 1040 a
432 999 539 1040 lituo
571 1012 778 1053 augurum
808 999 939 1040 lituus
971 999 1083 1040 dieta
1113 998 1180 1040 sit.
1239 1001 1464 1052 utrumque

144 1057 256 1098 enim
298 1057 391 1111 pari
427 1056 565 1098 forma
602 1060 644 1098 et
679 1056 839 1110 pariter
874 1056 918 1096 in
956 1056 1095 1110 capite
1131 1056 1352 1097 ineuruum
1389 1058 1464 1098 est.
1484 1067 1526 1095 ιε’-

102 1115 216 1156 6sed
247 1114 295 1168 si,
325 1117 374 1156 ut
405 1114 575 1168 quidam
600 1116 765 1168 putant,
796 1114 900 1155 tuba
925 1129 949 1155 a
975 1114 1116 1155 sonitu
1141 1113 1299 1155 lituus
1325 1114 1465 1168 appel·
1522 1162 1523 1165 Ἴ

140 1173 228 1214 lata
260 1174 325 1214 est
355 1187 406 1213 ex
436 1172 512 1213 illo
544 1171 720 1214 Homeri
750 1186 876 1213 uersu

420 1251 536 1306 λίγξε
567 1253 684 1307 βιός,
1516 1271 1526 1323 {⁴

140 1348 310 1375 neeesse
347 1336 430 1387 est,
465 1335 514 1375 ut
550 1333 674 1387 uirga
712 1333 927 1388 auguralis
966 1347 991 1374 a
1026 1332 1155 1374 tubae
1188 1332 1463 1374 similitudine
1516 1325 1526 1384 ζ

140 1391 272 1433 lituus
309 1394 496 1433 uocetur.
553 1392 690 1456 utitur
724 1394 865 1432 autem
897 1390 1102 1432 uocabulo
1133 1391 1216 1432 isto
1248 1384 1526 1504 Vergiliusffl'i

142 1452 184 1491 et
213 1464 291 1503 pro
321 1449 442 1503 tuba,
472 1451 521 1490 ut
549 1449 610 1490 1b1
1515 1470 1526 1505 '.

200 1532 242 1571 et
273 1530 380 1571 lituo
410 1543 577 1584 pugnas
607 1529 787 1583 insignis
821 1529 978 1579 obibat,
1001 1531 1043 1570 et
1073 1527 1224 1570 hasta?
1507 1509 1526 1583 3³

103 1613 125 1653 7
260 1610 448 1652 Subieeit
490 1609 679 1651 Auienus
728 1609 997 1651 ‘maturate
1039 1609 1209 1662 fugam
1252 1609 1351 1663 quid
1394 1609 1462 1663 sit,
1507 1544 1526 1666 Ξ

139 1683 288 1723 parum
319 1668 426 1710 mihi
455 1669 601 1722 liquet.
650 1668 864 1709 contraria
895 1668 1005 1708 enim
1037 1667 1204 1708 uidetur
1231 1666 1335 1707 mihi
1359 1665 1462 1721 fuga
1513 1668 1526 1710 ,¹2³

141 1727 396 1781 maturitati,
438 1726 548 1768 unde
592 1725 692 1780 quid
733 1725 782 1766 de
818 1725 899 1766 hoe
936 1725 1066 1766 uerbo
1105 1724 1369 1766 sentiendum
1407 1713 1526 1777 sih}

141 1799 297 1838 quaeso
329 1798 396 1825 me
428 1783 606 1826 doceas?
1507 1778 1523 1820 3

101 1843 126 1885 8
255 1841 314 1883 Et
352 1841 523 1883 Seruius
562 1841 812 1894 ‘NIGIDIVS,
854 1839 981 1882 homo
1026 1840 1216 1881 omnium
1253 1840 1461 1881 bonarum
1507 1837 1526 1878 -ῗῖ

142 1899 299 1941 artium
337 1899 572 1954 disciplinis
606 1898 801 1954 egregius
833 1900 1025 1939 mature
1056 1897 1196 1951 inquit
1228 1900 1302 1939 est
1333 1897 1462 1951 quod

141 1971 299 2010 neque
345 1957 496 1999 eitius
540 1971 698 2010 neque
744 1956 906 1997 serius
951 1955 1034 1997 sed
1070 1955 1282 1997 medium
1321 1955 1461 2009 quid·

236 2075 253 2105 1
279 2071 368 2104 Aen.
400 2070 428 2104 V
453 2073 518 2104 401
596 2074 637 2104 18
662 2069 704 2105 Il.
730 2070 763 2104 Δ
792 2072 856 2103 125
929 2073 972 2104 22
999 2069 1088 2103 Aen.
1113 2069 1129 2103 I
1157 2072 1221 2103 137
1502 2026 1526 2100 {ss

235 2180 252 2209 1
279 2185 431 2209 unmam
456 2173 492 2207 P
560 2173 679 2220 cestus
702 2173 738 2207 P
807 2175 826 2206 9
851 2172 881 2207 Sc
906 2173 985 2208 eras:
1009 2183 1074 2208 om.
1101 2170 1148 2207 P'
1224 2175 1266 2206 14
1285 2172 1398 2207 htuor
1412 2168 1459 2207 P'

142 2225 184 2256 16
209 2221 238 2263 fg
264 2220 356 2256 ficut
380 2219 514 2266 quidal
542 2220 577 2254 P
673 2219 836 2263 apellata
860 2219 897 2254 P
996 2223 1037 2254 18
1063 2219 1163 2254 ΛΙΞΕ
1190 2219 1227 2253 Ρ
1329 2222 1372 2253 22
1396 2230 1460 2263 pu·
1492 2226 1497 2264 ξ

139 2267 258 2314 gnans
277 2268 313 2303 P
380 2270 423 2301 25
448 2267 560 2302 uerbo
585 2276 651 2303 om.
676 2265 713 2301 P
1496 2265 1498 2270 '
