1526 2444
153 91 241 132 216
652 92 751 128 SAT.
777 92 907 128 LIBRI
930 92 982 127 111

114 200 139 240 9
269 196 433 239 Nucem
476 197 773 240 molluscam
815 198 913 240 licet
954 198 1108 240 hiemis
1147 200 1271 242 nobis
1309 202 1478 254 tempus

153 255 360 310 inuideat,
395 258 540 296 tamen
577 256 677 311 quia
712 256 761 297 de
799 257 977 298 nucibus
1013 257 1242 312 loquimur,
1278 258 1479 300 indictam

153 327 241 355 non
283 313 584 368 relinquamus.
654 313 869 357 PLAv'rvs
911 315 956 356 in
994 313 1242 358 CALchno
1286 317 1347 358 sic
1390 316 1479 358 eius

153 371 350 412 meminit

839 430 1088 472 molluscam
1120 445 1270 473 nucem
1515 449 1526 476 ε

388 501 514 540 super
546 487 634 528 eius
667 487 775 528 dixit
803 488 1047 542 impendere
1077 490 1255 543 tegulas.

85 569 141 609 10
154 580 249 608 ecce
280 566 458 608 Plautus
489 569 683 609 nominat
714 567 900 622 quidem,
940 569 1012 610 sed
1045 569 1143 623 quid
1176 570 1233 611 sit
1262 584 1347 611 nux
1378 571 1482 612 mol-

153 624 273 666 lusca
298 639 384 666 non
404 625 614 679 exprimit.
663 628 727 667 est
752 628 892 667 autem
917 625 1188 681 Persicum,
1214 628 1323 682 quod
1349 629 1480 683 uulgo

152 685 345 736 uocatur,
376 686 417 724 et
442 684 652 725 mollusca
681 698 766 725 nux
798 684 953 725 dicitur
984 685 1154 736 scilicet,
1186 686 1298 740 quod
1328 687 1480 728 ceteris

87 743 135 783 11
154 741 350 782 omnibus
387 741 565 782 nucibus
606 742 777 783 mollior
813 742 880 783 sit.
940 742 1065 784 huius
1102 744 1162 784 rei
1198 744 1375 785 idoneus
1413 744 1481 785 ad·
1501 761 1526 789 11

153 800 290 839 sertor
331 801 398 840 est
433 797 596 841 SVEIVS
639 800 705 840 uir
743 799 871 854 longe
909 800 1195 854 doctissimus,
1238 802 1283 842 in
1318 802 1482 856 idyllio‚

154 856 265 910 quod
307 856 557 898 inscribitur
598 856 845 899 MORETVM.
917 872 1017 899 nam
1061 873 1156 900 cum
1200 859 1390 913 loquitur
1431 859 1482 901 de

151 913 381 956 hortulano
429 914 612 956 faciente
660 918 887 969 moretum,
935 915 1046 956 inter
1095 918 1235 958 cetera
1283 931 1388 971 quae
1432 932 1481 960 eo

153 972 287 1013 mittit
317 974 359 1013 et
389 972 470 1014 hoc
500 987 673 1026 pomum
703 974 816 1014 mitti
847 973 908 1015 ait
939 973 1005 1014 his
1037 974 1178 1015 uerbis

86 1055 139 1096 12
213 1052 398 1095 admisce
428 1054 515 1095 orbi
545 1068 649 1095 cauo
682 1053 812 1095 silicis
842 1054 1024 1095 ficulnea
1053 1055 1211 1108 partim
1502 1054 1526 1119 iq

210 1111 370 1165 partim
401 1110 582 1165 Persica,
613 1111 725 1166 quod
754 1125 909 1153 nomen
942 1113 1002 1153 sic
1033 1112 1211 1167 denique
1242 1112 1378 1155 fertur
1523 1129 1526 1141 ·

210 1172 448 1223 propterea,
479 1169 590 1223 quod
623 1170 694 1224 qui
726 1169 939 1223 quondam
970 1184 1065 1211 cum
1097 1184 1196 1225 rege
1226 1171 1412 1226 potenti,
1519 1166 1526 1211 ἑ

210 1227 382 1269 nomine
412 1227 654 1268 Alexandro
685 1225 862 1282 Magno,
892 1227 983 1268 fera
1013 1228 1174 1282 proelia
1205 1227 1319 1270 bello

210 1286 256 1326 in
287 1285 441 1326 Persas
471 1285 670 1338 tetulere,
703 1299 779 1327 suo
810 1288 911 1338 post
940 1285 1037 1327 inde
1068 1289 1246 1328 reuentu

211 1343 292 1384 hoc
323 1356 457 1398 genus
489 1343 653 1385 arboris
684 1342 729 1384 in
760 1343 941 1397 prolatis
972 1343 1128 1385 finibus
1161 1343 1284 1386 Grais

212 1401 425 1443 disseuere
456 1415 591 1443 nouos
623 1401 786 1442 fructus
818 1401 1070 1443 mortalibus
1103 1401 1264 1444 dantes.

212 1459 420 1501 mollusca
450 1459 555 1501 haec
585 1473 673 1500 nux
704 1461 781 1514 est,
809 1458 958 1514 nequis
989 1458 1101 1501 forte
1131 1460 1292 1501 inscius
1325 1461 1447 1502 erret.

86 1543 139 1583 13
269 1539 371 1582 Nux
409 1540 667 1581 terentina
707 1539 863 1582 dicitur
899 1554 1006 1595 quae
1043 1541 1104 1581 ita
1141 1541 1300 1594 mollis,
1340 1543 1405 1582 est
1440 1543 1488 1583 ut

153 1598 226 1639 uix
264 1598 503 1640 adtrectata
539 1598 773 1652 frangatur.
833 1598 883 1639 de
921 1612 1004 1652 qua
1043 1599 1087 1639 in
1118 1599 1228 1640 libro
1259 1598 1486 1641 FAVORINI

155 1656 214 1697 sic
245 1657 455 1710 reperitur
486 1656 604 1697 item
638 1655 767 1709 quod
799 1655 998 1710 quidam
1031 1655 1333 1698 Tarentinas
1365 1671 1483 1698 oues

153 1714 233 1754 uel
252 1727 404 1756 nuces
426 1713 615 1768 dicunt,
641 1727 766 1767 quae
792 1715 908 1754 sunt
932 1713 1223 1756 terentinae
1250 1729 1275 1756 a
1293 1717 1488 1770 temno,

247 1853 267 1883 2
294 1850 372 1884 taffi
399 1860 465 1884 om.
493 1847 542 1883 P‘
640 1849 781 1885 mdicta
804 1848 850 1884 B'
948 1853 968 1883 3
995 1849 1245 1895 relinquemus
1263 1850 1299 1885 B
1390 1851 1488 1886 chal-

153 1896 257 1931 ceolo
276 1895 349 1931 BP
415 1901 433 1931 7
461 1896 619 1940 quadem
638 1895 684 1930 B'
754 1908 824 1940 que
843 1907 935 1932 corr.
956 1898 996 1931 in
1016 1908 1086 1943 que
1106 1897 1148 1931 in
1165 1897 1201 1931 B
1267 1901 1288 1932 8
1307 1896 1420 1942 uulgo
1433 1907 1455 1932 *
1469 1898 1489 1933 b

154 1946 197 1977 10
223 1942 384 1977 adsersor
410 1939 455 1977 B'
532 1945 572 1976 11
600 1942 674 1976 l'uei
698 1942 742 1986 P,
774 1942 903 1978 rusvmr
924 1943 959 1978 B
1034 1947 1076 1978 13
1102 1942 1298 1978 hortolano
1324 1944 1344 1979 b
1417 1953 1490 1987 qua

153 2023 196 2047 eo
220 2009 267 2046 B'
343 2015 386 2047 15
412 2011 572 2047 admisce
598 2013 664 2047 tua
691 2012 776 2055 BP,
801 2013 929 2047 deinde
954 2023 997 2047 ca
1021 2012 1181 2047 basihcil'
1197 2013 1242 2055 P,
1269 1990 1361 2054 εαξη
1382 2012 1495 2048 fihms

153 2059 200 2102 B,
225 2059 442 2094 versiculum
468 2059 675 2094 emendauit
703 2058 745 2093 O.
770 2058 989 2094 Ribbeckius
1015 2059 1115 2094 Mus.
1142 2058 1255 2094 Rhen.
1281 2061 1391 2102 1872,
1418 2061 1491 2096 182

153 2104 235 2140 orbi
260 2106 344 2140 add.
371 2105 588 2140 Ribbeckius
690 2108 732 2139 16
758 2104 804 2139 fit
827 2102 873 2139 B'
969 2109 1010 2140 17
1037 2115 1125 2150 rego
1151 2104 1199 2139 P'
1290 2106 1491 2149 potentat*

151 2162 271 2187 omme
297 2152 334 2186 P
432 2155 475 2187 18
500 2151 576 2186 fere
622 2148 668 2185 B'
764 2151 882 2198 prelia
905 2151 952 2195 B,
977 2152 1118 2196 praeha
1142 2151 1178 2185 P
1268 2155 1314 2186 20
1335 2150 1491 2196 prolatis

151 2199 388 2234 Ribbeck-ius:
408 2197 571 2242 praelatis
592 2197 696 2242 (BP)
763 2201 806 2231 21
830 2197 1016 2232 disseuere
1035 2198 1270 2233 Ribbeckius:
1289 2198 1472 2232 disseruer

154 2245 255 2290 (BP)
346 2244 474 2279 denter
494 2243 539 2279 B'
626 2247 671 2279 24
696 2244 856 2279 faborim
879 2244 954 2279 BP
1038 2248 1082 2279 25
1107 2244 1310 2280 terentmas
1329 2244 1366 2278 P
1435 2247 1470 2291 &2

155 2302 177 2326 a
201 2294 331 2327 tenero
360 2291 434 2326 BP
1487 2314 1490 2316 v
