1526 2444
120 83 177 124 60
505 123 509 128 ,
636 83 734 119 SAT.
759 83 885 119 LIBRI
907 84 925 118 1

125 189 245 230 uelut
279 188 379 243 iugo
423 189 622 231 concordi
657 189 798 244 iungit
839 190 1110 232 matrimonia
1153 189 1444 244 amicitiasque

58 249 112 290 12
127 246 352 301 componit.
413 246 485 288 sed
517 244 704 289 CINGIVS
734 246 779 288 in
810 261 859 289 eo
890 248 1018 302 libro,
1048 261 1173 302 quem
1209 247 1259 288 de
1289 259 1445 290 FASTIS

125 304 311 358 reliquit,
342 304 402 345 ait
432 304 665 358 imperite
702 305 940 359 quosdam
983 305 1183 359 opinari
1220 305 1447 359 Aprilem
1487 327 1490 330 ·

126 375 340 403 mensem
366 362 602 415 antiquos
628 376 653 403 a
676 361 869 404 Venere
895 363 1106 418 dixisse,
1136 377 1245 404 cum
1275 363 1446 404 nullus

127 419 233 460 dies
265 420 427 460 festus
464 420 755 474 nullumque
788 420 1103 462 sacrificium
1132 421 1336 474 insigne
1362 419 1449 461 Ve-

126 477 237 517 neri
266 490 354 530 per
383 476 512 518 hunc
542 491 759 518 mensem
790 491 815 518 a
846 478 1123 520 maioribus
1153 478 1451 519 institutum

128 534 213 587 sit,
262 533 346 575 sed
390 548 451 575 ne
494 534 547 575 in
595 534 904 576 carminibus
954 535 1150 589 quidem
1199 534 1452 576 Saliorum

126 591 343 633 Veneris
374 591 484 633 ulla
514 594 568 633 ut
599 594 878 633 ceterorum
910 593 1207 634 caelestium
1239 593 1348 634 laus
1381 606 1454 634 ce-

60 653 113 695 13
129 649 367 690 lebretur.
399 648 552 704 Cingio
572 650 700 691 etiam
713 649 876 692 VARRO
897 650 1107 692 consentit
1125 650 1351 692 adfirmans
1370 664 1453 692 no-

130 721 240 749 men
269 705 487 748 Veneris
518 721 577 748 ne
609 708 699 748 sub
730 708 934 762 regibus
972 707 1169 761 quidem
1200 707 1328 761 apud
1359 707 1453 749 Ro-

133 778 305 806 manos
351 765 433 806 uel
482 763 718 806 Latinum
766 765 847 806 uel
897 765 1136 807 Graecum
1183 765 1359 816 fuisse,
1408 767 1455 807 et

133 823 244 864 ideo
276 836 374 864 non
404 823 635 876 potuisse
671 836 888 864 mensem
919 837 944 864 a
974 822 1167 864 Venere
1196 822 1454 865 nominari.

62 884 115 925 14
134 880 205 922 sed
236 894 331 922 cum
354 879 442 921 fere
467 883 566 921 ante
591 880 902 934 aequinoctium
926 895 1104 922 uernum
1128 880 1251 922 triste
1282 880 1340 922 sit
1369 894 1456 922 cae-

134 939 224 979 lum
255 940 299 979 et
328 937 511 979 nubibus
544 938 792 992 obductum,
823 938 897 980 sed
927 941 970 980 et
999 952 1113 979 mare
1149 938 1454 992 nauigantibus
1492 983 1494 986 ,

136 996 339 1049 clausum,
369 997 508 1037 terrae
539 996 667 1037 etiam
697 996 816 1050 ipsae
847 998 921 1037 aut
951 1010 1061 1050 aqua
1097 998 1171 1037 aut
1201 996 1354 1050 pruina
1384 998 1457 1037 aut

135 1053 305 1095 niuibus
337 1055 633 1108 contegantur,
674 1068 804 1108 eaque
841 1054 984 1096 omnia
1019 1068 1168 1107 uerno,
1203 1053 1246 1094 id
1282 1055 1347 1095 est
1375 1053 1456 1096 hoc

135 1125 298 1165 mense,
330 1111 592 1164 aperiantur,
622 1111 795 1153 arbores
827 1125 991 1177 quoque
1021 1125 1098 1153 nec
1128 1112 1266 1152 minus
1298 1113 1456 1166 cetera,

134 1183 239 1223 quae
271 1168 462 1210 continet
492 1171 623 1223 terra,
661 1169 824 1224 aperire
862 1184 906 1210 se
942 1170 987 1210 in
1023 1183 1196 1223 germen
1232 1169 1456 1222 incipiant:

134 1227 188 1268 ab
218 1226 286 1267 his
319 1226 515 1268 omnibus
547 1241 734 1268 mensem
766 1226 957 1292 Aprilem
988 1226 1070 1268 dici
1100 1227 1249 1267 merito
1289 1226 1455 1267 creden·
1494 1227 1496 1230 ’

134 1284 232 1325 dum
277 1287 358 1335 est,
396 1284 522 1353 quasi
565 1283 838 1350 Aperilem,
879 1284 988 1326 sicut
1026 1283 1137 1338 apud
1173 1283 1454 1325 Athenienses

134 1338 442 1396 ἄνθεστηριών
478 1341 589 1383 idem
626 1342 783 1384 mensis
821 1344 1000 1383 uocatur
1037 1342 1089 1383 ab
1123 1355 1189 1396 eo,
1227 1341 1340 1395 quod
1374 1341 1456 1383 hoc
1497 1370 1500 1372 -

69 1403 122 1444 15
137 1402 327 1453 tempore
353 1402 506 1441 cuncta
530 1399 765 1441 florescant.
819 1414 904 1441 non
927 1402 1070 1441 tamen
1095 1402 1226 1453 negat
1251 1399 1456 1441 VERRIVS

136 1457 345 1499 FLAOCVS
395 1457 487 1499 hoc
530 1457 608 1499 die
650 1460 830 1511 postea
871 1458 1225 1510 constitutum,
1267 1460 1322 1498 ut
1361 1471 1458 1498 ma-

134 1518 316 1557 tronae
340 1514 526 1556 Veneri
552 1529 746 1556 sacrum
770 1515 1017 1568 facerent,
1048 1515 1165 1557 cuius
1190 1515 1251 1556 rei
1277 1528 1458 1569 causam,

136 1573 236 1627 quia
266 1572 365 1614 huic
395 1572 489 1615 loco
520 1587 607 1615 non
638 1573 851 1628 conuenit,
879 1573 1230 1626 praetereundum
1261 1575 1335 1614 est.
1502 1620 1504 1622 v

65 1632 118 1673 16
253 1630 439 1671 Maium
475 1629 683 1672 Romulus
719 1631 892 1671 tertium
923 1630 1077 1684 posuit.
1144 1629 1194 1671 de
1231 1630 1348 1671 cuius
1382 1644 1456 1671 110-
1499 1636 1503 1637 ⁷

137 1688 250 1729 mine
280 1688 392 1729 inter
423 1690 616 1729 auctores
646 1688 736 1730 lata
766 1688 972 1730 dissensio
1003 1690 1078 1729 est.
1130 1701 1230 1728 nam
1254 1686 1456 1730 FVLVIVS
1500 1734 1502 1737 ,

136 1745 364 1787 NOBILIOR
393 1745 436 1786 in
467 1756 642 1800 FASTIS,
673 1759 777 1799 quos
809 1746 853 1787 in
885 1745 986 1787 aede
1015 1745 1211 1787 Herculis
1240 1744 1457 1787 Musarum

135 1803 298 1858 posuit,
344 1802 604 1844 Romulum
654 1803 772 1857 dicit,
820 1805 1088 1858 postquam
1127 1803 1365 1856 populum
1407 1803 1458 1844 in
1502 1803 1507 1828 ’-

134 1861 352 1902 maiores
401 1860 726 1915 iunioresque
780 1861 982 1915 diuisit,
1034 1864 1088 1902 ut
1135 1860 1298 1901 altera
1337 1875 1488 1915 parea

229 1955 250 1985 2
275 1950 379 1985 festis
398 1950 436 1985 P
515 1953 536 1984 8
562 1950 807 1986 celebraretur
832 1951 852 1986 b
930 1954 950 1985 9
977 1960 1105 1995 cangio
1130 1954 1172 1986 ut
1194 1951 1270 1986 wid.
1295 1950 1332 1984 P
1404 1949 1456 1984 af-

134 1996 288 2032 firmans
309 1997 346 2031 P
434 1999 477 2031 10
500 1996 640 2040 regulis
659 1997 696 2031 P
780 1997 929 2041 quidem
953 2007 1186 2031 romanorum
1210 1997 1271 2031 uel
1294 1996 1332 2030 P
1413 2000 1454 2031 11

131 2046 226 2097 geon
254 2039 298 2077 P‘
395 2045 437 2077 12
462 2046 623 2077 mentem
647 2043 690 2077 ni
712 2043 824 2085 fallor
847 2040 893 2078 B'
992 2047 1034 2077 13
1058 2042 1207 2088 uer-*lusi
1236 2042 1273 2076 P
1295 2042 1416 2086 (etiam
1438 2053 1458 2076 r
1501 2075 1504 2078 ⁴

131 2101 173 2169 21³1,
177 2091 282 2168 flas)
300 2089 348 2168 i?
370 2088 424 2167 Pt
491 2091 542 2168 11³5
573 2088 722 2124 *clausu
751 2089 816 2169 PP
881 2088 1096 2169 1167111181Ζ11111Γ
1122 2087 1272 2169 γεηῖξα.
1301 2087 1462 2168 Ιὲιίδιέἡιΐ

294 2146 313 2168 c
337 2144 356 2168 e
383 2145 404 2168 a
424 2146 478 2168 ur
619 2144 755 2169 uerno*
964 2146 982 2169 c
1017 2144 1080 2168 era
1102 2144 1157 2169 om

131 2145 476 2216 ΤΕ(ΤΕΡΙωῐΞ**
460 2180 502 2214 in
525 2190 597 2216 ras.
622 2180 664 2214 in
691 2180 726 2214 P
811 2184 856 2214 23
881 2180 991 2215 hod1e
1014 2179 1141 2225 postea
1164 2179 1202 2214 P
1279 2183 1325 2214 24
1350 2179 1457 2214 causa

134 2227 172 2261 P
247 2229 292 2260 25
316 2226 584 2281 praetereunda
600 2237 642 2270 p,
671 2226 976 2270 praetereundam
999 2229 1065 2261 aut
1087 2225 1395 2270 praetereundum
1421 2225 1460 2260 P

133 2276 177 2308 27
203 2272 336 2308 flumus
355 2270 401 2307 B'
474 2275 519 2307 28
531 2273 710 2317 posterior
734 2282 754 2307 e
772 2273 814 2308 in
832 2272 899 2319 ede
918 2273 960 2308 in
977 2282 1050 2308 ras.
1068 2272 1110 2307 in
1126 2271 1165 2307 P
