1526 2444
489 88 560 124 ΧΠ
585 91 724 124 32—38
758 86 844 122 ΧΠΙ
872 90 963 122 1-4
1313 84 1402 126 455

56 198 270 240 iaciuntur
298 197 344 239 in
375 197 574 250 Pontum,
605 196 721 239 foras
751 196 870 250 pelli,
904 195 941 237 si
971 208 1074 236 uero
1106 194 1305 236 columna
1332 193 1401 234 de-

56 256 217 310 ciderit,
248 256 481 298 introrsum
513 255 678 297 minari.
735 257 778 296 et
804 255 887 296 hoc
914 268 1040 308 saepe
1066 267 1146 295 usu
1171 252 1400 307 probatum

56 317 141 370 est,
188 317 238 357 ut
279 315 482 371 grauiora
525 329 716 370 quaeque
759 314 805 356 in
834 313 981 356 ,fundo
1026 310 1302 366 Propontidis
1347 310 1401 352 ad

54 373 183 416 Ponti
214 374 421 416 interiora
450 373 695 429 pellantur?

14 445 31 470 5
172 432 370 475 ‘Adiecta
394 433 476 475 hac
501 447 587 475 una
611 431 927 474 consultatione
952 430 1152 485 reticebo,
1178 444 1252 472 cur
1275 442 1401 471 omne
1415 429 1470 471 38

56 491 246 534 dulcium
277 492 418 548 magis
449 492 569 534 dulce
594 491 777 546 uidetur,
808 505 905 533 cum
931 489 1133 545 frigidum
1161 491 1239 545 est,
1270 502 1400 543 quam

55 550 91 591 si
124 550 314 593 caleat?
370 551 593 607 respondit
617 549 814 592 Disarius
847 549 988 593 calor
1020 563 1194 590 sensum
1221 549 1403 602 occupat

55 612 97 651 et
129 612 351 665 gustatum
384 609 559 665 linguae
592 609 736 652 feruor
761 608 1005 663 intel-pedit.
1055 607 1150 649 ideo
1178 621 1401 662 exaspera-

54 668 172 710 tione
223 669 308 710 oris
358 672 595 736 praeuenta
643 668 836 710 suauitas
883 666 1134 709 excluditur.
1208 665 1320 720 quod
1365 664 1402 706 si

3 737 37 763 10
56 727 211 769 caloris
256 727 370 769 absit
412 727 588 782 iniuria,
631 730 723 768 tum
761 726 932 767 demum
970 727 1114 780 potest
1154 725 1304 779 lingua
1341 724 1402 765 in-

56 786 214 827 columi
258 786 552 828 blandimento
590 783 858 827 dulcedinem
894 799 972 839 pro
1010 784 1165 826 merito
1205 783 1296 825 eius
1336 797 1403 824 ex-

56 845 208 900 cipere.
257 847 480 899 praeterea
508 859 633 886 sucus
660 844 795 886 dulcis
822 858 897 898 per
924 844 1110 885 calorem
1135 857 1223 884 non
1243 842 1402 896 inpune

54 906 253 958 penetrat
295 918 502 946 uenarum
546 903 828 957 receptacula,
873 904 915 944 et
957 902 1053 944 ideo
1096 916 1210 944 noxa
1248 901 1404 943 minuit

55 961 350 1018 uoluptatem?

0 1049 35 1076 ²⁵
174 1043 389 1088 Successit
407 1044 565 1098 Horus,
590 1047 634 1086 εὴ
659 1044 777 1086 ‘cum
804 1043 963 1085 multa'
984 1043 1125 1099 inquit
1150 1041 1223 1084 ‘de
1249 1043 1354 1097 potu
1369 1040 1474 1083 XIII

55 1107 98 1146 et
144 1103 290 1146 cibatu
335 1104 573 1158 quaesisset
610 1103 823 1159 Auienus,
864 1117 997 1144 unum
1038 1102 1222 1144 maxime
1260 1115 1402 1143 neces-

55 1163 235 1215 sarium,
279 1165 431 1217 sponte
471 1177 525 1204 an
563 1163 723 1205 oblitus
761 1163 937 1218 ignoro,
973 1160 1284 1217 praetermisit,
1329 1174 1403 1202 cur

52 1221 184 1263 ieiuni
214 1222 354 1276 magis
387 1222 536 1263 sitiant
568 1236 695 1276 quam
729 1221 937 1263 esuriant.
986 1221 1067 1263 hoc
1098 1220 1144 1262 in
1175 1233 1403 1262 commune

53 1280 191 1336 nobis,
221 1279 379 1333 Disari,
412 1280 449 1322 si
479 1280 662 1334 uidetur,
697 1278 903 1322 absolue?

2 1356 37 1383 20
173 1339 232 1381 Et
261 1338 379 1380 ille
383 1353 473 1380 rem
505 1341 694 1381 tractatu
726 1338 913 1395 dignam'
945 1339 1085 1393 inquit
1110 1337 1243 1380 ‘Hore
1275 1338 1444 1393 quae-2

55 1398 163 1452 sisti,
195 1398 270 1440 sed
297 1398 417 1440 cuius
443 1398 554 1440 ratio
586 1399 632 1439 in
659 1401 807 1452 aperto
834 1398 901 1440 sit.
964 1412 1063 1440 cum
1096 1397 1210 1439 enim
1243 1396 1404 1438 animal

55 1471 108 1499 ex
139 1432 319 1498 diuersis
351 1459 520 1499 constet
551 1457 792 1511 elementis,
829 1471 961 1499 unum
994 1459 1061 1498 est
1092 1456 1144 1497 de
1174 1456 1262 1509 his,
1295 1469 1403 1511 quae

3 1532 7 1534 ’
55 1530 209 1570 corpus
254 1515 465 1570 efficiunt,
509 1517 623 1571 quod
668 1519 711 1557 et
758 1516 896 1558 solum
947 1518 1022 1556 aut
1060 1515 1245 1556 maxime
1286 1515 1405 1556 ultra

55 1578 198 1616 cetera
237 1580 385 1629 aptum
427 1575 511 1617 sibi
551 1578 731 1630 quaerat
768 1575 1040 1629 alimentum,
1077 1575 1265 1616 calorem
1297 1573 1403 1626 dico,

3 1649 38 1677 25
58 1633 131 1689 qui
172 1634 380 1689 liquorem
425 1634 506 1675 sibi
546 1634 680 1689 exigit
725 1634 975 1676 ministrari.
1043 1636 1158 1675 certe
1204 1633 1256 1674 de
1299 1632 1444 1688 ipsis3

55 1694 258 1747 quattuor
307 1693 529 1735 elementis
579 1693 842 1735 extrinsecus
880 1693 1075 1734 uidemus
1124 1706 1204 1734 nec
1248 1706 1404 1747 aquam

54 1765 132 1792 nec
158 1765 297 1793 aerem
329 1765 465 1806 neque
496 1754 657 1794 terram
684 1752 858 1807 aliquid,
891 1767 974 1806 quo
1007 1752 1151 1793 alatur
1182 1753 1258 1793 aut
1290 1751 1403 1806 quod

54 1813 299 1864 consumat,
339 1811 508 1866 exigere
544 1811 794 1866 nullamque
830 1825 990 1853 noxam
1027 1810 1181 1852 uicinis
1220 1810 1291 1852 uel
1330 1810 1402 1851 ad-

52 1869 208 1922 positis
235 1869 319 1911 sibi
344 1870 472 1912 rebus
497 1869 666 1924 inferre,
698 1870 814 1911 solus
841 1869 957 1926 ignis
983 1869 1178 1912 alimenti
1203 1870 1402 1924 perpetui

2 1941 38 1969 ιο
56 1927 264 1970 desiderio
292 1928 492 1983 quicquid
518 1929 695 1970 offendit
721 1929 922 1970 absumit.
983 1929 1145 1984 inspice
1171 1931 1214 1970 et
1237 1929 1444 1983 primae4

57 1987 214 2028 aetatis
246 1987 491 2041 infantiam,
523 1990 734 2042 quantum
773 1988 915 2029 cibum
951 1987 1085 2030 nimio
1124 1987 1266 2030 calore
1305 2002 1403 2029 con-

56 2045 190 2100 ficiat,
229 2048 272 2087 et
305 2050 454 2088 contra
486 2060 608 2088 senes
640 2046 767 2089 facile
798 2048 944 2101 cogita
974 2048 1160 2089 tolerare
1192 2047 1399 2089 ieiunium

54 2105 178 2158 quasi
209 2105 419 2147 exstincto
451 2105 564 2160 ignis
596 2106 756 2160 calore,
794 2106 867 2161 qui
903 2107 1179 2148 nutrimentis
1217 2107 1403 2148 recreari

0 2187 1 2209 2
55 2163 174 2204 solet.
236 2163 310 2205 scd
353 2167 396 2206 et
441 2164 583 2206 media
625 2167 765 2219 aetas,
805 2165 841 2206 si
893 2166 1028 2207 multo
1079 2165 1280 2207 exercitio
1332 2179 1401 2206 ex-

149 2329 191 2361 12
210 2337 361 2372 impune
389 2326 426 2360 P
