1526 2444
164 78 249 120 304
672 76 769 112 SAT.
793 75 921 111 LIBRI
944 75 977 108 V

163 184 376 226 Homerus
398 181 552 236 ”Εριν,
594 182 637 223 id
673 184 738 223 est
773 182 1105 235 contentionem,
1147 194 1172 221 a
1208 193 1341 234 paruo
1377 178 1482 220 dixit

163 243 363 295 incipere,
401 244 443 282 et
478 242 626 294 postea
662 241 706 280 in
739 241 1044 280 incrementum
1075 238 1127 280 ad
1158 238 1320 279 caelum
1351 250 1482 290 usque

166 313 440 342 succrescere.
499 297 580 339 hoc
616 297 727 338 idem
763 296 881 338 Maro
919 297 968 338 de
1006 296 1137 338 Fama
1174 295 1279 336 dixit
1315 294 1386 335 sed
1420 295 1483 335 in-

96 358 150 400 32
166 370 360 411 congrue.
421 370 552 409 neque
591 355 703 396 enim
740 369 872 408 aequa
909 357 1008 396 sunt
1045 355 1273 407 augmenta
1310 353 1484 393 conten-

165 415 295 456 tionis
328 417 371 455 et
401 414 555 466 famae,
592 413 690 466 quia
718 412 947 463 contentio,
977 412 1057 452 etsi
1082 424 1212 464 usque
1237 410 1289 451 ad
1313 411 1483 450 mutuas
1519 424 1526 451 ι

168 472 430 513 uastationes
469 485 517 512 ac
549 471 661 511 bella
691 469 961 524 processerit,
999 469 1133 510 adhuc
1163 468 1377 509 contentio
1409 470 1486 519 est,

169 533 212 571 et
242 532 387 570 manet
414 529 521 582 ipsa,
553 542 657 581 quae
683 527 828 580 creuit,
858 526 971 567 fama
1000 541 1100 568 uero
1127 540 1220 567 cum
1245 525 1290 566 in
1313 525 1484 565 immen-

170 602 262 628 sum
293 586 446 640 prodit,
477 587 591 627 fama
623 599 714 626 esse
744 585 830 625 iam
859 584 1012 625 desinit
1037 588 1079 624 et
1102 584 1150 625 fit
1173 583 1290 625 notio
1315 583 1376 623 rei
1401 582 1486 623 iam

168 645 374 698 cognitae.
436 644 528 698 quis
566 643 677 684 enim
708 643 792 684 iam
824 642 982 683 famam
1011 645 1152 692 uocet,
1189 655 1282 682 cum
1312 654 1380 680 res
1412 640 1486 680 ali-

169 717 253 756 qua
290 717 314 743 a
349 706 464 743 terra
499 702 543 741 in
582 701 745 742 caelum
784 703 888 740 nota
919 699 1003 740 sit?
1065 698 1212 740 deinde
1241 712 1319 739 nec
1348 698 1526 751 ipsamu

168 760 428 814 hyperbolen
477 759 617 812 potuit
665 771 856 812 aequare.
927 757 999 798 ille
1042 756 1204 798 caelum
1248 755 1369 806 dixit,
1419 755 1488 796 hic
1523 758 1526 794 i

101 818 157 860 33
173 832 296 859 auras
328 820 371 858 et
400 816 557 858 nubila.
611 816 716 856 haec
747 818 888 856 autem
920 815 1026 856 ratio
1058 814 1140 855 fuit
1167 827 1253 855 non
1284 812 1488 867 aequandi

170 876 327 927 omnia,
371 888 477 929 quae
514 874 567 915 ab
606 877 776 915 auctore
812 874 1100 926 transcripsit,
1144 871 1255 925 quod
1290 870 1337 911 in
1373 870 1488 911 omni

171 933 310 987 operis
354 932 421 973 sui
464 934 583 985 parte
626 931 800 972 alicuius
839 930 1052 971 Homerici
1089 929 1172 970 loci
1207 928 1487 970 imitationem

171 991 346 1032 uolebat
387 990 588 1043 inserere,
630 1003 707 1030 nec
749 992 891 1028 tamen
935 988 1130 1028 humanis
1173 986 1333 1027 uiribus
1370 985 1526 1030 illamu

171 1048 441 1089 diuinitatem
478 1047 634 1100 ubique
671 1048 840 1100 poterat
876 1059 1074 1099 aequare,
1109 1046 1157 1085 ut
1193 1045 1235 1084 in
1273 1043 1347 1084 illo
1383 1043 1490 1095 loco,

172 1120 297 1161 quem
326 1105 425 1146 uolo
458 1105 644 1146 omnium
675 1108 868 1145 nostrum
899 1103 1052 1144 iudicio
1081 1103 1124 1142 in
1149 1115 1367 1142 commune
1391 1114 1489 1154 pen·
1519 1098 1522 1100 ’

103 1164 160 1206 34
175 1164 269 1205 sari.
329 1161 520 1204 Minerua
550 1161 744 1203 Diomedi
782 1175 857 1201 suo
891 1160 1095 1214 pugnanti
1126 1159 1345 1200 dumtaxat
1373 1158 1490 1199 flam-

173 1236 338 1262 marum
369 1220 486 1261 addit
517 1220 722 1271 ardorem,
753 1222 795 1259 et
826 1219 938 1260 inter
966 1217 1152 1259 hostium
1178 1216 1325 1258 caedes
1349 1215 1491 1270 fulgor
1524 1227 1526 1229 ·

173 1279 324 1332 capitis
356 1279 422 1318 uel
455 1292 667 1319 armorum
700 1291 775 1329 pro
807 1276 939 1317 milite
971 1275 1156 1316 minatur
1507 1284 1526 1337 g

233 1358 331 1400 δαῖέ
358 1359 404 1399 οἱ
431 1358 477 1399 ἐκ
504 1360 695 1412 κόρυθός
727 1372 768 1398 τε
799 1355 870 1398 καὶ
901 1355 1081 1404 ἀσπίδος
1111 1355 1328 1408 ἀκάματον
1357 1359 1455 1408 πῦρ.

105 1442 255 1484 3511oe
303 1441 480 1481 miratus
530 1453 657 1492 supra
706 1437 876 1478 modum
919 1435 1135 1491 Vergilius
1178 1435 1385 1477 inmodice
1427 1437 1493 1476 est
1519 1429 1526 1487 f

174 1513 288 1540 usus.
348 1498 473 1539 modo
505 1497 614 1538 enim
646 1496 708 1537 ita
737 1496 788 1536 de
819 1494 961 1535 Turno
994 1494 1095 1535 dicit

453 1579 641 1619 tremunt
672 1577 750 1617 sub
780 1576 936 1617 uertice
967 1575 1118 1615 cristae
1515 1605 1526 1624 ,J

235 1635 493 1691 sanguineae
524 1636 742 1688 clipeoque
772 1633 972 1674 micantia
1002 1632 1179 1672 fulmina
1209 1632 1401 1672 mittunt:
1508 1634 1526 1685 ᾖ

177 1717 302 1758 modo
331 1717 442 1757 idem
472 1716 595 1770 ponit
625 1715 675 1756 de
706 1715 849 1756 Aenea

236 1797 356 1838 ardet
387 1810 494 1850 apex
525 1795 652 1849 capiti
684 1794 905 1848 cristisque
937 1807 984 1834 ac
1014 1793 1171 1834 uertice
1202 1793 1373 1834 flamma

236 1854 437 1907 funditur,
467 1856 510 1894 et
539 1855 684 1894 uastos
716 1852 844 1893 umbo
875 1851 1010 1893 uomit
1041 1865 1186 1892 aereus
1217 1851 1340 1905 ignis.

179 1934 291 1990 quod
315 1948 441 1988 quam
465 1935 707 1987 importune
733 1933 789 1974 sit
812 1931 1011 1985 positum,
1039 1932 1139 1973 hinc
1163 1932 1350 1985 apparet,
1381 1929 1509 1990 quod2

271 2086 314 2117 21
341 2082 372 2116 11
397 2083 421 2117 Ε
446 2085 468 2116 4
538 2084 584 2116 24
607 2082 696 2116 Aen.
725 2080 824 2115 VIIII
850 2083 916 2114 732
988 2083 1031 2115 27
1057 2079 1106 2114 ib.
1131 2079 1164 2113 X
1188 2081 1256 2112 270
1498 2038 1526 2144 Ξ

276 2225 293 2255 1
320 2221 422 2255 ΕΠΙΝ
448 2220 484 2254 Ρ
575 2223 596 2253 3
622 2218 820 2254 succescere
845 2219 881 2253 P
962 2221 1004 2252 19
1029 2219 1070 2252 in
1096 2216 1203 2252 ceder
1217 2215 1394 2261 posterior
1412 2224 1433 2249 e
1455 2201 1523 2252 inin?

180 2278 252 2303 ras.
276 2268 317 2302 i‘n
340 2267 376 2301 P
444 2269 486 2301 21
515 2267 711 2301 ΔΕΠΙΔΟΑ
735 2266 772 2300 Ρ
837 2265 935 2299 ΠΙΡ·
964 2265 999 2298 Ρ
1068 2267 1111 2299 25
1137 2264 1283 2308 clipioq.
1307 2259 1355 2296 P'
1499 2258 1503 2263 ’
