1526 2444
479 89 584 126 XIIII
610 93 748 126 13-15
787 89 855 125 XV
882 93 971 125 1-1
1319 87 1406 131 203

0 231 4 249 ·.
57 202 208 243 natus
246 202 339 254 est,
378 198 508 255 quod
546 199 588 241 ei
626 198 816 254 pisces,
852 198 936 254 qui
975 199 1187 240 auratae
1219 210 1406 239 uocan-

0 278 6 282 ·
57 261 158 314 tur,
198 258 454 301 carissimi
494 258 699 300 fuerint,
770 258 840 300 hic
881 259 946 299 est
987 256 1198 314 Sergius
1231 255 1406 311 Orata,
1422 258 1448 300 3

0 369 2 371 .
58 319 130 385 qui
161 318 326 373 primus
357 318 533 360 balneas
565 316 754 372 pensiles
787 316 961 371 habuit,
1001 316 1164 371 primus
1197 315 1408 358 ostrearia

0 389 5 411 ³«
58 378 106 419 in
144 377 310 419 Baiano
347 376 526 429 locauit,
562 375 727 432 primus
766 375 976 431 optimum
1015 389 1215 431 saporem
1254 374 1407 417 ostreis

0 430 258 479 ³⁵Lucrinis
303 410 579 478 adiudicaiiit.
651 435 734 477 fuit-
778 438 922 477 autem
967 436 1109 476 aetate
1153 434 1201 476 L.
1233 432 1408 476 Crassi

58 495 174 538 illius
213 495 381 551 diserti,
422 495 495 550 qui
533 509 662 562 quam
701 495 846 550 grauis
885 497 928 535 et
965 494 1099 536 serius
1131 493 1306 535 habitus
1339 493 1409 548 sit,

58 555 190 597 etiam
222 552 370 597 Cicero
403 554 540 597 docet,
601 555 638 596 is
670 556 817 596 tamen
850 552 1049 607 Crassus,
1089 553 1154 595 uir
1187 552 1448 595 censorius4

0 619 7 626 “’
61 638 111 644 -
146 628 248 655 nani
288 628 383 656 cum
417 612 490 656 Cn.
523 612 716 655 Domitio
756 627 906 655 censor
946 611 1030 654 fuit
1065 635 1114 641 —
1150 625 1246 653 cum
1278 626 1409 666 supra

58 675 220 715 ceteros
261 673 445 715 disertus
479 672 730 725 haberetur,
771 674 968 726 essetque
999 671 1112 712 inter
1144 670 1408 712 clarissimos

0 743 40 774 io
58 732 172 774 ciues
198 732 411 787 princeps,
442 734 590 773 tamen
615 745 835 773 murenam
861 730 905 771 in
931 729 1100 784 piscina
1126 729 1278 772 domus
1306 744 1408 772 suae

58 795 271 834 mortuam
322 793 488 833 atratus
537 792 760 845 tamquam
803 788 938 831 filiam
981 788 1105 831 luxit.
1174 802 1320 855 neque
1364 787 1450 830 id5

59 850 285 892 obscurum
326 850 425 903 fuit,
470 849 628 904 quippe
670 849 838 904 collega
869 838 1129 890 Domitius
1170 848 1216 889 in
1257 850 1409 890 senatu

57 909 139 951 hoc
177 909 216 950 ei
255 909 377 963 quasi
416 908 606 950 deforme
644 908 806 950 crimen
844 907 1018 961 obiecit,
1055 921 1192 961 neque
1230 906 1274 948 id
1312 921 1408 950 con-

0 976 17 1022 23.
57 967 169 1009 fiteri
200 966 382 1010 Crassus
421 967 594 1009 erubuit
631 967 705 1009 sed
742 967 855 1009 ultro
894 967 1042 1021 etiam,
1089 967 1125 1007 si
1159 965 1222 1008 dis
1254 966 1410 1021 placet,

0 1023 40 1079 ᾖε
58 1026 267 1082 gloriatus
293 1029 361 1069 est
392 1041 556 1080 censor,
588 1027 705 1082 piam
738 1026 1101 1080 affectuosamque
1133 1039 1224 1067 rem
1257 1026 1409 1068 fecisse

3 1090 16 1143 s⁴
57 1100 103 1128 se
127 1085 343 1128 iactitans.
403 1086 592 1141 piscinas
626 1088 770 1127 autem
801 1100 929 1140 quam
962 1082 1144 1127 refertas
1176 1083 1450 1127 habuerint6

3 1142 15 1163 ³
55 1145 381 1200 pretiosissimis
423 1145 614 1199 piscibus
655 1143 843 1187 Romani
886 1144 951 1186 illi
991 1143 1253 1186 nobilissimi
1292 1143 1409 1199 prin-

8 1254 11 1255 7
57 1204 191 1259 cipes,
234 1203 477 1247 Lucullus
519 1204 791 1259 Philippus
833 1205 876 1245 et
915 1202 1247 1258 Hortensius,
1299 1217 1408 1258 quos

58 1261 206 1306 Cicero
232 1264 542 1316 piscinarios
570 1263 774 1319 appellat,
806 1263 937 1304 etiam
962 1263 1072 1304 illud
1099 1262 1304 1304 indicium
1331 1264 1409 1316 est,

4 1326 40 1374 ῥυ
59 1322 173 1377 quod
212 1321 269 1364 M.
299 1321 465 1365 VARRO
506 1324 553 1364 in
593 1334 735 1364 nimio
774 1333 836 1363 DE
874 1333 987 1364 Aem
1026 1333 1241 1364 CVLTVRA
1277 1321 1411 1363 refert

14 1386 19 1391 ⁴
57 1380 114 1423 M.
147 1380 390 1424 Catonem
432 1382 518 1437 qui
551 1384 670 1436 post
703 1380 883 1422 Vticae
914 1380 1089 1435 periit,
1122 1394 1230 1422 cum
1261 1380 1410 1422 heres

2 1453 20 1490 '3
57 1443 372 1482 testamento
415 1441 618 1482 Luculli
669 1443 809 1482 esset
858 1440 1092 1494 relictus,
1142 1439 1310 1492 pisces
1354 1439 1411 1480 de

4 1528 16 1555 4
58 1499 259 1554 piscina
303 1500 412 1542 eius
460 1499 809 1554 quadraginta
849 1498 1062 1540 milibus
1104 1497 1411 1540 uendidisse.

10 1559 21 1584 ’-
59 1559 389 1600 accersebantur
439 1560 581 1600 autem
624 1572 862 1599 murenae
908 1557 959 1598 ad
1003 1557 1191 1611 piscinas
1235 1558 1449 1599 nostrae7

9 1619 45 1673 ξε
62 1617 181 1659 urbis
219 1618 273 1659 ab
310 1631 445 1672 usque
482 1617 593 1659 freto
632 1615 794 1671 Siculo,
833 1616 961 1671 quod*
987 1615 1204 1671 Rhegium
1242 1630 1268 1657 a
1299 1615 1410 1658 Mes—

11 1684 22 1734 3'
62 1690 168 1718 sana
211 1676 427 1732 dispescit.
490 1676 580 1718 illic
624 1676 736 1717 enim
782 1675 972 1729 optimae
1017 1690 1042 1716 a
1084 1675 1277 1730 prodigis
1319 1689 1411 1717 esse

63 1735 292 1777 creduntur
309 1738 413 1790 tam,
438 1735 657 1790 Hercules,
682 1749 810 1790 quam
831 1734 1112 1790 anguillae,
1138 1736 1181 1776 et
1206 1737 1412 1790 utraeque

158 1855 199 1887 19
226 1851 299 1887 cic.
326 1851 384 1887 ad.
412 1851 528 1887 Attio.
555 1851 571 1885 I
600 1855 653 1898 19,
681 1855 701 1886 6
728 1852 766 1886 et
790 1851 807 1885 I
832 1854 889 1895 20,
916 1854 936 1885 3
1011 1855 1057 1887 20
1083 1849 1136 1885 III
1163 1853 1195 1894 2,
1223 1854 1267 1886 17

12 1906 29 1946 ᾗ
154 1950 174 1981 2
199 1945 377 1982 karissimi
405 1946 441 1980 P
511 1950 534 1981 4
559 1945 724 1991 optimus
744 1949 786 1981 ut
810 1946 887 1981 uid.
915 1943 964 1981 P'
1035 1949 1055 1981 5
1081 1945 1170 1991 luciJ
1200 1945 1246 1990 P,
1266 1945 1357 1981 111011
1375 1945 1412 1980 Β

15 2020 29 2044 .:
61 1998 82 2029 8
107 2005 203 2039 gneo
228 1993 305 2028 BP
404 1993 565 2029 domicio
594 1994 630 2028 P
725 1996 745 2027 9
771 1992 947 2028 dissertus
966 1993 1003 2028 B
1101 1996 1145 2028 10
1171 1992 1351 2037 piscinam
1376 1993 1414 2028 B

63 2044 104 2075 11
107 2006 323 2077 gadtractus
343 2041 380 2077 B
473 2044 515 2076 12
542 2040 725 2076 domicius
747 2041 783 2075 P
874 2044 918 2076 15
945 2040 1211 2084 affectiosamq.
1236 2040 1323 2084 BP,
1349 2051 1412 2076 em.

0 2063 37 2126 i}
61 2089 172 2135 uulgo
276 2093 319 2123 17
344 2088 563 2124 nobilissimi
586 2089 629 2124 in
653 2099 725 2124 ras.
754 2099 793 2123 zn
818 2087 855 2122 P
958 2091 1001 2123 18
1027 2087 1202 2124 Lucullus
1230 2088 1413 2123 Zeunius:

19 2131 34 2154 ’Ἀ
61 2134 211 2171 lucilius
231 2135 307 2171 BP
381 2139 426 2171 20
452 2136 601 2171 marcus
620 2136 698 2171 BP
774 2138 818 2170 21
846 2146 1011 2171 marcum
1037 2136 1112 2171 BP
1181 2147 1246 2180 qui
1270 2134 1412 2191 postice

0 2185 2 2223 ᾗ
26 2180 37 2190 ”
61 2184 173 2228 periit
194 2183 231 2217 P
328 2184 459 2219 ubicae
485 2182 532 2219 B'
630 2187 674 2217 22
700 2183 819 2228 1110111]
846 2183 890 2227 P,
917 2183 1036 2218 lucilii
1061 2183 1098 2218 Β
1193 2182 1345 2218 relictos
1365 2181 1410 2217 B'

25 2220 42 2275 ζῗ
62 2232 108 2265 23
132 2229 346 2266 uendidiss'&
370 2231 445 2266 BP
552 2234 599 2266 24
625 2230 915 2266 Accersabantur
940 2231 976 2265 Β
1097 2233 1142 2266 25
1168 2241 1313 2275 regium
1338 2230 1416 2265 BP

24 2279 108 2312 .-26
134 2276 216 2322 disp
219 2276 314 2313 escit
337 2277 564 2315 Scriuerius:
592 2277 742 2324 respicit
769 2278 814 2322 P,
840 2277 998 2324 despicit
1022 2278 1058 2312 B
1180 2281 1224 2314 27
1252 2276 1412 2313 herculis

31 2323 143 2393 BP
168 2335 230 2360 em.
259 2326 370 2372 uulqo
