<?xml version="1.0" encoding="UTF-8"?>
<!DOCTYPE html PUBLIC "-//W3C//DTD XHTML 1.0 Transitional//EN"
    "http://www.w3.org/TR/xhtml1/DTD/xhtml1-transitional.dtd">
<html xmlns="http://www.w3.org/1999/xhtml" xml:lang="en" lang="en">
 <head>
  <title>
</title>
<meta http-equiv="Content-Type" content="text/html;charset=utf-8" />
  <meta name='ocr-system' content='tesseract 3.04.00' />
  <meta name='ocr-capabilities' content='ocr_page ocr_carea ocr_par ocr_line ocrx_word'/>
</head>
<body>
  <div class='ocr_page' id='page_1' title='image "./macrobiusfrancis00macruoft_0111.png"; bbox 0 0 1526 2444; ppageno 0'>
   <div class='ocr_carea' id='block_1_1' title="bbox 575 56 1379 99">
    <p class='ocr_par' dir='ltr' id='par_1_1' title="bbox 575 56 1379 99">
     <span class='ocr_line' id='line_1_1' title="bbox 575 56 1379 99; baseline 0.004 -3"><span class='ocrx_word' id='word_1_1' title='bbox 575 60 680 96; x_wconf 81' lang='lat' dir='ltr'>XVII</span> <span class='ocrx_word' id='word_1_2' title='bbox 705 63 845 96; x_wconf 80' lang='lat'>49-59</span> <span class='ocrx_word' id='word_1_3' title='bbox 1322 56 1379 99; x_wconf 86' lang='lat'>99</span> 
     </span>
    </p>
   </div>
   <div class='ocr_carea' id='block_1_2' title="bbox 0 165 1457 1932">
    <p class='ocr_par' dir='ltr' id='par_1_2' title="bbox 0 165 1457 1932">
     <span class='ocr_line' id='line_1_2' title="bbox 36 165 1457 225; baseline -0.005 -12"><span class='ocrx_word' id='word_1_4' title='bbox 36 171 281 214; x_wconf 85' lang='lat' dir='ltr'>substantia</span> <span class='ocrx_word' id='word_1_5' title='bbox 329 170 467 225; x_wconf 81' lang='lat' dir='ltr'>patris</span> <span class='ocrx_word' id='word_1_6' title='bbox 510 172 706 225; x_wconf 86' lang='lat' dir='ltr'>constet,</span> <span class='ocrx_word' id='word_1_7' title='bbox 753 168 861 211; x_wconf 88' lang='lat' dir='ltr'>haec</span> <span class='ocrx_word' id='word_1_8' title='bbox 904 166 1082 209; x_wconf 83' lang='lat' dir='ltr'>matris:</span> <span class='ocrx_word' id='word_1_9' title='bbox 1131 166 1167 208; x_wconf 91' lang='lat' dir='ltr'>si</span> <span class='ocrx_word' id='word_1_10' title='bbox 1211 165 1382 221; x_wconf 91' lang='lat' dir='ltr'>quidem</span> <span class='ocrx_word' id='word_1_11' title='bbox 1398 171 1457 214; x_wconf 83' lang='lat'>54</span> 
     </span>
     <span class='ocr_line' id='line_1_3' title="bbox 35 224 1384 284; baseline -0.005 -12"><span class='ocrx_word' id='word_1_12' title='bbox 35 230 247 272; x_wconf 82' lang='lat' dir='ltr'><strong>Latonam</strong></span> <span class='ocrx_word' id='word_1_13' title='bbox 278 229 450 284; x_wconf 80' lang='lat' dir='ltr'><strong>physici</strong></span> <span class='ocrx_word' id='word_1_14' title='bbox 485 228 636 271; x_wconf 87' lang='lat' dir='ltr'>uolunt</span> <span class='ocrx_word' id='word_1_15' title='bbox 665 230 826 270; x_wconf 88' lang='lat' dir='ltr'>terram</span> <span class='ocrx_word' id='word_1_16' title='bbox 858 226 1014 281; x_wconf 88' lang='lat' dir='ltr'>uideri,</span> <span class='ocrx_word' id='word_1_17' title='bbox 1051 225 1119 268; x_wconf 91' lang='lat' dir='ltr'>cui</span> <span class='ocrx_word' id='word_1_18' title='bbox 1151 224 1223 266; x_wconf 87' lang='lat' dir='ltr'>diu</span> <span class='ocrx_word' id='word_1_19' title='bbox 1254 225 1384 266; x_wconf 87' lang='lat' dir='ltr'>inter-</span> 
     </span>
     <span class='ocr_line' id='line_1_4' title="bbox 35 283 1386 343; baseline -0.004 -12"><span class='ocrx_word' id='word_1_20' title='bbox 35 289 154 331; x_wconf 89' lang='lat' dir='ltr'>uenit</span> <span class='ocrx_word' id='word_1_21' title='bbox 183 288 311 343; x_wconf 86' lang='lat' dir='ltr'>Iuno,</span> <span class='ocrx_word' id='word_1_22' title='bbox 341 302 395 330; x_wconf 91' lang='lat' dir='ltr'>ne</span> <span class='ocrx_word' id='word_1_23' title='bbox 426 288 620 342; x_wconf 88' lang='lat' dir='ltr'>numina,</span> <span class='ocrx_word' id='word_1_24' title='bbox 653 301 761 343; x_wconf 88' lang='lat' dir='ltr'>quae</span> <span class='ocrx_word' id='word_1_25' title='bbox 794 286 992 338; x_wconf 83' lang='lat' dir='ltr'><strong>diximus,</strong></span> <span class='ocrx_word' id='word_1_26' title='bbox 1024 285 1267 327; x_wconf 74' lang='lat' dir='ltr'>ederentur:</span> <span class='ocrx_word' id='word_1_27' title='bbox 1305 283 1386 326; x_wconf 89' lang='lat' dir='ltr'>hoc</span> 
     </span>
     <span class='ocr_line' id='line_1_5' title="bbox 35 343 1386 402; baseline -0.004 -12"><span class='ocrx_word' id='word_1_28' title='bbox 35 350 102 390; x_wconf 87' lang='lat' dir='ltr'>est</span> <span class='ocrx_word' id='word_1_29' title='bbox 139 362 228 402; x_wconf 86' lang='lat' dir='ltr'>aer,</span> <span class='ocrx_word' id='word_1_30' title='bbox 272 347 344 402; x_wconf 90' lang='lat' dir='ltr'>qui</span> <span class='ocrx_word' id='word_1_31' title='bbox 380 349 482 389; x_wconf 89' lang='lat' dir='ltr'>tunc</span> <span class='ocrx_word' id='word_1_32' title='bbox 518 346 690 388; x_wconf 87' lang='lat' dir='ltr'>umidus</span> <span class='ocrx_word' id='word_1_33' title='bbox 729 345 868 400; x_wconf 89' lang='lat' dir='ltr'>adhuc</span> <span class='ocrx_word' id='word_1_34' title='bbox 914 344 1143 400; x_wconf 82' lang='lat' dir='ltr'>granisque</span> <span class='ocrx_word' id='word_1_35' title='bbox 1181 343 1386 385; x_wconf 87' lang='lat' dir='ltr'>obstabat</span> 
     </span>
     <span class='ocr_line' id='line_1_6' title="bbox 0 402 1386 461; baseline -0.004 -13"><span class='ocrx_word' id='word_1_36' title='bbox 0 422 16 448; x_wconf 86' lang='lat'>⁵</span> <span class='ocrx_word' id='word_1_37' title='bbox 36 406 209 458; x_wconf 80' lang='lat' dir='ltr'>aetheri,</span> <span class='ocrx_word' id='word_1_38' title='bbox 233 420 286 448; x_wconf 91' lang='lat' dir='ltr'>ne</span> <span class='ocrx_word' id='word_1_39' title='bbox 310 405 455 461; x_wconf 82' lang='lat' dir='ltr'>fulgor</span> <span class='ocrx_word' id='word_1_40' title='bbox 478 406 689 448; x_wconf 91' lang='lat' dir='ltr'>luminum</span> <span class='ocrx_word' id='word_1_41' title='bbox 715 419 794 460; x_wconf 85' lang='lat' dir='ltr'>pei·</span> <span class='ocrx_word' id='word_1_42' title='bbox 812 404 974 446; x_wconf 87' lang='lat' dir='ltr'>umoris</span> <span class='ocrx_word' id='word_1_43' title='bbox 1001 403 1106 445; x_wconf 89' lang='lat' dir='ltr'>aerii</span> <span class='ocrx_word' id='word_1_44' title='bbox 1130 402 1386 445; x_wconf 75' lang='lat' dir='ltr'>densitatem</span> 
     </span>
     <span class='ocr_line' id='line_1_7' title="bbox 34 460 1455 520; baseline -0.003 -14"><span class='ocrx_word' id='word_1_45' title='bbox 34 467 256 520; x_wconf 81' lang='lat' dir='ltr'>tamquam</span> <span class='ocrx_word' id='word_1_46' title='bbox 300 479 322 507; x_wconf 92' lang='lat' dir='ltr'>e</span> <span class='ocrx_word' id='word_1_47' title='bbox 367 464 589 507; x_wconf 87' lang='lat' dir='ltr'>cuiusdam</span> <span class='ocrx_word' id='word_1_48' title='bbox 632 467 781 519; x_wconf 91' lang='lat' dir='ltr'>partus</span> <span class='ocrx_word' id='word_1_49' title='bbox 831 462 1137 518; x_wconf 86' lang='lat' dir='ltr'>progressione</span> <span class='ocrx_word' id='word_1_50' title='bbox 1186 460 1384 516; x_wconf 80' lang='lat' dir='ltr'>fulgeret.</span> <span class='ocrx_word' id='word_1_51' title='bbox 1399 466 1455 509; x_wconf 82' lang='lat'>55</span> 
     </span>
     <span class='ocr_line' id='line_1_8' title="bbox 36 519 1387 579; baseline -0.003 -13"><span class='ocrx_word' id='word_1_52' title='bbox 36 524 109 566; x_wconf 88' lang='lat' dir='ltr'>sed</span> <span class='ocrx_word' id='word_1_53' title='bbox 142 524 312 566; x_wconf 88' lang='lat' dir='ltr'>diuinae</span> <span class='ocrx_word' id='word_1_54' title='bbox 344 523 642 579; x_wconf 80' lang='lat' dir='ltr'>prouidentiae</span> <span class='ocrx_word' id='word_1_55' title='bbox 674 523 780 566; x_wconf 90' lang='lat' dir='ltr'>uicit</span> <span class='ocrx_word' id='word_1_56' title='bbox 811 522 1035 573; x_wconf 86' lang='lat' dir='ltr'>instantia,</span> <span class='ocrx_word' id='word_1_57' title='bbox 1067 535 1174 576; x_wconf 90' lang='lat' dir='ltr'>quae</span> <span class='ocrx_word' id='word_1_58' title='bbox 1200 519 1387 563; x_wconf 88' lang='lat' dir='ltr'>creditur</span> 
     </span>
     <span class='ocr_line' id='line_1_9' title="bbox 34 579 1385 638; baseline -0.003 -14"><span class='ocrx_word' id='word_1_59' title='bbox 34 583 196 625; x_wconf 91' lang='lat' dir='ltr'>iuuisse</span> <span class='ocrx_word' id='word_1_60' title='bbox 220 585 404 638; x_wconf 87' lang='lat' dir='ltr'>partum.</span> <span class='ocrx_word' id='word_1_61' title='bbox 454 582 550 624; x_wconf 90' lang='lat' dir='ltr'>ideo</span> <span class='ocrx_word' id='word_1_62' title='bbox 576 582 622 624; x_wconf 92' lang='lat' dir='ltr'>in</span> <span class='ocrx_word' id='word_1_63' title='bbox 652 582 793 624; x_wconf 87' lang='lat' dir='ltr'>insula</span> <span class='ocrx_word' id='word_1_64' title='bbox 818 580 927 624; x_wconf 90' lang='lat' dir='ltr'>Delo</span> <span class='ocrx_word' id='word_1_65' title='bbox 960 580 1012 622; x_wconf 88' lang='lat' dir='ltr'>ad</span> <span class='ocrx_word' id='word_1_66' title='bbox 1045 579 1385 622; x_wconf 87' lang='lat' dir='ltr'>confirmandam</span> 
     </span>
     <span class='ocr_line' id='line_1_10' title="bbox 34 638 1385 696; baseline -0.003 -13"><span class='ocrx_word' id='word_1_67' title='bbox 34 641 161 684; x_wconf 85' lang='lat' dir='ltr'>fidem</span> <span class='ocrx_word' id='word_1_68' title='bbox 186 640 358 683; x_wconf 85' lang='lat' dir='ltr'>fabulae</span> <span class='ocrx_word' id='word_1_69' title='bbox 386 641 510 683; x_wconf 88' lang='lat' dir='ltr'>aedes</span> <span class='ocrx_word' id='word_1_70' title='bbox 535 640 852 696; x_wconf 86' lang='lat' dir='ltr'>Prouidentiae‚</span> <span class='ocrx_word' id='word_1_71' title='bbox 878 654 1006 695; x_wconf 91' lang='lat' dir='ltr'>quam</span> <span class='ocrx_word' id='word_1_72' title='bbox 1031 638 1141 680; x_wconf 85' lang='grc' dir='ltr'>ναὸν</span> <span class='ocrx_word' id='word_1_73' title='bbox 1162 639 1385 694; x_wconf 79' lang='grc' dir='ltr'><strong><em>Προνοίας</em></strong></span> 
     </span>
     <span class='ocr_line' id='line_1_11' title="bbox 0 698 1453 755; baseline -0.003 -13"><span class='ocrx_word' id='word_1_74' title='bbox 0 716 15 741; x_wconf 86' lang='lat' dir='ltr'>o</span> <span class='ocrx_word' id='word_1_75' title='bbox 30 698 221 754; x_wconf 82' lang='grc' dir='ltr'><strong><em>Ἀθηνᾶς</em></strong></span> <span class='ocrx_word' id='word_1_76' title='bbox 247 701 480 755; x_wconf 87' lang='lat' dir='ltr'>appellant,</span> <span class='ocrx_word' id='word_1_77' title='bbox 505 703 607 755; x_wconf 87' lang='lat' dir='ltr'>apta</span> <span class='ocrx_word' id='word_1_78' title='bbox 631 700 838 755; x_wconf 82' lang='lat' dir='ltr'>religione</span> <span class='ocrx_word' id='word_1_79' title='bbox 858 698 1110 741; x_wconf 87' lang='lat' dir='ltr'>celebratur.</span> <span class='ocrx_word' id='word_1_80' title='bbox 1153 700 1382 752; x_wconf 90' lang='lat' dir='ltr'>propterea</span> <span class='ocrx_word' id='word_1_81' title='bbox 1396 702 1453 745; x_wconf 81' lang='lat'>56</span> 
     </span>
     <span class='ocr_line' id='line_1_12' title="bbox 32 756 1383 813; baseline -0.003 -12"><span class='ocrx_word' id='word_1_82' title='bbox 32 760 76 801; x_wconf 90' lang='lat' dir='ltr'>in</span> <span class='ocrx_word' id='word_1_83' title='bbox 121 759 264 801; x_wconf 90' lang='lat' dir='ltr'>insula</span> <span class='ocrx_word' id='word_1_84' title='bbox 308 759 507 801; x_wconf 89' lang='lat' dir='ltr'>dicuntur</span> <span class='ocrx_word' id='word_1_85' title='bbox 549 759 661 813; x_wconf 88' lang='lat' dir='ltr'>nati,</span> <span class='ocrx_word' id='word_1_86' title='bbox 706 758 819 813; x_wconf 89' lang='lat' dir='ltr'>quod</span> <span class='ocrx_word' id='word_1_87' title='bbox 863 772 914 799; x_wconf 86' lang='lat' dir='ltr'>ex</span> <span class='ocrx_word' id='word_1_88' title='bbox 956 757 1066 798; x_wconf 88' lang='lat' dir='ltr'>mari</span> <span class='ocrx_word' id='word_1_89' title='bbox 1107 756 1233 798; x_wconf 89' lang='lat' dir='ltr'>nobis</span> <span class='ocrx_word' id='word_1_90' title='bbox 1279 756 1383 798; x_wconf 91' lang='lat' dir='ltr'>oriri</span> 
     </span>
     <span class='ocr_line' id='line_1_13' title="bbox 32 816 1382 870; baseline -0.003 -10"><span class='ocrx_word' id='word_1_91' title='bbox 32 818 244 861; x_wconf 88' lang='lat' dir='ltr'>uidentur.</span> <span class='ocrx_word' id='word_1_92' title='bbox 306 818 413 860; x_wconf 91' lang='lat' dir='ltr'>haec</span> <span class='ocrx_word' id='word_1_93' title='bbox 443 817 585 859; x_wconf 89' lang='lat' dir='ltr'>insula</span> <span class='ocrx_word' id='word_1_94' title='bbox 615 817 710 859; x_wconf 90' lang='lat' dir='ltr'>ideo</span> <span class='ocrx_word' id='word_1_95' title='bbox 743 816 874 858; x_wconf 91' lang='lat' dir='ltr'>Delos</span> <span class='ocrx_word' id='word_1_96' title='bbox 904 818 1096 869; x_wconf 88' lang='lat' dir='ltr'>uocatur,</span> <span class='ocrx_word' id='word_1_97' title='bbox 1129 816 1230 870; x_wconf 87' lang='lat' dir='ltr'>quia</span> <span class='ocrx_word' id='word_1_98' title='bbox 1262 817 1382 857; x_wconf 85' lang='lat' dir='ltr'>ortus</span> 
     </span>
     <span class='ocr_line' id='line_1_14' title="bbox 33 874 1383 933; baseline -0.003 -14"><span class='ocrx_word' id='word_1_99' title='bbox 33 879 76 919; x_wconf 87' lang='lat' dir='ltr'>et</span> <span class='ocrx_word' id='word_1_100' title='bbox 118 878 240 933; x_wconf 88' lang='lat' dir='ltr'>quasi</span> <span class='ocrx_word' id='word_1_101' title='bbox 284 879 436 932; x_wconf 88' lang='lat' dir='ltr'>partus</span> <span class='ocrx_word' id='word_1_102' title='bbox 479 876 691 918; x_wconf 89' lang='lat' dir='ltr'>luminum</span> <span class='ocrx_word' id='word_1_103' title='bbox 729 876 873 918; x_wconf 89' lang='lat' dir='ltr'>omnia</span> <span class='ocrx_word' id='word_1_104' title='bbox 909 875 1015 918; x_wconf 90' lang='lat' dir='ltr'>facit</span> <span class='ocrx_word' id='word_1_105' title='bbox 1054 875 1187 929; x_wconf 81' lang='grc' dir='ltr'><em>δῆλα,</em></span> <span class='ocrx_word' id='word_1_106' title='bbox 1230 874 1273 915; x_wconf 91' lang='lat' dir='ltr'>id</span> <span class='ocrx_word' id='word_1_107' title='bbox 1317 875 1383 916; x_wconf 92' lang='lat' dir='ltr'>est</span> 
     </span>
     <span class='ocr_line' id='line_1_15' title="bbox 32 933 1450 992; baseline -0.001 -15"><span class='ocrx_word' id='word_1_108' title='bbox 32 938 202 992; x_wconf 87' lang='lat' dir='ltr'>aperta,</span> <span class='ocrx_word' id='word_1_109' title='bbox 238 935 483 978; x_wconf 82' lang='lat' dir='ltr'>clarescere.</span> <span class='ocrx_word' id='word_1_110' title='bbox 543 935 649 978; x_wconf 90' lang='lat' dir='ltr'>haec</span> <span class='ocrx_word' id='word_1_111' title='bbox 687 938 754 977; x_wconf 89' lang='lat' dir='ltr'>est</span> <span class='ocrx_word' id='word_1_112' title='bbox 789 938 934 977; x_wconf 89' lang='lat' dir='ltr'>autem</span> <span class='ocrx_word' id='word_1_113' title='bbox 966 935 1016 976; x_wconf 91' lang='lat' dir='ltr'>de</span> <span class='ocrx_word' id='word_1_114' title='bbox 1047 948 1150 976; x_wconf 88' lang='lat' dir='ltr'>nece</span> <span class='ocrx_word' id='word_1_115' title='bbox 1182 933 1380 975; x_wconf 90' lang='lat' dir='ltr'>draconis</span> <span class='ocrx_word' id='word_1_116' title='bbox 1395 938 1450 981; x_wconf 83' lang='grc'>57</span> 
     </span>
     <span class='ocr_line' id='line_1_16' title="bbox 0 992 1381 1050; baseline -0.001 -15"><span class='ocrx_word' id='word_1_117' title='bbox 0 995 142 1037; x_wconf 73' lang='lat' dir='ltr'>sratio</span> <span class='ocrx_word' id='word_1_118' title='bbox 173 995 394 1050; x_wconf 89' lang='lat' dir='ltr'>naturalis,</span> <span class='ocrx_word' id='word_1_119' title='bbox 426 997 473 1036; x_wconf 94' lang='lat' dir='ltr'>ut</span> <span class='ocrx_word' id='word_1_120' title='bbox 504 995 657 1037; x_wconf 83' lang='lat' dir='ltr'>scribit</span> <span class='ocrx_word' id='word_1_121' title='bbox 689 994 965 1036; x_wconf 81' lang='lat' dir='ltr'><strong>ANTIPATER</strong></span> <span class='ocrx_word' id='word_1_122' title='bbox 996 992 1204 1035; x_wconf 80' lang='lat' dir='ltr'>STOICVS.</span> <span class='ocrx_word' id='word_1_123' title='bbox 1266 1007 1381 1034; x_wconf 88' lang='lat' dir='ltr'>nam</span> 
     </span>
     <span class='ocr_line' id='line_1_17' title="bbox 29 1051 1380 1096; baseline -0.001 -1"><span class='ocrx_word' id='word_1_124' title='bbox 29 1056 197 1096; x_wconf 88' lang='lat' dir='ltr'>terrae</span> <span class='ocrx_word' id='word_1_125' title='bbox 254 1053 409 1096; x_wconf 88' lang='lat' dir='ltr'>adhuc</span> <span class='ocrx_word' id='word_1_126' title='bbox 462 1053 662 1096; x_wconf 89' lang='lat' dir='ltr'>umidae</span> <span class='ocrx_word' id='word_1_127' title='bbox 720 1053 985 1096; x_wconf 84' lang='lat' dir='ltr'>exhalatio</span> <span class='ocrx_word' id='word_1_128' title='bbox 1042 1051 1270 1094; x_wconf 88' lang='lat' dir='ltr'>meando</span> <span class='ocrx_word' id='word_1_129' title='bbox 1325 1052 1380 1094; x_wconf 92' lang='lat' dir='ltr'>in</span> 
     </span>
     <span class='ocr_line' id='line_1_18' title="bbox 30 1111 1380 1168; baseline -0.001 -14"><span class='ocrx_word' id='word_1_130' title='bbox 30 1127 214 1168; x_wconf 89' lang='lat' dir='ltr'>supera</span> <span class='ocrx_word' id='word_1_131' title='bbox 250 1112 474 1154; x_wconf 90' lang='lat' dir='ltr'>uolubili</span> <span class='ocrx_word' id='word_1_132' title='bbox 510 1113 705 1168; x_wconf 91' lang='lat' dir='ltr'>impetu</span> <span class='ocrx_word' id='word_1_133' title='bbox 743 1114 895 1168; x_wconf 89' lang='lat' dir='ltr'>atque</span> <span class='ocrx_word' id='word_1_134' title='bbox 926 1111 1042 1153; x_wconf 88' lang='lat' dir='ltr'>inde</span> <span class='ocrx_word' id='word_1_135' title='bbox 1075 1125 1204 1166; x_wconf 76' lang='lat' dir='ltr'>sese,</span> <span class='ocrx_word' id='word_1_136' title='bbox 1240 1113 1380 1165; x_wconf 87' lang='lat' dir='ltr'>post-</span> 
     </span>
     <span class='ocr_line' id='line_1_19' title="bbox 30 1170 1379 1227; baseline -0.001 -14"><span class='ocrx_word' id='word_1_137' title='bbox 30 1186 175 1226; x_wconf 87' lang='lat' dir='ltr'>quam</span> <span class='ocrx_word' id='word_1_138' title='bbox 207 1171 462 1214; x_wconf 86' lang='lat' dir='ltr'>calefacta</span> <span class='ocrx_word' id='word_1_139' title='bbox 493 1174 590 1227; x_wconf 84' lang='lat' dir='ltr'>est,</span> <span class='ocrx_word' id='word_1_140' title='bbox 627 1172 795 1214; x_wconf 88' lang='lat' dir='ltr'>instar</span> <span class='ocrx_word' id='word_1_141' title='bbox 827 1170 1085 1226; x_wconf 87' lang='lat' dir='ltr'>serpentis</span> <span class='ocrx_word' id='word_1_142' title='bbox 1117 1170 1379 1212; x_wconf 86' lang='lat' dir='ltr'>mortiferi</span> 
     </span>
     <span class='ocr_line' id='line_1_20' title="bbox 29 1229 1379 1285; baseline -0.001 -14"><span class='ocrx_word' id='word_1_143' title='bbox 29 1230 82 1271; x_wconf 89' lang='lat' dir='ltr'>in</span> <span class='ocrx_word' id='word_1_144' title='bbox 128 1229 297 1272; x_wconf 84' lang='lat' dir='ltr'>infera</span> <span class='ocrx_word' id='word_1_145' title='bbox 344 1230 658 1273; x_wconf 88' lang='lat' dir='ltr'>reuoluendo</span> <span class='ocrx_word' id='word_1_146' title='bbox 709 1230 1072 1285; x_wconf 87' lang='lat' dir='ltr'>corrumpebat</span> <span class='ocrx_word' id='word_1_147' title='bbox 1116 1229 1285 1271; x_wconf 87' lang='lat' dir='ltr'>omnia</span> <span class='ocrx_word' id='word_1_148' title='bbox 1328 1229 1379 1271; x_wconf 88' lang='lat' dir='ltr'>ui</span> 
     </span>
     <span class='ocr_line' id='line_1_21' title="bbox 0 1288 1378 1344; baseline 0 -15"><span class='ocrx_word' id='word_1_149' title='bbox 0 1288 337 1343; x_wconf 50' lang='lat' dir='ltr'>’putrediniffi</span> <span class='ocrx_word' id='word_1_150' title='bbox 374 1303 500 1344; x_wconf 90' lang='lat' dir='ltr'>quae</span> <span class='ocrx_word' id='word_1_151' title='bbox 536 1304 634 1332; x_wconf 92' lang='lat' dir='ltr'>non</span> <span class='ocrx_word' id='word_1_152' title='bbox 670 1290 773 1331; x_wconf 89' lang='lat' dir='ltr'>nisi</span> <span class='ocrx_word' id='word_1_153' title='bbox 810 1304 867 1331; x_wconf 83' lang='lat' dir='ltr'>ex</span> <span class='ocrx_word' id='word_1_154' title='bbox 906 1289 1076 1331; x_wconf 89' lang='lat' dir='ltr'>calore</span> <span class='ocrx_word' id='word_1_155' title='bbox 1115 1291 1165 1330; x_wconf 91' lang='lat' dir='ltr'>et</span> <span class='ocrx_word' id='word_1_156' title='bbox 1204 1302 1378 1330; x_wconf 88' lang='lat' dir='ltr'>umore</span> 
     </span>
     <span class='ocr_line' id='line_1_22' title="bbox 29 1347 1378 1403; baseline -0.001 -14"><span class='ocrx_word' id='word_1_157' title='bbox 29 1350 322 1403; x_wconf 87' lang='lat' dir='ltr'>generatur,</span> <span class='ocrx_word' id='word_1_158' title='bbox 354 1348 619 1403; x_wconf 90' lang='lat' dir='ltr'>ipsumque</span> <span class='ocrx_word' id='word_1_159' title='bbox 651 1349 814 1390; x_wconf 90' lang='lat' dir='ltr'>solem</span> <span class='ocrx_word' id='word_1_160' title='bbox 840 1348 1102 1390; x_wconf 88' lang='lat' dir='ltr'>densitate</span> <span class='ocrx_word' id='word_1_161' title='bbox 1129 1347 1378 1403; x_wconf 88' lang='lat' dir='ltr'>caliginis</span> 
     </span>
     <span class='ocr_line' id='line_1_23' title="bbox 29 1406 1379 1462; baseline -0.001 -14"><span class='ocrx_word' id='word_1_162' title='bbox 29 1406 318 1462; x_wconf 89' lang='lat' dir='ltr'>obtegendo</span> <span class='ocrx_word' id='word_1_163' title='bbox 349 1407 623 1449; x_wconf 91' lang='lat' dir='ltr'>uidebatur</span> <span class='ocrx_word' id='word_1_164' title='bbox 649 1407 863 1462; x_wconf 88' lang='lat' dir='ltr'>quodam</span> <span class='ocrx_word' id='word_1_165' title='bbox 895 1407 1042 1449; x_wconf 93' lang='lat' dir='ltr'>modo</span> <span class='ocrx_word' id='word_1_166' title='bbox 1074 1407 1244 1448; x_wconf 88' lang='lat' dir='ltr'>lumen</span> <span class='ocrx_word' id='word_1_167' title='bbox 1270 1406 1379 1448; x_wconf 91' lang='lat' dir='ltr'>eius</span> 
     </span>
     <span class='ocr_line' id='line_1_24' title="bbox 29 1465 1379 1508; baseline -0.001 -1"><span class='ocrx_word' id='word_1_168' title='bbox 29 1465 266 1507; x_wconf 84' lang='lat' dir='ltr'>eximere:</span> <span class='ocrx_word' id='word_1_169' title='bbox 309 1465 393 1507; x_wconf 87' lang='lat' dir='ltr'>sed</span> <span class='ocrx_word' id='word_1_170' title='bbox 430 1465 605 1508; x_wconf 91' lang='lat' dir='ltr'>diuino</span> <span class='ocrx_word' id='word_1_171' title='bbox 643 1466 846 1508; x_wconf 86' lang='lat' dir='ltr'>feruore</span> <span class='ocrx_word' id='word_1_172' title='bbox 877 1465 1142 1508; x_wconf 88' lang='lat' dir='ltr'>radiorum</span> <span class='ocrx_word' id='word_1_173' title='bbox 1173 1465 1379 1506; x_wconf 86' lang='lat' dir='ltr'>tandem</span> 
     </span>
     <span class='ocr_line' id='line_1_25' title="bbox 27 1524 1378 1579; baseline 0 -14"><span class='ocrx_word' id='word_1_174' title='bbox 27 1524 172 1566; x_wconf 89' lang='lat' dir='ltr'>uelut</span> <span class='ocrx_word' id='word_1_175' title='bbox 197 1524 409 1579; x_wconf 86' lang='lat' dir='ltr'>sagittis</span> <span class='ocrx_word' id='word_1_176' title='bbox 435 1524 787 1566; x_wconf 85' lang='lat' dir='ltr'>incidentibus</span> <span class='ocrx_word' id='word_1_177' title='bbox 815 1526 1093 1567; x_wconf 87' lang='lat' dir='ltr'>extenuata</span> <span class='ocrx_word' id='word_1_178' title='bbox 1119 1524 1378 1566; x_wconf 86' lang='lat' dir='ltr'>exsiccata</span> 
     </span>
     <span class='ocr_line' id='line_1_26' title="bbox 0 1582 1378 1639; baseline 0.001 -15"><span class='ocrx_word' id='word_1_179' title='bbox 0 1585 207 1625; x_wconf 70' lang='lat' dir='ltr'>senecta</span> <span class='ocrx_word' id='word_1_180' title='bbox 242 1583 540 1638; x_wconf 89' lang='lat' dir='ltr'>interempti</span> <span class='ocrx_word' id='word_1_181' title='bbox 578 1583 816 1626; x_wconf 89' lang='lat' dir='ltr'>draconis</span> <span class='ocrx_word' id='word_1_182' title='bbox 856 1584 915 1625; x_wconf 91' lang='lat' dir='ltr'>ab</span> <span class='ocrx_word' id='word_1_183' title='bbox 947 1583 1195 1639; x_wconf 90' lang='lat' dir='ltr'>Apolline</span> <span class='ocrx_word' id='word_1_184' title='bbox 1232 1582 1378 1625; x_wconf 88' lang='lat' dir='ltr'>fabu-</span> 
     </span>
     <span class='ocr_line' id='line_1_27' title="bbox 27 1641 1446 1697; baseline 0 -14"><span class='ocrx_word' id='word_1_185' title='bbox 27 1641 127 1684; x_wconf 89' lang='lat' dir='ltr'>lam</span> <span class='ocrx_word' id='word_1_186' title='bbox 157 1641 293 1684; x_wconf 86' lang='lat' dir='ltr'>fecit.</span> <span class='ocrx_word' id='word_1_187' title='bbox 343 1644 409 1684; x_wconf 89' lang='lat' dir='ltr'>cst</span> <span class='ocrx_word' id='word_1_188' title='bbox 440 1645 482 1683; x_wconf 92' lang='lat' dir='ltr'>et</span> <span class='ocrx_word' id='word_1_189' title='bbox 512 1643 597 1684; x_wconf 86' lang='lat' dir='ltr'>alia</span> <span class='ocrx_word' id='word_1_190' title='bbox 627 1643 739 1685; x_wconf 90' lang='lat' dir='ltr'>ratio</span> <span class='ocrx_word' id='word_1_191' title='bbox 772 1643 970 1685; x_wconf 87' lang='lat' dir='ltr'>draconis</span> <span class='ocrx_word' id='word_1_192' title='bbox 1001 1643 1225 1697; x_wconf 84' lang='lat' dir='ltr'>perempti.</span> <span class='ocrx_word' id='word_1_193' title='bbox 1273 1657 1374 1684; x_wconf 90' lang='lat' dir='ltr'>nam</span> <span class='ocrx_word' id='word_1_194' title='bbox 1391 1646 1446 1689; x_wconf 86' lang='lat'>58</span> 
     </span>
     <span class='ocr_line' id='line_1_28' title="bbox 27 1700 1377 1757; baseline 0 -14"><span class='ocrx_word' id='word_1_195' title='bbox 27 1700 131 1743; x_wconf 90' lang='lat' dir='ltr'>solis</span> <span class='ocrx_word' id='word_1_196' title='bbox 163 1703 329 1743; x_wconf 87' lang='lat' dir='ltr'>meatus</span> <span class='ocrx_word' id='word_1_197' title='bbox 360 1700 462 1744; x_wconf 91' lang='lat' dir='ltr'>licet</span> <span class='ocrx_word' id='word_1_198' title='bbox 493 1702 547 1743; x_wconf 92' lang='lat' dir='ltr'>ab</span> <span class='ocrx_word' id='word_1_199' title='bbox 580 1701 777 1757; x_wconf 85' lang='lat' dir='ltr'>ecliptica</span> <span class='ocrx_word' id='word_1_200' title='bbox 807 1701 922 1743; x_wconf 87' lang='lat' dir='ltr'>linea</span> <span class='ocrx_word' id='word_1_201' title='bbox 946 1716 1179 1757; x_wconf 90' lang='lat' dir='ltr'>numquam</span> <span class='ocrx_word' id='word_1_202' title='bbox 1205 1701 1377 1743; x_wconf 88' lang='lat' dir='ltr'>recedat</span> 
     </span>
     <span class='ocr_line' id='line_1_29' title="bbox 27 1760 1375 1815; baseline 0.001 -14"><span class='ocrx_word' id='word_1_203' title='bbox 27 1773 213 1815; x_wconf 85' lang='lat' dir='ltr'>sursum,</span> <span class='ocrx_word' id='word_1_204' title='bbox 249 1761 395 1802; x_wconf 90' lang='lat' dir='ltr'>tamen</span> <span class='ocrx_word' id='word_1_205' title='bbox 432 1774 482 1802; x_wconf 90' lang='lat' dir='ltr'>ac</span> <span class='ocrx_word' id='word_1_206' title='bbox 517 1760 716 1802; x_wconf 87' lang='lat' dir='ltr'>deorsum</span> <span class='ocrx_word' id='word_1_207' title='bbox 747 1762 974 1803; x_wconf 90' lang='lat' dir='ltr'>uentorum</span> <span class='ocrx_word' id='word_1_208' title='bbox 1006 1761 1123 1803; x_wconf 90' lang='lat' dir='ltr'>uices</span> <span class='ocrx_word' id='word_1_209' title='bbox 1156 1762 1275 1802; x_wconf 89' lang='lat' dir='ltr'>certa</span> <span class='ocrx_word' id='word_1_210' title='bbox 1306 1760 1375 1802; x_wconf 89' lang='lat' dir='ltr'>de-</span> 
     </span>
     <span class='ocr_line' id='line_1_30' title="bbox 26 1817 1375 1862; baseline 0 -2"><span class='ocrx_word' id='word_1_211' title='bbox 26 1817 206 1861; x_wconf 85' lang='lat' dir='ltr'>flexione</span> <span class='ocrx_word' id='word_1_212' title='bbox 255 1819 463 1861; x_wconf 90' lang='lat' dir='ltr'>uariando</span> <span class='ocrx_word' id='word_1_213' title='bbox 513 1819 595 1861; x_wconf 92' lang='lat' dir='ltr'>iter</span> <span class='ocrx_word' id='word_1_214' title='bbox 638 1834 763 1862; x_wconf 90' lang='lat' dir='ltr'>suum</span> <span class='ocrx_word' id='word_1_215' title='bbox 811 1820 931 1862; x_wconf 89' lang='lat' dir='ltr'>uelut</span> <span class='ocrx_word' id='word_1_216' title='bbox 972 1819 1131 1862; x_wconf 83' lang='lat' dir='ltr'>flexum</span> <span class='ocrx_word' id='word_1_217' title='bbox 1175 1818 1375 1862; x_wconf 87' lang='lat' dir='ltr'>draconis</span> 
     </span>
     <span class='ocr_line' id='line_1_31' title="bbox 0 1876 1445 1932; baseline 0.004 -13"><span class='ocrx_word' id='word_1_218' title='bbox 0 1876 223 1920; x_wconf 62' lang='lat' dir='ltr'>&gt;inuoluit</span> <span class='ocrx_word' id='word_1_219' title='bbox 284 1877 394 1920; x_wconf 91' lang='lat' dir='ltr'>unde</span> <span class='ocrx_word' id='word_1_220' title='bbox 425 1877 699 1932; x_wconf 87' lang='lat' dir='ltr'>Euripides</span> <span class='ocrx_word' id='word_1_221' title='bbox 1389 1883 1445 1925; x_wconf 80' lang='lat'>59</span> 
     </span>
    </p>
   </div>
   <div class='ocr_carea' id='block_1_3' title="bbox 23 1961 160 1966">
    <p class='ocr_par' dir='ltr' id='par_1_3' title="bbox 23 1961 160 1966">
     <span class='ocr_line' id='line_1_32' title="bbox 23 1961 160 1966; baseline 0 0"><span class='ocrx_word' id='word_1_222' title='bbox 23 1961 160 1966; x_wconf 95' lang='lat' dir='ltr'> </span> 
     </span>
    </p>
   </div>
   <div class='ocr_carea' id='block_1_4' title="bbox 161 1961 305 1967">
    <p class='ocr_par' dir='ltr' id='par_1_4' title="bbox 161 1961 305 1967">
     <span class='ocr_line' id='line_1_33' title="bbox 161 1961 305 1967; baseline 0 0"><span class='ocrx_word' id='word_1_223' title='bbox 161 1961 305 1967; x_wconf 95' lang='lat' dir='ltr'> </span> 
     </span>
    </p>
   </div>
   <div class='ocr_carea' id='block_1_5' title="bbox 7 2017 1375 2337">
    <p class='ocr_par' dir='ltr' id='par_1_5' title="bbox 7 2017 1375 2337">
     <span class='ocr_line' id='line_1_34' title="bbox 120 2017 1374 2064; baseline 0.002 -12"><span class='ocrx_word' id='word_1_224' title='bbox 120 2021 140 2052; x_wconf 82' lang='lat'>2</span> <span class='ocrx_word' id='word_1_225' title='bbox 166 2017 299 2063; x_wconf 83' lang='lat' dir='ltr'>phisici</span> <span class='ocrx_word' id='word_1_226' title='bbox 321 2017 357 2052; x_wconf 91' lang='lat' dir='ltr'><strong><em>P</em></strong></span> <span class='ocrx_word' id='word_1_227' title='bbox 426 2021 449 2052; x_wconf 78' lang='lat'>4</span> <span class='ocrx_word' id='word_1_228' title='bbox 474 2017 647 2053; x_wconf 82' lang='lat' dir='ltr'>humidus</span> <span class='ocrx_word' id='word_1_229' title='bbox 663 2018 700 2053; x_wconf 92' lang='lat' dir='ltr'><em>P</em></span> <span class='ocrx_word' id='word_1_230' title='bbox 769 2021 790 2053; x_wconf 88' lang='lat'>5</span> <span class='ocrx_word' id='word_1_231' title='bbox 814 2018 996 2053; x_wconf 90' lang='lat' dir='ltr'>luminum</span> <span class='ocrx_word' id='word_1_232' title='bbox 1017 2038 1062 2044; x_wconf 90' lang='lat'>—</span> <span class='ocrx_word' id='word_1_233' title='bbox 1082 2022 1102 2054; x_wconf 90' lang='grc'>6</span> <span class='ocrx_word' id='word_1_234' title='bbox 1122 2018 1374 2064; x_wconf 77' lang='lat' dir='ltr'>progressione</span> 
     </span>
     <span class='ocr_line' id='line_1_35' title="bbox 7 2064 1375 2110; baseline 0 -10"><span class='ocrx_word' id='word_1_235' title='bbox 7 2074 90 2100; x_wconf 70' lang='lat' dir='ltr'>om.</span> <span class='ocrx_word' id='word_1_236' title='bbox 117 2065 154 2100; x_wconf 99' lang='grc' dir='ltr'><strong><em>Β</em></strong></span> <span class='ocrx_word' id='word_1_237' title='bbox 244 2068 264 2100; x_wconf 91' lang='lat'>5</span> <span class='ocrx_word' id='word_1_238' title='bbox 284 2064 452 2100; x_wconf 84' lang='lat' dir='ltr'>humoris</span> <span class='ocrx_word' id='word_1_239' title='bbox 472 2065 520 2107; x_wconf 86' lang='lat' dir='ltr'>B,</span> <span class='ocrx_word' id='word_1_240' title='bbox 546 2065 689 2100; x_wconf 84' lang='lat' dir='ltr'>humosi</span> <span class='ocrx_word' id='word_1_241' title='bbox 714 2065 751 2100; x_wconf 93' lang='lat' dir='ltr'><strong><em>B</em></strong></span> <span class='ocrx_word' id='word_1_242' title='bbox 833 2065 968 2101; x_wconf 82' lang='lat' dir='ltr'>*aeris</span> <span class='ocrx_word' id='word_1_243' title='bbox 989 2065 1026 2100; x_wconf 91' lang='lat' dir='ltr'><em>P</em></span> <span class='ocrx_word' id='word_1_244' title='bbox 1094 2070 1115 2100; x_wconf 84' lang='lat'>6</span> <span class='ocrx_word' id='word_1_245' title='bbox 1140 2077 1186 2101; x_wconf 89' lang='lat' dir='ltr'>ne</span> <span class='ocrx_word' id='word_1_246' title='bbox 1211 2066 1375 2110; x_wconf 87' lang='lat' dir='ltr'>fulgeret</span> 
     </span>
     <span class='ocr_line' id='line_1_36' title="bbox 23 2111 1374 2161; baseline 0 -13"><span class='ocrx_word' id='word_1_247' title='bbox 23 2122 114 2148; x_wconf 82' lang='lat' dir='ltr'>corr.</span> <span class='ocrx_word' id='word_1_248' title='bbox 141 2112 184 2147; x_wconf 77' lang='lat' dir='ltr'>in</span> <span class='ocrx_word' id='word_1_249' title='bbox 207 2111 411 2157; x_wconf 80' lang='lat' dir='ltr'>refulgeret</span> <span class='ocrx_word' id='word_1_250' title='bbox 434 2113 478 2148; x_wconf 77' lang='lat' dir='ltr'>in</span> <span class='ocrx_word' id='word_1_251' title='bbox 501 2113 538 2147; x_wconf 92' lang='grc' dir='ltr'><strong><em>Β</em></strong></span> <span class='ocrx_word' id='word_1_252' title='bbox 636 2117 655 2148; x_wconf 80' lang='lat'>7</span> <span class='ocrx_word' id='word_1_253' title='bbox 681 2113 782 2148; x_wconf 87' lang='lat' dir='ltr'>uiuit</span> <span class='ocrx_word' id='word_1_254' title='bbox 804 2113 842 2148; x_wconf 91' lang='lat' dir='ltr'><strong><em>P</em></strong></span> <span class='ocrx_word' id='word_1_255' title='bbox 936 2117 956 2148; x_wconf 88' lang='grc'>9</span> <span class='ocrx_word' id='word_1_256' title='bbox 984 2112 1066 2161; x_wconf 67' lang='lat' dir='ltr'>edis</span> <span class='ocrx_word' id='word_1_257' title='bbox 1087 2113 1172 2147; x_wconf 90' lang='lat' dir='ltr'>BP</span> <span class='ocrx_word' id='word_1_258' title='bbox 1260 2114 1374 2148; x_wconf 92' lang='grc' dir='ltr'>ΠΡΟ-</span> 
     </span>
     <span class='ocr_line' id='line_1_37' title="bbox 25 2159 1374 2206; baseline 0.001 -12"><span class='ocrx_word' id='word_1_259' title='bbox 25 2159 364 2195; x_wconf 78' lang='grc' dir='ltr'>ΟΝΟΙΔΕΛΤΗΝΑΕ</span> <span class='ocrx_word' id='word_1_260' title='bbox 382 2159 419 2194; x_wconf 89' lang='grc' dir='ltr'><strong><em>Β</em></strong></span> <span class='ocrx_word' id='word_1_261' title='bbox 482 2163 524 2194; x_wconf 92' lang='grc'>11</span> <span class='ocrx_word' id='word_1_262' title='bbox 546 2159 676 2194; x_wconf 89' lang='lat' dir='ltr'>dicunt</span> <span class='ocrx_word' id='word_1_263' title='bbox 694 2160 732 2195; x_wconf 90' lang='grc' dir='ltr'><em>Β</em></span> <span class='ocrx_word' id='word_1_264' title='bbox 792 2161 893 2196; x_wconf 80' lang='lat' dir='ltr'>enati</span> <span class='ocrx_word' id='word_1_265' title='bbox 911 2160 948 2195; x_wconf 91' lang='lat' dir='ltr'><em>P</em></span> <span class='ocrx_word' id='word_1_266' title='bbox 1009 2163 1052 2195; x_wconf 90' lang='lat'>15</span> <span class='ocrx_word' id='word_1_267' title='bbox 1073 2161 1160 2196; x_wconf 87' lang='lat' dir='ltr'>ante</span> <span class='ocrx_word' id='word_1_268' title='bbox 1182 2161 1189 2205; x_wconf 88' lang='grc' dir='ltr'>Ι</span> <span class='ocrx_word' id='word_1_269' title='bbox 1210 2161 1318 2206; x_wconf 72' lang='lat' dir='ltr'>pater</span> <span class='ocrx_word' id='word_1_270' title='bbox 1337 2161 1374 2195; x_wconf 92' lang='grc' dir='ltr'><strong><em>Β</em></strong></span> 
     </span>
     <span class='ocr_line' id='line_1_38' title="bbox 27 2205 1372 2253; baseline 0.001 -13"><span class='ocrx_word' id='word_1_271' title='bbox 27 2209 70 2241; x_wconf 83' lang='grc'>16</span> <span class='ocrx_word' id='word_1_272' title='bbox 94 2205 270 2241; x_wconf 80' lang='lat' dir='ltr'>humidae</span> <span class='ocrx_word' id='word_1_273' title='bbox 298 2206 335 2241; x_wconf 91' lang='lat' dir='ltr'><strong><em>P</em></strong></span> <span class='ocrx_word' id='word_1_274' title='bbox 405 2207 568 2242; x_wconf 85' lang='lat' dir='ltr'>exalatio</span> <span class='ocrx_word' id='word_1_275' title='bbox 593 2207 674 2242; x_wconf 92' lang='lat' dir='ltr'>BP</span> <span class='ocrx_word' id='word_1_276' title='bbox 745 2211 788 2243; x_wconf 81' lang='grc'><strong>17</strong></span> <span class='ocrx_word' id='word_1_277' title='bbox 814 2218 975 2253; x_wconf 83' lang='lat' dir='ltr'>superna</span> <span class='ocrx_word' id='word_1_278' title='bbox 1000 2208 1021 2244; x_wconf 83' lang='lat' dir='ltr'><strong><em>b</em></strong></span> <span class='ocrx_word' id='word_1_279' title='bbox 1094 2211 1141 2243; x_wconf 81' lang='lat'>20</span> <span class='ocrx_word' id='word_1_280' title='bbox 1165 2218 1291 2243; x_wconf 89' lang='lat' dir='ltr'>umere</span> <span class='ocrx_word' id='word_1_281' title='bbox 1311 2207 1372 2251; x_wconf 84' lang='lat' dir='ltr'>B‘,</span> 
     </span>
     <span class='ocr_line' id='line_1_39' title="bbox 24 2252 1372 2336; baseline 0.001 -49"><span class='ocrx_word' id='word_1_282' title='bbox 24 2252 177 2308; x_wconf 71' lang='lat' dir='ltr'>liumore</span> <span class='ocrx_word' id='word_1_283' title='bbox 197 2253 240 2308; x_wconf 34' lang='lat' dir='ltr'>,P</span> <span class='ocrx_word' id='word_1_284' title='bbox 256 2257 358 2336; x_wconf 70' lang='lat' dir='ltr'>B“22</span> <span class='ocrx_word' id='word_1_285' title='bbox 384 2254 583 2290; x_wconf 87' lang='lat' dir='ltr'>uidebatur</span> <span class='ocrx_word' id='word_1_286' title='bbox 607 2265 673 2290; x_wconf 88' lang='lat' dir='ltr'>om.</span> <span class='ocrx_word' id='word_1_287' title='bbox 702 2254 739 2290; x_wconf 91' lang='lat' dir='ltr'><strong><em>P</em></strong></span> <span class='ocrx_word' id='word_1_288' title='bbox 821 2258 867 2290; x_wconf 82' lang='lat'>25</span> <span class='ocrx_word' id='word_1_289' title='bbox 894 2254 942 2290; x_wconf 89' lang='lat' dir='ltr'>ab</span> <span class='ocrx_word' id='word_1_290' title='bbox 967 2254 1132 2300; x_wconf 78' lang='lat' dir='ltr'>apolline</span> <span class='ocrx_word' id='word_1_291' title='bbox 1151 2258 1300 2301; x_wconf 75' lang='lat' dir='ltr'>praeter</span> <span class='ocrx_word' id='word_1_292' title='bbox 1325 2265 1372 2288; x_wconf 91' lang='lat' dir='ltr'>ne</span> 
     </span>
     <span class='ocr_line' id='line_1_40' title="bbox 25 2309 231 2337; baseline 0.005 -2"><span class='ocrx_word' id='word_1_293' title='bbox 25 2310 68 2335; x_wconf 80' lang='lat' dir='ltr'>m</span> <span class='ocrx_word' id='word_1_294' title='bbox 91 2309 164 2337; x_wconf 80' lang='lat' dir='ltr'>ras,</span> <span class='ocrx_word' id='word_1_295' title='bbox 188 2311 231 2336; x_wconf 82' lang='lat' dir='ltr'>m</span> 
     </span>
    </p>
   </div>
   <div class='ocr_carea' id='block_1_6' title="bbox 1039 2361 1087 2395">
    <p class='ocr_par' dir='ltr' id='par_1_6' title="bbox 1039 2361 1087 2395">
     <span class='ocr_line' id='line_1_41' title="bbox 1039 2361 1087 2395; baseline 0 -14"><span class='ocrx_word' id='word_1_296' title='bbox 1039 2361 1087 2395; x_wconf 74' lang='grc'>7*</span> 
     </span>
    </p>
   </div>
  </div>
 </body>
</html>
