1474 2482
645 111 780 148 11-6
1344 82 1389 152 ⁷5

43 221 166 264 docte
192 220 352 276 aliquid
378 220 449 262 uel
474 219 612 275 lepide
635 219 880 274 proferendi
901 233 1083 261 uacuum
1102 217 1388 273 relinquatur:

43 280 117 322 sed
147 280 230 322 erit
261 280 307 322 in
338 293 487 321 mensa
517 292 656 320 sermo
689 278 932 333 iucundior,
969 280 1018 320 ut
1046 277 1209 320 habeat
1238 277 1390 332 uolup-

41 339 146 381 tatis
178 338 376 393 amplius,
407 336 650 380 seueritatis
682 337 835 378 minus.
884 352 987 379 nam
1019 351 1114 379 cum
1140 336 1251 392 apud
1277 335 1388 378 alios
1408 326 1436 368 3

43 397 197 453 quibus
235 399 337 439 sunt
377 396 591 451 descripta
629 396 831 438 conuiuia
868 398 961 438 tum
998 396 1044 438 in
1079 395 1156 438 illo
1195 394 1391 437 Platonis

9 474 26 499 5
46 455 265 511 symposio
315 470 402 498 non
451 455 686 497 austeriore
736 455 882 510 aliqua
925 455 976 496 de
1019 469 1066 496 re
1109 453 1393 497 conuiuarum

18 528 197 570 sermo,
228 514 303 556 sed
327 512 551 569 Cupidinis
583 514 707 556 uaria
738 516 781 556 et
811 514 954 568 lepida
979 514 1210 568 descriptio
1237 515 1315 568 est,
1346 513 1393 554 in

8 594 10 597 ·
43 588 127 629 quo
166 573 336 629 quidem
369 572 566 615 Socrates
604 587 691 614 non
733 573 982 626 artioribus,
1018 574 1067 614 ut
1099 572 1230 627 solet,
1267 571 1392 614 nodis

42 634 168 688 urget
199 635 327 687 atque
358 632 556 687 implicat
587 631 892 684 aduersarium,
925 631 998 673 sed
1024 631 1224 672 eludendi
1250 631 1392 685 magis

43 706 172 747 quam
205 691 451 733 decertandi
476 690 603 732 modo
630 690 910 745 adprehensis
936 690 1010 731 dat
1036 689 1232 731 elabendi
1257 704 1392 744 prope

7 766 26 794 o
44 753 172 805 atque
229 749 460 806 effugiendi
512 749 667 791 locum.
747 751 919 804 oportet
969 748 1083 790 enim
1133 748 1299 790 uersari
1348 748 1393 790 in
1412 743 1441 786 4

43 809 243 851 conuiuio
275 822 492 851 sermones
523 810 574 850 ut
604 807 804 850 castitate
830 808 1021 863 integros
1047 808 1109 849 ita
1136 806 1392 862 adpetibiles

42 870 287 910 uenustate:
335 867 551 909 matutina
599 881 703 909 uero
747 867 831 908 erit
873 866 1092 908 robustior
1141 866 1394 922 disputatio,

43 927 151 981 quae
182 927 299 968 uiros
331 928 375 968 et
405 925 553 968 doctos
584 928 627 967 et
650 926 1019 981 praeclarissimos
1047 926 1205 968 deceat.
1253 939 1394 980 neque

43 985 156 1027 enim
195 983 348 1028 Cottae
384 984 523 1026 Laelii
564 983 787 1039 Scipiones
832 984 1114 1040 amplissimis
1158 984 1208 1026 de
1252 985 1394 1038 rebus,

43 1044 185 1099 quoad
209 1043 431 1086 Romanae
462 1044 633 1086 litterae
670 1046 815 1098 erunt,
852 1045 895 1085 in
929 1046 1124 1086 ueterum
1155 1043 1277 1085 libris
1309 1043 1394 1085 dis-

41 1103 272 1158 putabunt:
312 1102 612 1145 Praetextatos
651 1117 754 1145 uero
792 1103 1023 1145 Flauianos
1055 1102 1238 1144 Albinos
1271 1100 1394 1157 Sym-

43 1161 217 1204 machos
246 1164 291 1204 et
314 1161 584 1218 Eustathios,
615 1176 797 1217 quorum
830 1162 1032 1217 splendor
1059 1161 1212 1203 similis
1239 1163 1282 1203 et
1306 1176 1394 1204 non

42 1220 219 1263 inferior
248 1221 388 1263 uirtus
420 1223 503 1274 est,
540 1220 690 1263 eodem
722 1221 849 1263 modo
881 1221 999 1275 loqui
1031 1220 1193 1275 aliquid
1224 1220 1393 1262 licitum

43 1293 130 1321 non
155 1280 247 1322 erit.
294 1293 373 1322 nec
397 1279 503 1321 mihi
534 1279 675 1322 fraudi
707 1280 777 1334 sit,
809 1280 846 1322 si
877 1282 953 1321 uni
985 1282 1060 1322 aut
1090 1280 1216 1321 alteri
1248 1294 1300 1321 ex
1324 1279 1392 1321 his
1414 1274 1441 1317 5

8 1353 153 1393 oquos
204 1340 348 1380 coetus
401 1338 544 1394 coegit
585 1341 756 1380 matura
800 1341 918 1380 aetas
963 1338 1180 1393 posterior
1223 1339 1394 1381 saeculo

42 1396 307 1439 Praetextati
354 1396 455 1438 fuit:
512 1397 625 1452 quod
673 1397 793 1439 licito
843 1398 937 1439 fieri
985 1397 1180 1440 Platonis
1230 1398 1395 1453 dialogi

42 1455 292 1498 testimonio
330 1457 448 1510 sunt,
486 1455 643 1510 quippe
675 1455 850 1498 Socrate
881 1456 943 1498 ita
974 1455 1250 1498 Parmenides
1283 1457 1394 1498 anti-

43 1515 181 1570 quior,
211 1517 261 1556 ut
290 1514 416 1556 huius
441 1515 629 1569 pueritia
653 1514 727 1556 uix
750 1514 868 1556 illius
894 1514 1226 1570 adprehenderit
1252 1529 1395 1557 senec-

43 1575 194 1627 tutem,
226 1576 269 1615 et
293 1575 441 1614 tamen
465 1572 579 1615 inter
604 1573 703 1615 illos
730 1574 781 1615 de
806 1574 933 1616 rebus
962 1574 1105 1616 arduis
1132 1573 1395 1629 disputatur:

44 1631 241 1674 inclitum
274 1631 492 1687 dialogum
520 1630 718 1674 Socrates
744 1632 895 1674 habita
921 1647 1017 1675 cum
1043 1632 1220 1675 Timaeo
1248 1633 1394 1687 dispu-

43 1691 208 1733 tatione
251 1691 482 1745 consumit,
526 1705 633 1746 quos
678 1693 850 1734 constat
893 1692 1042 1734 eodem
1088 1692 1259 1733 saeculo
1303 1706 1391 1734 non

43 1749 192 1792 fuisse:
235 1749 415 1792 Paralus
452 1764 555 1791 uero
594 1753 637 1791 et
672 1749 968 1806 Xanthippus,
1010 1750 1166 1806 quibus
1204 1750 1390 1793 Pericles
1413 1747 1439 1789 6

43 1810 168 1863 pater
203 1808 305 1860 fuit,
348 1823 445 1850 cum
483 1808 724 1864 Protagora
762 1809 877 1864 apud
914 1809 1140 1851 Platonem
1180 1809 1394 1852 disserunt

142 1963 159 1994 1
187 1960 422 2005 relinguatur
447 1958 496 1995 B'
569 1964 589 1995 2
615 1961 793 1996 immensa
818 1961 855 1996 Β
928 1960 1122 1997 iocundior
1150 1965 1183 1997 et
1206 1962 1260 1997 sic
1283 1962 1394 1997 inter-

43 2018 143 2062 dum,
166 2019 263 2063 quoa
286 2019 445 2064 amplius
468 2030 544 2055 mm
568 2020 750 2056 adnotabo
768 2019 806 2054 P
897 2023 918 2055 5
943 2020 1114 2066 f1mp0s10
1142 2020 1190 2065 P,
1214 2010 1394 2066 rymfmfio

44 2065 81 2100 Β
178 2069 198 2101 7
223 2066 384 2102 tionbus
403 2067 446 2101 in
470 2066 672 2103 artioribus
690 2068 733 2102 in
756 2077 830 2102 ras.
855 2067 898 2102 in
917 2068 955 2102 P
1059 2072 1079 2103 9
1105 2067 1344 2112 apprehensis
1360 2068 1398 2102 P

43 2111 209 2147 elabenti
239 2110 286 2148 B*
403 2117 448 2148 14
471 2113 551 2149 lehi
583 2114 620 2149 B
734 2113 907 2159 scipionis
924 2112 971 2149 B'
1089 2119 1133 2150 15
1154 2114 1394 2160 disputabant

42 2162 85 2194 ut
119 2159 196 2195 uid.
228 2157 273 2194 P'
397 2165 440 2196 16
471 2160 725 2197 Praaextatus
757 2171 845 2196 uero
882 2161 1067 2197 flauianus
1089 2162 1094 2208 l
1122 2161 1272 2197 albinus
1297 2162 1394 2207 sym—

43 2205 200 2241 machus
225 2206 256 2241 ἂν,
287 2206 494 2242 eustathius
519 2206 565 2243 B'
687 2208 918 2253 symmachos
947 2209 978 2244 δι
1001 2220 1025 2245 *
1050 2209 1255 2245 eustathios
1276 2210 1392 2254 (uide-

43 2255 117 2297 tur,
134 2253 251 2296 fuisse
269 2256 303 2299 z)
325 2254 362 2289 P
425 2258 471 2290 20
491 2254 590 2290 estur
607 2255 645 2290 P
703 2260 749 2291 20
768 2255 975 2302 posterilori
995 2257 1032 2291 B
1093 2261 1137 2291 22
1157 2256 1346 2302 pmenidis
1361 2256 1398 2290 P

44 2300 404 2382 ffigprssendem
427 2302 466 2337 P
524 2295 535 2311 ‘
557 2313 597 2338 ln
624 2300 670 2337 P'
743 2306 788 2338 25
813 2303 995 2349 inclytum
1022 2304 1059 2338 B
1132 2306 1176 2338 25
1203 2306 1318 2339 timeo
1343 2303 1391 2347 B,

164 2358 185 2382 o
