1526 2444
492 51 544 87 X1
567 53 708 88 44-50
742 50 811 87 XII
837 54 928 87 1-2
1330 19 1386 92 57

45 161 194 204 dibus
224 160 574 215 redderentur,
606 161 656 202 et
690 159 807 202 inde
837 173 981 201 usum
1017 158 1147 201 talia
1178 158 1390 201 simula-

44 235 130 263 cra
171 218 408 276 fingendi
451 219 587 261 inter
629 232 775 260 sacra.
817 217 1084 260 mansisse.
1159 217 1234 260 sed
1282 217 1460 262 mihi48

44 279 170 322 huius
213 279 276 321 rei
316 278 393 320 illa
436 277 558 334 origo
595 277 739 320 uerior
785 277 1056 329 aestimatur,
1094 291 1222 333 quam
1259 277 1389 331 paulo

46 341 145 380 ante
188 337 364 380 memini
413 336 649 379 rettulisse:
695 336 903 392 Pelasgos
947 338 1179 391 postquam
1223 335 1392 378 felicior

45 396 346 451 interpretatio
401 395 544 451 capita
591 409 679 438 non
727 395 968 437 uiuentium
1018 395 1093 437 sed
1146 395 1300 438 fictilia.
1349 397 1392 437 et

45 457 192 510 φωτὸς
222 454 567 498 aestimationem
597 468 687 497 non
723 455 867 497 solum*
894 454 1112 496 hominem
1155 453 1228 496 sed
1260 453 1391 496 etiam

44 515 189 556 lumen
231 514 475 569 significare
513 513 750 568 docuisset,
792 513 984 569 coepisse
1022 511 1210 555 Saturno
1248 527 1392 555 cereos

44 573 189 628 potius
229 572 456 616 accendere
495 575 538 615 et
578 573 622 614 in
666 572 874 615 sacellum
914 571 1030 614 Ditis
1071 586 1170 614 arae
1214 570 1391 614 Saturni

45 632 278 675 cohaerens
323 631 476 674 oscilla
518 631 727 686 quaedam
763 645 842 686 pro
882 631 972 673 suis
1016 630 1230 685 capitibus
1267 629 1389 674 ferre.

46 706 97 734 ex
127 691 205 734 illo
237 690 446 733 traditum
486 695 535 732 ut
571 690 682 732 cerei
714 688 1018 731 Saturnalibus
1057 689 1388 744 missitarentur,
1404 690 1463 731 49

44 753 88 792 et
113 750 258 806 sigilla
282 752 374 792 arte
397 749 523 791 fictili
551 749 830 804 fingerentur,
854 762 904 790 ac
928 747 1099 791 uenalia
1124 749 1393 803 pararentur,

45 823 153 864 quae
191 809 386 851 homines
422 822 502 862 pro
540 822 584 850 se
622 810 751 863 atque
790 807 879 849 suis
915 807 1135 861 piaculum
1173 821 1253 862 pro
1290 806 1392 848 Dite

46 866 232 911 Saturno
261 867 462 910 facerent.
523 866 618 909 ideo
657 865 958 909 Saturnalibus
994 865 1149 908 talium
1186 879 1390 908 commer-
1407 865 1466 908 50

0 961 1 982 ¹
45 926 207 969 ciorum
250 928 404 982 coepta
446 925 675 969 celebritas
713 927 878 980 septem
917 927 1099 980 occupat
1136 924 1246 980 dies,
1283 939 1390 981 quos

0 986 27 1024 1⁵
45 987 214 1028 tantum
253 985 430 1027 feriatos
468 985 575 1028 facit
616 998 726 1039 esse,
767 998 855 1026 non
893 983 1027 1027 festos
1066 998 1227 1027 omnes.
1288 998 1389 1026 nam

44 1043 197 1099 medio,
228 1043 272 1086 id
309 1046 375 1086 est
404 1044 535 1086 tertio
574 1043 738 1086 decimo
776 1042 1015 1096 Kalendas,
1045 1042 1205 1085 festum
1235 1043 1391 1098 proba-

46 1103 199 1158 uimus,
231 1105 274 1145 et
300 1103 395 1145 aliis
426 1103 507 1145 hoc
534 1102 849 1145 adsertionibus
875 1102 929 1144 ab
961 1102 1030 1144 his
1055 1103 1289 1157 probatum
1315 1104 1392 1156 est,

47 1161 120 1216 qui
155 1162 366 1204 rationem
403 1162 506 1204 anni
543 1162 754 1204 mensium
792 1161 1042 1216 dierumque
1080 1163 1123 1203 et
1159 1161 1392 1203 ordinatio-

46 1234 147 1262 nem
179 1233 204 1263 a
234 1219 280 1264 G.
312 1218 496 1263 Caesare
528 1221 743 1277 digestam
774 1220 943 1275 plenius
975 1219 1248 1263 retulerunt?

0 1324 36 1350 8⁰
173 1312 367 1369 Cumque
391 1314 462 1356 hic
487 1313 626 1356 facere
645 1314 778 1356 uellet
795 1314 926 1356 finem
945 1314 1159 1370 loquendi,
1186 1314 1369 1357 subiecit
1381 1314 1466 1358 XII

52 1372 256 1415 Aurelius
282 1371 562 1428 Symmachus
589 1372 771 1428 ‘pergin'
798 1372 1086 1425 Praetextate,
1112 1373 1280 1429 eloquio
1306 1376 1396 1416 tam

55 1431 169 1474 dulci
200 1431 251 1474 de
276 1446 390 1474 anno
417 1446 585 1487 quoque
612 1431 878 1487 edissertate,
909 1434 1139 1488 antequam
1165 1433 1398 1487 experiaris

54 1489 299 1533 molestiam
342 1491 624 1544 consulentis,
669 1490 802 1546 siquis
842 1489 953 1533 forte
1003 1491 1053 1532 de
1097 1491 1397 1546 praesentibus

52 1549 241 1605 ignorat,
279 1564 364 1604 quo
404 1549 552 1591 ordine
584 1549 652 1591 uel
692 1549 805 1604 apud
835 1549 1003 1604 priscos
1042 1549 1174 1592 fuerit
1210 1551 1280 1592 uel
1311 1564 1398 1593 cer-

0 1617 32 1644 25
51 1607 234 1650 tioribus
264 1610 418 1663 postea
441 1608 603 1663 regulis
634 1609 866 1650 innouatus
899 1608 985 1651 sit?
1017 1608 1071 1650 ad
1097 1608 1212 1665 quod
1237 1609 1398 1652 discen-

52 1666 192 1708 dum
179 1680 271 1722 ipse
298 1666 406 1709 mihi
431 1666 589 1709 uideris
623 1666 889 1710 audientium
920 1668 1089 1710 animos
1120 1667 1321 1711 incitasse
1348 1668 1398 1710 de

51 1725 199 1768 diebus
242 1725 382 1768 mensi
432 1725 588 1768 additis
639 1725 915 1768 disserendo'.
994 1730 1088 1769 tum
1131 1727 1204 1770 ille
1249 1727 1400 1770 eodem

51 1783 180 1827 ductu
212 1784 361 1827 orandi
391 1785 558 1840 reliqua
589 1786 809 1828 contexuit

166 1843 299 1886 ‘Anni
326 1845 466 1886 certus
493 1843 644 1886 modus
677 1844 792 1899 apud
819 1845 934 1888 solos
961 1859 1130 1900 semper
1155 1845 1438 1902 Aegyptios2

145 1963 165 1994 3
191 1969 301 2004 quem
325 1957 374 1994 B'
459 1963 482 1994 4
507 1970 660 1995 memini
685 1970 744 1995 me
771 1960 792 1995 b
871 1960 1036 1996 retulisse
1062 1962 1126 2007 (P)
1206 1965 1227 1996 6
1254 1961 1399 2009 estima-

50 2006 152 2042 tione
176 2017 202 2051 ρ
282 2010 301 2041 ’1
328 2006 539 2052 significare
564 2017 630 2042 om.
659 2007 697 2041 P
766 2010 788 2042 8
814 2006 937 2042 saturo
962 2006 1013 2042 P'
1090 2011 1131 2043 11
1159 2010 1197 2043 et
1221 2028 1267 2034 —
1293 2020 1400 2054 para-

48 2055 178 2089 rentur
208 2064 275 2089 om.
301 2053 339 2088 P
434 2057 476 2089 13
508 2064 810 2089 commerciorem
841 2051 888 2089 B'
989 2058 1032 2090 15
1063 2055 1211 2090 tantum
1247 2054 1399 2092 Veneta:

49 2101 176 2135 tamen
201 2100 286 2135 BP
374 2104 418 2136 16
444 2100 530 2135 XIII
555 2100 598 2135 kt
622 2100 704 2136 BP
787 2101 923 2136 fastum
948 2103 985 2138 B
1073 2105 1116 2136 17
1143 2102 1405 2138 affertmmbus

48 2147 119 2182 hoc
144 2147 182 2182 P
270 2151 313 2183 18
338 2159 363 2182 n
387 2148 429 2183 in
453 2147 633 2183 mensium
657 2149 699 2184 in
723 2159 796 2184 ras.
822 2149 865 2184 in
889 2149 926 2183 P
1014 2153 1056 2184 19
1084 2148 1111 2184 C
1137 2160 1203 2185 om.
1232 2150 1270 2184 B
1354 2152 1397 2183 21

48 2192 271 2230 simmachus
291 2194 329 2229 P
408 2198 453 2229 22
479 2205 613 2239 annoq.
643 2195 647 2241 Ι
676 2194 888 2231 ed1ssertare
912 2195 949 2230 B
1028 2195 1215 2232 ediffitare
1237 2196 1276 2231 P
1354 2200 1399 2230 25

48 2239 246 2323 ἱὶιιοῗιῖξιιω
270 2241 307 2275 Β
404 2245 450 2276 26
475 2242 691 2277 audientum
717 2242 754 2276 B
845 2246 890 2278 28
916 2244 1081 2279 contexit
1102 2243 1139 2278 P
1227 2246 1272 2278 29
1294 2254 1395 2291 egip-

81 2297 102 2322 0
