1526 2444
140 66 197 107 62
657 67 757 103 SAT.
783 67 911 102 LIBRI
935 67 952 101 Ι

72 171 470 225 22pontificum
508 172 671 214 libris
708 173 1024 227 indigitari:
1063 174 1284 229 Bonam,
1327 177 1464 231 quod
1496 189 1502 225 ζ

142 230 363 270 omnium
399 229 544 271 nobis
582 230 640 271 ad
675 231 865 272 uictum
900 231 1146 273 bonorum
1182 247 1332 275 causa
1370 237 1466 289 est,
1503 270 1505 276 ,

140 286 398 340 Faunam‚
448 287 586 341 quod
634 288 776 329 omni
818 289 939 330 usui
983 291 1340 332 animantium
1386 291 1463 332 fa·
1510 309 1513 311 ·

138 347 240 398 uet,
281 344 450 398 Opem,
493 345 624 398 quod
661 346 826 399 ipsius
864 347 1054 389 auxilio
1092 348 1198 389 uita
1239 351 1463 403 constat,
1495 353 1500 363 ³

138 401 346 442 Fatuam
371 416 396 442 a
420 402 589 456 fando,
620 403 759 456 quod,
783 405 832 444 ut
856 418 985 457 supra
1010 405 1203 458 diximus,
1234 406 1462 449 infantes
1487 439 1491 450 -,

138 461 286 513 partu
318 459 442 500 editi
472 474 570 501 non
600 461 740 513 prius
777 475 944 502 uocem
976 462 1130 504 edunt
1166 478 1310 517 quam
1341 464 1461 505 atti·
1507 474 1509 478 '

69 517 307 571 23gerint
336 519 536 559 terram.
598 520 696 559 sunt
733 518 806 572 qui
837 518 977 560 dicant
1012 519 1121 561 hanc
1158 520 1279 562 deam
1316 523 1462 575 poten·
1498 556 1500 559 ,

137 575 242 615 tiam
272 575 430 616 habere
460 574 653 626 Iunonis,
689 575 866 630 ideoque
902 578 1042 631 regale
1079 581 1291 631 sceptrum
1328 579 1374 619 in
1409 580 1462 620 si·
1498 619 1500 621 ,

135 632 274 673 nistra
316 647 444 674 manu
487 633 526 674 ei
569 633 769 674 additum.
831 634 1006 675 eandem
1050 635 1122 675 alii
1164 635 1460 690 Proserpinam
1505 660 1508 661 ν

137 689 323 744 credunt,
353 704 562 744 porcaque
593 691 632 731 ei
661 705 751 731 rem
783 690 968 732 diuinam
997 692 1101 746 fieri,
1132 693 1230 747 quia
1261 696 1460 749 segetem,
1500 729 1503 733 .

137 762 263 801 quam
312 746 438 789 Ceres
487 748 738 789 mortalibus
781 749 950 799 tribuit,
995 764 1123 803 porca
1167 750 1344 804 depasta
1385 754 1460 794 est.
1505 791 1507 793 ,

67 806 124 847 24
139 805 212 846 alii
243 807 446 847 Χθονίαν
470 803 672 860 Ἑκάτην,
702 805 870 847 Boeotii
902 805 1111 848 Semelam
1143 808 1328 850 credunt.
1382 823 1459 851 nec

134 877 222 904 non
264 863 441 904 eandem
482 862 640 904 Fauni
682 864 814 904 filiam
852 864 1012 918 dicunt,
1048 866 1348 920 obstitisseque
1384 880 1459 908 uo·
1500 903 1501 906 ,

135 921 292 962 luntati
331 921 467 975 patris
510 921 555 962 in
597 935 784 962 amorem
828 936 950 963 suum
992 923 1117 976 lapsi,
1160 925 1208 964 ut
1251 927 1293 964 et
1335 924 1458 979 uirga
1505 943 1507 960 :

135 980 300 1031 myrtea
338 979 391 1019 ab
422 993 470 1020 eo
501 979 810 1033 uerberaretur‚
847 994 940 1020 cum
978 980 1181 1022 desiderio
1211 982 1345 1035 patris
1381 996 1457 1024 nec
1496 992 1502 1016 ἰ

134 1036 235 1077 uino
285 1037 338 1077 ab
394 1036 540 1078 eodem
587 1051 733 1090 pressa
775 1037 981 1078 cessisset.
1041 1038 1369 1093 transfigurasse
1413 1054 1457 1081 se
1505 1041 1510 1078 ζ

133 1096 277 1134 tamen
307 1094 350 1134 in
378 1096 615 1148 serpentem
639 1096 761 1148 pater
785 1095 978 1148 creditur,
1009 1098 1052 1136 et
1077 1096 1210 1137 coisse
1235 1110 1329 1137 cum
1355 1097 1457 1139 filia.
1499 1105 1506 1118 ³

64 1151 120 1194 25
132 1151 286 1193 horum
312 1152 500 1192 omnium
524 1152 630 1193 haec
654 1151 928 1206 proferuntur
957 1153 1125 1206 indicia,
1155 1154 1264 1207 quod
1290 1155 1456 1208 uirgam
1500 1153 1509 1194 ζ’

133 1211 342 1264 myrteam
372 1210 418 1250 in
442 1210 601 1263 templo
622 1209 771 1251 haberi
795 1210 915 1252 nefas
941 1210 1009 1265 sit,
1041 1211 1152 1265 quod
1179 1226 1305 1265 super
1329 1215 1456 1265 caput
1500 1220 1517 1267 ᾖ

134 1267 223 1308 eius
249 1267 499 1308 extendatur
529 1267 643 1320 uitis,
674 1282 758 1321 qua
787 1268 969 1309 maxime
1001 1282 1094 1309 eam
1118 1271 1241 1322 pater
1265 1269 1455 1323 decipere
1478 1286 1508 1309 εκ

129 1325 368 1379 temptauit,
401 1325 513 1379 quod
545 1325 692 1366 uinum
723 1326 768 1366 in
797 1325 1004 1379 templum
1036 1326 1124 1367 eius
1156 1340 1242 1367 non
1273 1341 1350 1368 suo
1380 1341 1454 1369 no·
1503 1327 1511 1372 j

129 1382 241 1423 mine
267 1383 403 1424 soleat
426 1382 587 1435 inferri,
613 1382 685 1423 sed
710 1397 799 1437 uas,
824 1382 868 1423 in
894 1397 975 1437 quo
1001 1384 1147 1425 uinum
1172 1384 1351 1426 inditum
1378 1388 1454 1436 est,

128 1440 411 1481 mellarium
434 1440 688 1494 nominetur,
720 1442 763 1482 et
786 1441 931 1482 uinum
956 1442 1034 1482 lac
1064 1444 1340 1496 nuncupetur,
1369 1457 1453 1484 ser·
1505 1469 1511 1493 ν,

126 1500 357 1552 pentesque
394 1497 439 1538 in
474 1498 632 1552 templo
666 1498 754 1539 eius
789 1512 868 1540 nec
898 1501 1105 1540 terrentes
1141 1513 1220 1540 nec
1254 1500 1452 1542 timentes
1501 1508 1508 1517 ²

56 1558 111 1599 26
126 1555 412 1596 indifferenter
437 1558 679 1609 appareant.
718 1556 888 1610 quidam
909 1556 1129 1598 Medeam
1149 1559 1314 1610 putant,
1340 1558 1451 1611 quod
1469 1575 1485 1601 2

126 1613 171 1654 in
207 1613 353 1654 aedem
396 1613 486 1654 eius
524 1627 646 1654 omne
683 1627 817 1668 genus
853 1613 1079 1655 herbarum
1118 1617 1174 1655 sit
1210 1628 1261 1655 ex
1297 1616 1450 1669 quibus
1501 1616 1504 1617 ⁷

127 1671 341 1712 antistites
373 1670 477 1711 dant
499 1671 747 1724 plerumque
773 1671 1011 1726 medicinas,
1041 1674 1084 1713 et
1110 1671 1219 1725 quod
1243 1673 1450 1726 templum
1504 1671 1506 1705 ἶ

126 1728 215 1769 eius
248 1729 386 1769 uirum
410 1728 585 1769 introire
614 1742 701 1769 non
732 1729 860 1770 liceat
883 1731 1056 1783 propter
1080 1729 1291 1784 iniuriam,
1322 1745 1449 1784 quam
1501 1741 1524 1786 *vj-5

55 1790 108 1833 27
126 1786 179 1826 ab
233 1786 402 1840 ingrato
450 1786 542 1827 uiro
591 1785 742 1827 Iasone
790 1800 989 1841 perpessa
1039 1789 1116 1829 est.
1183 1786 1288 1828 haec
1337 1788 1448 1842 apud

218 1919 236 1949 1
262 1915 417 1951 mdlcan
444 1916 480 1950 P
550 1918 570 1950 5
596 1916 626 1950 81,
649 1916 757 1961 supra
780 1916 827 1950 B'
900 1921 920 1951 6
946 1917 1050 1952 editu
1074 1916 1121 1951 B'
1191 1921 1289 1961 *qua
1319 1918 1356 1952 Ρ
1426 1922 1446 1953 7
1500 1906 1510 1957 ²:

122 1962 250 1997 d1cunt
275 1962 363 2006 (dlcl
387 1963 429 1997 in
452 1973 544 1998 ras„-
570 1963 693 2007 prima
724 1964 791 1998 litt.
816 1963 890 2006 fuit
913 1964 951 2008 p)
979 1963 1016 1997 P
1107 1967 1129 1998 8
1153 1963 1278 2008 regule
1303 1968 1345 2000 ut
1367 1965 1445 2000 uid.

119 2006 167 2043 B'
250 2007 430 2052 sceptrum
455 2009 578 2054 regale
606 2009 643 2042 P
723 2013 767 2043 10
793 2009 880 2044 dma
908 2007 958 2044 P'
1043 2013 1085 2044 11
1112 2010 1250 2044 cerens
1269 2007 1316 2045 B'
1402 2014 1444 2046 12
1503 2026 1505 2030 ⁴

120 2072 351 2106 ΕΚΑΤΗΝ**
371 2071 375 2117 1
398 2072 442 2115 P,
468 2073 642 2107 ΗΚΑΤΗΝ
669 2073 706 2107 Β
778 2073 926 2108 ΒΕΕΟΤΙ
952 2073 1000 2117 Β,
1024 2066 1142 2117 boetji
1165 2066 1210 2117 (ji
1234 2074 1276 2108 in
1292 2075 1379 2117 ras.)
1409 2073 1448 2108 P
1497 2115 1499 2122 Α

119 2118 164 2161 ef.
189 2118 278 2153 Litt.
306 2118 495 2153 Centralbl.
521 2121 619 2154 1867
639 2129 677 2162 p.
702 2122 801 2155 1082
876 2122 918 2154 15
944 2121 1075 2154 mirtea
1093 2119 1130 2153 P
1197 2123 1239 2154 17
1265 2130 1289 2154 v
1306 2121 1348 2154 in
1367 2131 1442 2155 cre·
1490 2158 1493 2161 ,

119 2164 216 2198 dltvr
239 2165 281 2198 in
303 2175 375 2199 ras.
400 2165 442 2199 in
465 2165 502 2199 P
584 2168 626 2199 19
651 2167 782 2200 mii-tea
808 2166 845 2200 P
923 2169 969 2201 20
994 2169 1037 2200 ea
1061 2166 1103 2201 in
1125 2175 1197 2200 ras.
1222 2166 1264 2200 in
1286 2165 1323 2200 P
1396 2169 1440 2201 25
1490 2207 1491 2211 Ἰ

117 2210 364 2245 mthfferenter
388 2221 453 2246 om.
478 2211 515 2245 P
593 2215 638 2246 26
662 2210 707 2245 f1t
731 2222 797 2248 om.
822 2210 867 2246 B'
953 2216 996 2247 27
1022 2212 1260 2257 ple*rumque
1285 2212 1322 2246 P
1395 2215 1441 2247 28

116 2266 300 2292 U1**rum
324 2257 360 2290 B
431 2260 476 2292 29
500 2258 684 2302 mtegrato
712 2255 761 2291 P'
1490 2262 1493 2263 ’
