1526 2444
600 75 653 112 xi
679 78 817 111 14—22
1326 73 1381 115 51

159 186 219 230 Et
256 201 309 229 ne
341 186 540 228 aestimes
573 184 627 226 ab
657 197 744 226 uno
775 182 902 225 facile
933 182 1064 224 celari
1093 196 1222 237 posse
1255 195 1388 223 secre-
1407 181 1461 223 18

43 250 148 302 tum,
166 246 447 289 Labienum
466 258 547 298 ope
567 243 823 285 libertorum
843 241 1054 284 latentem
1073 243 1122 282 ut
1140 240 1390 295 indicarent,

42 306 187 348 liberti
217 305 336 347 nullo
368 305 684 346 tormentorum
717 314 872 357 genere
905 299 1115 355 compulsi
1147 302 1259 342 sunt.

161 363 226 406 Ac
274 362 426 418 nequis
474 362 655 403 libertos
699 360 814 402 dicat
856 359 967 401 hanc
1011 358 1140 400 fidem
1182 357 1389 400 beneficio

41 423 187 478 potius
207 421 422 464 libertatis
443 423 643 476 acceptae
664 434 794 474 quam
812 418 988 476 ingenio
1010 418 1219 472 debuisse,
1244 417 1389 472 accipe

43 482 158 525 serui
194 482 240 523 in
276 481 496 523 dominum
536 478 850 534 benignitatem
887 492 985 519 cum
1022 477 1114 532 ipse
1153 491 1179 518 a
1215 476 1388 519 domino

39 541 278 596 puniretur.
344 538 553 581 Antium
598 538 714 579 enim
750 536 1050 578 Restionem
1093 536 1385 590 proscriptum
1403 535 1458 576 19

41 600 264 655 solumque
295 601 420 641 nocte
445 597 682 653 fugientem
708 595 1008 650 diripientibus
1033 595 1149 636 bona
1174 594 1264 636 eius
1292 595 1390 636 aliis

41 672 190 701 seruus
235 656 502 712 compeditus
547 656 753 710 inscripta
795 654 956 708 fronte,
1000 667 1095 695 cum
1133 655 1234 707 post
1274 653 1389 695 dam-

42 717 263 759 nationem
313 715 476 758 domini
526 715 664 757 aliena
713 715 826 755 esset
873 711 1168 754 misericordia
1211 712 1390 766 solut-us,

40 775 280 831 fugientem
315 776 562 829 persecutus
599 775 666 815 est
700 772 1002 827 hortatusque,
1042 785 1095 812 ne
1135 785 1180 812 se
1218 771 1391 813 timeret

41 835 248 877 scientem
274 832 577 876 contumeliam
603 845 728 873 suam
745 830 946 872 fortunae
966 829 1264 884 imputandam
1285 844 1389 882 esse,

39 908 127 936 non
164 893 357 947 domino,
394 891 671 945 abditumque
709 888 950 931 ministerio
989 903 1067 931 suo
1106 888 1226 930 aluit.
1292 904 1389 932 cum
1404 888 1461 929 ‘20

40 951 191 994 deinde
233 953 536 1007 persequentes
582 949 729 992 adesse
774 950 997 1002 sensisset,
1047 961 1212 1002 senem,
1262 963 1388 1003 quem

41 1025 166 1053 casus
199 1010 367 1064 obtulit,
398 1009 611 1065 iugulauit
642 1011 685 1050 et
715 1008 761 1049 in
791 1009 1083 1050 constructam
1113 1021 1266 1062 pyram
1291 1022 1387 1050 con-

38 1069 150 1112 iecit.
201 1083 286 1124 qua
319 1083 496 1111 accensa
522 1068 706 1110 occurrit
731 1067 806 1121 eis,
837 1066 909 1121 qui
934 1065 1186 1107 Restionem
1212 1080 1389 1121 quaere-

38 1128 158 1180 bant,
183 1128 327 1170 dicens
355 1127 607 1169 damnatum
633 1125 716 1168 sibi
741 1139 901 1181 poenas
927 1124 1059 1166 luisse
1084 1125 1224 1167 multo
1247 1126 1388 1168 acrius

41 1202 68 1230 a
91 1202 136 1229 se
162 1189 375 1240 uexatum,
400 1201 528 1242 quam
553 1187 646 1241 ipse
672 1186 860 1239 uexarat,
886 1186 930 1225 ct
954 1183 1036 1225 fide
1062 1183 1216 1226 habita
1237 1183 1387 1227 Restio

38 1246 248 1288 liberatus
281 1247 358 1287 est.

160 1302 463 1359 Caepionem
488 1317 669 1358 quoque,
694 1302 767 1358 qui
791 1302 838 1343 in
862 1301 1051 1356 Augusti
1076 1315 1223 1344 necem
1250 1301 1457 1345 fuerat2l

41 1363 270 1416 animatus,
300 1365 530 1417 postquam
560 1361 726 1403 detecto
753 1361 911 1402 scelere
938 1360 1165 1402 damnatus
1193 1364 1271 1412 est,
1302 1376 1389 1404 ser-

40 1437 119 1465 uus
150 1422 203 1464 ad
222 1421 411 1463 Tiberim
436 1421 482 1462 in
507 1420 616 1462 cista
641 1419 805 1471 detulit,
830 1421 1164 1474 peruectumque
1183 1419 1388 1462 Hostiam

39 1480 138 1523 inde
173 1481 220 1522 in
257 1493 407 1535 agrum
438 1479 699 1521 Laurentem
739 1478 792 1519 ad
823 1478 961 1532 patris
993 1478 1144 1519 uillam
1174 1482 1386 1521 nocturno

38 1540 192 1582 itinere
215 1539 425 1594 perduxit.
475 1536 623 1580 Cumis
650 1536 800 1578 deinde
831 1536 1126 1591 nauigationis
1158 1537 1386 1593 naufragio

38 1613 124 1640 una
148 1598 371 1652 expulsum
397 1597 618 1639 dominum
637 1595 821 1651 Neapoli
846 1595 1168 1642 dissimulanter
1188 1598 1386 1652 occuluit,

39 1659 324 1712 exceptusque
367 1671 392 1697 a
435 1655 681 1698 centurione
725 1668 803 1696 nec
845 1654 986 1709 pretio
1029 1669 1107 1696 nec
1150 1655 1298 1710 minis,
1340 1660 1389 1698 ut

38 1715 257 1758 dominum
287 1715 500 1770 proderet,
530 1713 674 1769 potuit
704 1712 871 1755 adduci.

153 1773 334 1816 Asinio
356 1773 487 1816 etiam
507 1772 744 1815 Pollione
765 1772 916 1814 acerbe
937 1774 1117 1827 cogente
1136 1771 1385 1830 Patauinos,
1400 1773 1459 1815 22

35 1835 86 1876 ut-
120 1833 345 1888 pecuniam
383 1835 427 1874 et
464 1847 584 1874 arma
616 1831 878 1885 conferrent,
916 1830 1186 1886 dominisque
1218 1833 1273 1874 ob
1304 1832 1388 1875 hoc

34 1892 271 1935 latentibus
302 1891 494 1947 praemio
527 1891 661 1933 seruis
691 1905 789 1932 cum
818 1890 1020 1932 libertate
1044 1891 1282 1947 proposito,
1313 1893 1386 1947 qui

35 1950 233 1994 dominos
284 1965 384 1992 suos
433 1950 684 2005 proderent,
735 1951 909 1992 constat
954 1963 1177 1991 seruorum
1218 1951 1386 1993 nullum

34 2010 198 2052 uictum
228 2009 419 2064 praemio
454 2009 674 2052 dominum
706 2008 957 2064 prodidisse.

130 2129 150 2161 6
175 2126 350 2161 dom*ino
375 2125 467 2170 (uid.
492 2125 604 2169 fuisse
622 2126 660 2167 n)
680 2124 717 2159 B
791 2127 810 2158 7
839 2134 987 2160 aucium
1006 2124 1044 2159 P
1114 2129 1134 2161 9
1156 2126 1383 2170 dapnatione

32 2173 70 2208 ,Ρ
141 2175 182 2208 11
210 2171 385 2217 sequutus
405 2172 443 2207 P
513 2175 555 2207 15
582 2170 720 2217 optuht
739 2171 776 2206 P
843 2182 964 2215 piram
988 2171 1069 2207 BP
1139 2177 1181 2208 16
1202 2172 1386 2220 querebat

31 2217 79 2255 B'
164 2223 206 2256 17
233 2219 400 2265 dapnatfi
427 2220 464 2254 P
546 2218 663 2267 penas
682 2218 719 2253 P
803 2221 846 2252 18
872 2220 1074 2254 uexauerat
1098 2221 1137 2255 P
1217 2223 1263 2254 20
1288 2219 1319 2253 fi
1342 2220 1386 2254 in

34 2265 157 2302 fuerat
180 2267 223 2302 in
245 2277 317 2303 ras.
343 2267 386 2302 in
409 2266 447 2301 P
540 2270 584 2302 21
612 2264 838 2311 dampnatus
860 2265 898 2300 P
987 2269 1032 2301 23
1056 2277 1096 2302 in
1122 2278 1188 2304 om.
1214 2266 1252 2300 P
1339 2270 1384 2301 24

36 2313 160 2349 efiirde
186 2313 232 2349 de
256 2313 510 2360 nauigationis
533 2314 570 2349 P
639 2317 684 2348 25
710 2313 986 2349 dissimulantur
1012 2312 1059 2347 B'

1028 2372 1077 2407 4*
