1526 2444
518 47 605 83 V111
631 52 722 85 7—8
758 46 861 84 V1111
889 50 978 82 1—-8
1335 44 1422 87 615

77 171 186 199 nunc
216 170 438 212 uocamus,
477 157 700 208 eueniunt,
731 155 838 212 quia
869 157 1067 198 nostrum
1099 168 1216 196 mare
1249 167 1300 195 ex
1331 153 1419 195 illis

31 223 34 227 ·
77 214 225 258 influit.
274 217 461 257 ceterum
492 216 647 270 uerior,
671 218 721 258 ut
745 216 807 258 ita
833 215 984 269 dicam,
1011 214 1100 256 eius
1126 213 1275 256 alueus
1300 211 1463 254 tenet4

7 285 9 292 ’
77 287 227 316 zonam
272 277 512 341 perustam,
556 278 598 317 et
640 278 730 317 tam
779 275 889 330 ipse,
939 273 1011 329 qui
1061 271 1420 327 aequinoctialem

76 347 205 387 quam
259 334 376 375 sinus
432 348 484 375 ex
533 348 582 376 eo
619 333 729 387 nati,
773 333 846 389 qui
868 360 874 363 ,
899 333 1165 375 horizontem
1216 331 1419 373 circulum

76 391 242 433 ambitu
267 406 369 434 suae
393 392 589 435 flexionis
609 393 850 447 imitantur,
875 405 1045 435 omnem
1070 393 1230 432 terram
1250 389 1420 445 quadri—

74 449 204 492 fidam
236 449 432 493 diuidunt
463 453 506 493 et
537 452 749 508 singulas,
780 454 828 494 ut
859 466 988 506 supra
1019 449 1222 503 diximus,
1253 447 1421 490 habita-

9 509 31 574 g
73 508 210 550 tiones
254 509 416 552 insulas
454 509 631 553 faciunt.
706 526 808 553 nam
851 510 965 552 inter
1002 523 1084 550 nos
1124 510 1168 550 et
1205 505 1461 549 australesf)

4 580 28 619 gg
73 567 269 610 homines
300 582 447 610 means
485 569 557 611 ille
587 585 664 625 per
696 569 878 613 calidam
909 570 1134 623 totamque
1168 566 1343 621 cingens
1377 567 1420 607 et

3 611 28 674 {i-
72 640 217 668 rursus
242 627 463 682 utriusque
488 629 679 684 regionis
706 631 896 671 extrema
922 627 1086 669 sinibus
1110 625 1197 668 suis
1225 600 1455 667 aombiens·

0 667 54 795 βο
74 684 199 727 binas
249 685 294 727 in
338 687 557 741 superiore
602 690 730 742 atque
767 687 968 730 inferiore
1011 688 1151 727 terrae
1195 683 1419 739 superficie

11 745 30 786 Ξῖ
70 743 235 786 insulas
274 744 386 787 facit
448 746 558 788 unde
590 746 759 789 Tullius
789 746 873 788 hoc
913 744 1109 799 intellegi
1146 743 1298 785 uolens
1330 742 1459 785 110116

0 787 29 859 f}
71 802 178 844 dixit
222 804 383 845 omnis
420 806 559 847 terra
609 819 769 859 parua
813 803 1058 859 quaedam
1102 803 1181 843 est
1226 801 1418 855 insula,

0 858 24 933 ³}
72 861 145 903 sed
183 861 344 904 omnis
382 864 540 918 terra,
579 878 706 918 quae
745 864 936 906 colitur
979 877 1004 903 a
1047 860 1215 915 uobis,
1260 874 1419 914 parua

0 931 25 968 121
70 919 314 975 quaedam
353 923 430 964 est
470 922 658 978 insula,
696 923 796 978 quia
827 924 871 964 et
902 921 1097 977 singulae
1129 919 1180 961 de
1213 920 1418 974 quattuor

69 978 416 1022 habitationibus
471 995 632 1035 paruae
688 981 896 1037 quaedam
952 980 1196 1022 efficiuntur
1251 978 1416 1020 insulae

0 1025 9 1085 1
69 1036 239 1080 Oceano
284 1038 350 1080 bis
388 1053 478 1091 eaS,
516 1042 564 1081 ut
595 1040 798 1095 diximus,
836 1039 1066 1082 ambiente.
1128 1037 1274 1079 omnia
1310 1035 1456 1080 haec‘l

0 1088 2 1103 '
69 1099 170 1138 ante
197 1097 342 1139 oculos
370 1073 514 1140 loca’re
539 1101 683 1153 potest
709 1098 944 1153 descriptio
973 1097 1222 1151 substituta,
1255 1110 1306 1137 ex
1334 1110 1417 1151 qua

3 1155 22 1213 {3
70 1158 113 1197 et
137 1156 278 1198 nostri
304 1157 436 1199 maris
463 1157 689 1213 originem,
715 1173 824 1214 quae
850 1157 987 1200 totius
1012 1171 1100 1198 una
1126 1157 1203 1210 est,
1229 1157 1273 1196 et
1298 1155 1418 1197 rubri

7 1207 23 1255 ἶ
70 1216 198 1269 atque
243 1213 380 1257 Indici
418 1219 558 1258 ortum
595 1216 780 1273 uidebis,
821 1215 1110 1271 Caspiumque
1149 1228 1267 1255 mare
1304 1213 1417 1256 unde

0 1266 251 1399 {noriatun
282 1274 493 1329 inuenies,
525 1275 626 1318 licet
655 1290 743 1318 non
773 1277 988 1330 ignorem,
1020 1287 1112 1316 esse
1142 1286 1232 1314 non
1262 1272 1417 1325 nullos,

72 1346 146 1386 qui
178 1346 218 1374 61
249 1332 300 1374 (16
326 1331 497 1376 Oceano
524 1334 767 1390 ingressum
797 1336 969 1401 negent.
1019 1346 1098 1375 nec
1135 1331 1312 1373 dubium
1340 1334 1417 1385 est,

71 1391 116 1432 in
151 1391 271 1432 illam
309 1406 477 1447 quoque
515 1394 717 1435 australis
755 1392 924 1448 generis
968 1392 1254 1447 temperatam
1297 1404 1416 1432 mare

8 1450 18 1490 ἶ
72 1449 122 1490 de
154 1448 322 1492 Oceano
356 1451 552 1494 similiter
583 1452 776 1519 influere,
817 1451 890 1494 sed
928 1450 1112 1493 describi
1147 1448 1230 1491 hoc
1267 1451 1417 1491 nostra

5 1514 23 1564 ‘j
72 1509 350 1551 attestatione
385 1525 474 1552 non
505 1510 669 1563 debuit,
707 1511 826 1554 cuius
860 1510 966 1552 situs
1003 1509 1131 1551 nobis
1168 1507 1416 1563 incognitus

6 1568 53 1610 ¹305
72 1570 328 1622 perseuerat.
405 1569 518 1624 quod
563 1573 706 1612 autem
749 1572 942 1612 nostram
986 1567 1268 1610 habitabilem
1312 1566 1459 1609 dixit8

2 1627 16 1670 ἶ
72 1628 340 1682 angustam
397 1628 704 1685 uerticibus,
751 1628 1004 1670 lateribus
1062 1625 1320 1681 latiorem,
1373 1625 1419 1667 in

6 1688 18 1722 ἶ
71 1685 219 1727 eadem
251 1685 536 1741 descriptione
567 1662 808 1742 poterimus
841 1686 1074 1728 aduertere.
1121 1699 1223 1727 nam
1255 1686 1417 1740 quanto

8 1764 17 1804 l:
71 1744 242 1800 longior
267 1747 340 1787 est
351 1746 544 1801 tropicus
571 1747 756 1789 circulus
783 1744 1111 1800 septentrionali
1137 1743 1265 1798 circo,
1290 1745 1415 1786 tanto

0 1806 19 1868 ’,ἱ
71 1817 180 1845 zona
221 1804 455 1846 uerticibus
499 1819 628 1860 quam
670 1805 879 1848 lateribus
925 1803 1151 1860 angustior
1193 1805 1280 1857 est,
1317 1803 1418 1858 quia

0 1852 54 1941 {⁸⁰
73 1862 296 1904 summitas
348 1863 438 1905 eius
494 1864 540 1905 in
581 1866 723 1906 artum
766 1863 947 1906 extremi
996 1861 1160 1918 cinguli
1202 1861 1418 1904 breuitate

72 1920 361 1976 contrahitur,
398 1921 597 1966 deductio
630 1925 775 1965 autem
805 1923 989 1964 laterum
1021 1935 1117 1963 cum
1149 1919 1418 1976 longitudine

71 1979 229 2033 tropici
261 1979 314 2021 ab
347 1982 528 2035 utraque
554 1985 678 2036 parte
711 1981 979 2024 distenditur.
1042 1979 1223 2035 denique
1249 1981 1418 2022 ueteres

0 1989 16 2040 Ξ

0 2089 13 2126 3
166 2098 189 2129 4
214 2097 378 2131 or1zonte
404 2096 473 2131 PB
614 2101 634 2132 5
660 2096 871 2142 quadnfida
895 2096 931 2131 Β
1071 2099 1091 2131 6
1116 2094 1364 2131 habitatmms
1382 2095 1419 2130 Β

0 2119 16 2175 Ξ
72 2145 94 2176 9
118 2142 259 2178 fimbur
280 2143 316 2178 B
415 2147 455 2178 11
483 2143 581 2179 unde
606 2145 645 2179 et,
668 2144 704 2179 B
800 2143 957 2188 mtelegi
985 2142 1030 2187 P,
1055 2142 1219 2188 mte111g1
1243 2143 1280 2177 B
1353 2153 1418 2177 uo-

0 2186 13 2239 }
72 2188 144 2224 luit
167 2189 204 2224 Β
302 2193 345 2225 13
371 2189 432 2225 sed
465 2190 586 2226 omnls
606 2211 651 2217 --
678 2194 723 2225 14
748 2190 802 2226 est
831 2190 949 2226 insula
974 2200 1041 2226 om.
1067 2190 1103 2224 B
1200 2194 1244 2224 21
1271 2189 1324 2225 est
1353 2189 1418 2223 du-

0 2228 13 2288 ξ·
71 2236 175 2271 bium
199 2237 236 2272 Β
308 2240 353 2273 25
380 2237 511 2274 dunt*
534 2237 571 2273 P
639 2241 685 2274 28
709 2239 794 2283 torp
796 2237 877 2274 icus
899 2235 948 2273 P'
1025 2237 1145 2273 circus
1167 2237 1203 2272 Β
1276 2237 1419 2282 septen-

0 2287 22 2444 ἱ
70 2284 244 2320 tnonalis
268 2282 316 2318 P'
391 2284 636 2321 29leter1bus
658 2285 695 2320 P
765 2288 809 2320 31
837 2296 906 2321 con
934 2284 984 2319 P'
