1526 2444
179 20 265 62 612
471 20 620 57 ΟΟΜΜ.
645 21 698 56 IN
723 22 865 58 SOMN.
892 21 1004 59 SCIP.
1025 22 1153 58 LIBRI
1176 22 1212 58 11

178 127 222 167 in
258 126 338 168 hac
368 126 462 180 ipsa
493 141 615 181 zona,
654 142 779 182 quam
810 128 1052 181 incolimus,
1089 143 1195 183 quae
1224 130 1318 170 tota
1349 128 1501 171 dicitur

180 187 430 238 temperata,
460 187 604 238 partes
629 187 785 239 tamen,
816 200 922 239 quae
946 189 1117 240 perusto
1143 187 1311 240 cingulo
1337 186 1500 228 uicinae

181 244 297 295 sunt,
329 242 479 283 ceteris
510 242 731 284 calidiores
765 246 876 298 sunt,
906 246 953 285 ut
984 246 1048 285 est
1079 244 1309 298 Aethiopia
1339 243 1500 285 Arabia

180 298 403 353 Aegyptus
447 301 490 340 et
526 299 679 354 Libya,
721 301 767 341 in
810 301 960 355 quibus
1004 302 1119 343 calor
1162 302 1224 343 ita
1261 301 1502 343 circumfusi

126 392 127 395 ,
181 357 290 397 aeris
316 371 468 411 corpus
494 359 703 411 extenuat,
733 359 782 399 ut
806 360 879 399 aut
902 373 1131 413 numquam
1157 362 1231 400 aut
1254 373 1349 400 raro
1377 372 1500 414 coga-

180 417 251 455 tur
289 414 334 455 in
369 415 514 457 nubes.
574 418 617 456 et
653 415 747 457 ideo
783 416 924 457 nullus
962 430 1096 470 paene
1133 416 1244 470 apud
1273 417 1368 458 illos
1400 430 1501 458 usus

111 472 168 513 20
182 474 247 513 est
284 472 493 514 imbrium.
554 487 700 514 rursus
738 487 844 527 quae
881 474 934 514 ad
969 473 1147 528 frigidae
1183 474 1287 515 fines
1317 474 1502 528 pressius

182 529 405 583 accedunt,
447 533 496 571 ut
537 532 601 571 est
642 531 764 584 palus
807 530 1006 586 Maeotis,
1050 533 1098 572 ut
1139 532 1351 586 regiones,
1397 546 1501 585 quas

181 587 484 641 praeterfluunt
521 588 675 629 Tanais
714 591 757 629 et
787 587 950 642 Hister,
988 589 1211 643 omniaque
1249 603 1373 643 super
1404 588 1501 643 Scy-

181 645 319 686 thiam
367 646 479 700 loca,
530 660 709 700 quorum
757 647 918 688 incolas
966 649 1156 688 uetustas
1201 646 1526 701 Hyperboreos]

181 703 371 757 uocauit,
411 704 531 757 quasi
569 703 774 758 originem
816 704 968 746 boreae
1005 705 1235 746 introrsum
1271 704 1501 746 recedendo

182 761 455 815 transissent,
486 761 590 802 adeo
623 764 794 802 aeterna
822 776 955 815 paene
985 765 1234 816 premuntur
1263 762 1424 816 pruina,
1454 764 1502 803 ut

180 832 267 859 non
304 818 427 859 facile
465 819 715 873 explicetur,
752 822 909 873 quanta
947 820 1003 861 sit
1031 819 1119 861 illic
1148 820 1327 874 frigidae
1357 819 1502 860 nimie-

113 877 166 918 21
182 876 284 917 tatis
328 876 492 917 iniuria.
558 877 650 918 loca
691 891 811 930 uero,
853 891 961 932 quae
1003 878 1047 918 in
1090 877 1227 919 medio
1264 879 1502 931 temperata

183 935 293 987 sunt,
325 934 523 988 quoniam
555 934 607 974 ab
639 936 818 987 utraque
847 935 1065 976 nimietate
1094 935 1269 989 longum
1293 935 1526 989 recedunt‚2

182 1005 327 1033 ueram
357 994 504 1032 tenent
534 992 842 1046 salutaremque
873 992 1132 1046 temperiem.

111 1059 219 1102 VIII
284 1060 425 1102 Locus
455 1074 532 1102 nos
565 1060 776 1111 admonet,
807 1063 855 1102 ut
879 1084 934 1090 —
960 1061 1159 1115 quoniam
1190 1060 1371 1102 diximus
1402 1075 1504 1114 rem,

187 1132 292 1172 quae
325 1133 349 1159 a
379 1118 497 1159 nullo
529 1118 665 1172 possit
688 1118 837 1173 refelli,
866 1121 1089 1173 utrumque
1114 1119 1323 1173 tropicum
1348 1119 1503 1160 circum

187 1175 358 1217 zodiaco
402 1176 607 1218 terminos
651 1176 806 1230 facere,
844 1190 921 1217 nec
963 1190 1163 1230 umquam
1206 1177 1337 1218 solem
1381 1177 1504 1217 alter-

185 1236 328 1275 utrum
366 1233 575 1287 tropicum
610 1233 806 1275 excedere
836 1248 961 1288 posse
991 1235 1060 1275 uel
1091 1249 1256 1276 sursum
1288 1234 1355 1275 uel
1387 1234 1526 1275 deor-1

187 1306 279 1332 sum
303 1291 496 1343 meando,
525 1294 643 1332 trans
669 1292 885 1333 zodiacum
910 1306 1011 1334 uero
1037 1292 1207 1345 circum,
1234 1292 1277 1333 id
1302 1294 1366 1333 est
1383 1294 1503 1333 trans

185 1352 343 1402 ustam,
381 1363 488 1402 quae
524 1349 700 1403 tropicis
737 1350 962 1403 clauditur,
999 1364 1048 1391 ex
1085 1353 1261 1404 utraque
1291 1352 1412 1403 parte
1442 1350 1502 1390 in-

181 1407 320 1461 cipere
368 1408 625 1460 temperatas
662 1431 717 1436 -
756 1421 1026 1462 quaeramus,
1071 1407 1171 1462 quid
1208 1407 1265 1449 sit
1295 1407 1406 1461 quod
1443 1407 1504 1448 ait

181 1464 415 1519 Vergilius,
464 1479 588 1518 quem
638 1465 796 1507 nullius
845 1479 1046 1519 umquam
1096 1465 1344 1519 disciplinae
1388 1478 1504 1506 error

180 1522 363 1564 inuoluit

797 1569 904 1610 duae
934 1568 1182 1610 mortalibus
1215 1569 1351 1623 aegris

241 1639 413 1667 munere
445 1640 668 1668 concessae
699 1626 843 1667 diuum
874 1628 916 1668 et
945 1627 1015 1668 uia
1045 1628 1158 1668 secta
1186 1640 1263 1681 per
1287 1626 1434 1667 ambas

241 1683 404 1725 oblicus
437 1698 519 1738 qua
550 1698 593 1725 se
626 1684 844 1738 signorum
874 1687 1059 1725 uerteret
1089 1684 1204 1726 ordo.

143 1752 351 1794 2uidetur
388 1753 500 1794 enim
539 1753 676 1794 dicere
707 1753 774 1794 his
806 1753 1014 1808 uersibus,
1051 1753 1268 1795 zodiacum
1298 1767 1372 1806 per
1401 1754 1503 1793 tem-

187 1813 355 1863 peratas
393 1810 563 1852 ductum
595 1813 637 1852 et
667 1811 768 1852 solis
799 1825 967 1852 cursum
997 1825 1072 1865 per
1101 1810 1215 1864 ipsas
1247 1811 1354 1861 fieri,
1391 1809 1526 1864 quodz

276 1904 319 1935 26
346 1900 477 1945 Georg.
502 1899 519 1934 I
543 1904 611 1935 237

276 1984 297 2015 3
329 1980 515 2015 calidioris
543 1979 593 2014 P'
757 1984 779 2015 4
809 1981 910 2025 lybia
941 1983 1043 2026 (corr.
1074 1992 1118 2018 esc
1141 1981 1254 2026 lyma)
1280 1980 1322 2024 P,
1351 1981 1444 2016 libia
1466 1981 1503 2016 B

185 2032 204 2062 7
230 2027 413 2072 ymbrium
437 2027 474 2061 P
553 2027 628 2062 fine
654 2027 690 2061 B
772 2031 793 2062 8
818 2027 991 2062 meotidis
1010 2028 1046 2062 B
1124 2030 1144 2061 9
1169 2027 1264 2072 yster
1290 2027 1335 2070 P,
1358 2027 1443 2062 ilter
1466 2026 1503 2061 B

184 2074 305 2108 sitiam
329 2073 372 2116 P,
397 2072 528 2107 scithia
551 2072 588 2107 B
731 2077 774 2108 10
798 2073 995 2119 hipboreos
1013 2073 1050 2108 P
1188 2078 1227 2108 11
1259 2083 1444 2118 origenem
1466 2073 1502 2108 B

186 2123 228 2154 12
253 2119 446 2154 transirent
470 2129 535 2154 aeo
563 2116 612 2153 P'
695 2123 736 2154 13
761 2119 898 2164 frigida
921 2119 958 2154 P
1029 2123 1070 2154 15
1095 2119 1244 2164 longom
1268 2118 1315 2155 12‘
1390 2123 1432 2154 19
1457 2129 1502 2154 ne
1524 2136 1526 2138 ·

183 2165 233 2201 P'
323 2169 367 2201 22
393 2166 523 2209 traque
550 2163 597 2199 P'
688 2169 731 2200 27
757 2166 836 2200 uita
860 2162 906 2200 B'
996 2170 1040 2201 28
1066 2166 1236 2210 obliquus
1253 2166 1290 2200 B
1379 2169 1423 2200 29
1448 2164 1507 2200 hu·
1524 2186 1526 2194 2

183 2210 234 2247 sib
259 2212 304 2257 (h.
330 2223 358 2248 e.
382 2211 517 2255 uerbis)
543 2211 580 2247 B
647 2215 690 2247 30
715 2211 802 2248 solis
820 2212 942 2247 cursus
962 2213 998 2248 P
