1526 2444
626 87 714 124 XIII
733 91 848 124 7—16
1324 84 1411 128 537

65 199 319 242 uoluntariis
357 198 572 241 mortibus
610 197 828 254 significat
863 210 956 238 esse
986 195 1264 250 laudabilem,
1303 209 1412 250 quae

67 260 352 313 comparatur,
371 260 420 300 ut
438 257 637 312 diximus,
661 255 963 312 philosophiae
982 254 1162 309 ratione,
1179 268 1267 297 non
1286 253 1412 311 ferro,

14 342 15 345 =
66 317 304 374 prudentia,
333 331 421 359 non
452 330 629 359 ueneno.
679 315 800 358 addit
830 315 974 367 etiam,
1004 314 1126 356 illam
1151 314 1291 356 solam
1318 328 1410 356 esse
1427 315 1480 357 11

3 409 5 413 .
65 377 309 419 naturalem
350 378 552 431 mortem,
590 374 665 416 ubi
701 388 858 430 corpus
898 374 1106 428 animam,
1141 387 1230 415 non
1269 373 1414 415 anima

30 448 48 475 ε
67 449 220 491 corpus
269 435 486 490 relinquit.
558 436 731 477 constat
775 434 888 475 enim
931 446 1206 474 numerorum
1251 434 1414 475 certam

67 494 435 549 constitutamque
478 493 693 536 rationem
737 494 902 535 animas
948 491 1111 534 sociare
1150 491 1413 547 corporibus.

66 554 113 596 hi
143 554 311 596 numeri
343 553 445 596 dum
478 555 719 608 supersunt,
751 554 998 607 perseuerat
1028 565 1182 606 corpus
1215 551 1414 593 animari:

68 627 165 656 cum
197 627 299 655 uero
332 612 551 667 deficiunt,
585 626 686 654 mox
713 625 870 653 arcana
902 611 976 652 illa
1006 611 1072 652 uis
1106 610 1299 666 soluitur,
1331 625 1416 666 qua

69 672 252 714 societas
291 672 386 726 ipsa
425 671 673 724 constabat,
718 672 762 712 et
797 670 880 712 hoc
918 672 1001 724 est,
1045 670 1157 724 quod
1195 669 1333 711 fatum
1373 672 1417 711 et

15 743 51 770 ιο
67 730 222 773 fatalia
252 730 372 772 uitae
403 733 600 785 tempora
630 743 845 771 uocamus.
901 728 1046 770 anima
1077 742 1180 782 ergo
1206 730 1304 783 ipsa
1327 743 1415 770 non
1433 729 1486 771 12

70 790 222 844 deficit,
253 788 411 844 quippe
438 803 546 844 quae
575 788 820 830 inmortalis
846 789 974 842 atque
998 790 1207 842 perpetua
1234 789 1310 841 est,
1343 787 1417 829 sed

69 848 244 904 inpletis
281 848 472 890 numeris
510 861 664 902 corpus
700 846 884 889 fatiscit:
928 860 1006 888 nec
1046 846 1192 888 anima
1229 846 1418 888 lassatur

70 906 312 962 animando,
344 906 418 949 sed
450 905 640 948 officium
672 920 797 948 suum
823 905 980 947 deserit
1005 919 1172 961 corpus,
1205 919 1302 947 cum
1328 905 1417 947 iam

69 981 155 1008 non
198 967 337 1022 possit
374 966 568 1008 animari.
636 965 737 1007 hinc
774 964 882 1006 illud
921 966 988 1006 est
1025 964 1266 1007 doctissimi
1303 964 1417 1006 uatis

0 1040 50 1102 1³15
283 1048 462 1103 explebo
493 1061 720 1089 numerum
750 1046 987 1102 reddarque
1019 1047 1220 1089 tenebris.

70 1131 177 1173 haec
214 1132 280 1173 est
315 1131 449 1186 igitur
485 1131 698 1172 naturalis
730 1145 832 1172 uere
863 1144 998 1184 mors,
1036 1144 1133 1172 cum
1164 1129 1295 1172 finem
1326 1144 1416 1172 cor·
1434 1131 1489 1173 13

70 1190 187 1245 poris
220 1189 338 1232 solus
362 1204 640 1232 numerorum
666 1204 841 1231 suorum
867 1188 1058 1231 defectus
1085 1189 1300 1244 adportat,
1330 1203 1420 1231 non

72 1263 169 1292 cum
207 1250 484 1304 extorquetur
527 1248 620 1290 uita
657 1249 827 1303 corpori
863 1247 1002 1290 adhuc
1039 1248 1194 1290 idoneo
1232 1247 1286 1290 ad
1323 1262 1419 1290 con-

72 1308 356 1350 tinuationem
398 1306 575 1349 ferendi.
637 1322 715 1350 nec
752 1307 862 1349 leuis
901 1309 967 1349 est
1004 1306 1245 1349 differentia
1281 1307 1420 1349 uitam

19 1368 142 1409 xouel
181 1369 336 1409 natura
371 1367 442 1408 uel
479 1369 629 1421 sponte
668 1366 875 1409 soluendi.
937 1366 1080 1407 anima
1117 1367 1231 1408 enim
1267 1380 1363 1408 cum
1395 1367 1492 1410 a14

74 1440 252 1481 corpore
278 1425 500 1479 deseritur,
523 1428 667 1480 potest
686 1426 732 1467 in
753 1439 797 1467 se
821 1425 931 1467 nihil
950 1425 1134 1466 retinere
1155 1439 1420 1482 corporeum,

75 1485 112 1527 si
143 1499 189 1527 se
219 1498 337 1539 pure,
367 1499 465 1526 cum
497 1485 541 1526 in
572 1484 654 1526 hac
678 1485 771 1526 uita
797 1487 923 1534 esset,
954 1483 1161 1525 instituit:
1194 1498 1291 1526 eum
1316 1499 1419 1527 uero

73 1544 170 1599 ipsa
207 1544 259 1586 de
290 1557 470 1598 corpore
501 1543 712 1585 uiolenter
744 1543 1000 1594 extruditur,
1039 1543 1140 1598 quia
1172 1543 1260 1585 exit
1290 1546 1419 1597 rupto

11 1639 16 1646 .
73 1603 266 1657 uinculo,
314 1616 403 1644 non
440 1603 600 1657 soluto,
647 1602 699 1644 fit
749 1602 789 1644 ei
837 1603 933 1657 ipsa
975 1602 1211 1644 necessitas
1250 1603 1419 1645 occasio

20 1672 56 1701 25
75 1662 308 1716 passionis,
346 1663 389 1703 et
425 1662 569 1717 malis,
605 1661 824 1703 uinculum
862 1661 963 1703 dum
1001 1661 1182 1716 rumpit,
1218 1661 1420 1703 inficitur.

74 1721 185 1763 hanc
216 1734 384 1776 quoque
416 1720 709 1776 superioribus
741 1720 872 1763 adicit
901 1719 1114 1762 rationem
1148 1733 1236 1762 non
1267 1722 1493 1775 sponte15

74 1779 297 1835 pereundi:
320 1793 439 1833 „cum
465 1782 647 1831 constet,
674 1779 828 1834 inquit,
852 1780 1243 1822 remunerationem
1268 1780 1422 1822 animis

75 1838 165 1881 illic
196 1838 290 1881 esse
321 1838 595 1880 tribuendam
626 1853 703 1894 pro
737 1838 864 1880 modo
890 1838 1181 1893 perfectionis,
1214 1838 1266 1880 ad
1293 1853 1422 1894 quam

14 1933 25 1942 ,.
75 1897 122 1938 in
158 1897 241 1939 hac
277 1897 371 1939 uita
401 1911 488 1939 una
520 1911 712 1952 quaeque
743 1897 957 1952 peruenit,
994 1911 1083 1939 non
1115 1900 1182 1939 est
1211 1898 1423 1953 praecipi-

21 1955 232 1998 notandus
270 1956 385 1998 uitae
422 1956 537 2010 finis,
575 1971 669 1998 cum
710 1956 848 1998 adhuc
879 1955 1127 2011 proficiendi
1159 1971 1252 1998 esse
1282 1957 1423 2013 possit

77 2015 273 2058 accessio.
292 2019 305 2066 s
322 2029 400 2057 nec
429 2014 592 2057 frustra
622 2015 704 2058 hoc
736 2015 897 2058 dictum
926 2018 1004 2057 est.
1053 2030 1155 2057 nam
1181 2016 1227 2058 in
1253 2017 1420 2059 arcanis
1439 2019 1493 2061 16

174 2134 216 2166 15
244 2130 352 2176 Verg.
378 2130 468 2166 Aen.
495 2130 546 2166 VI
574 2133 642 2166 545

174 2239 218 2272 12
242 2236 409 2282 impletis
430 2237 467 2272 P
571 2241 614 2272 13
641 2237 855 2273 animamdo
880 2241 922 2273 ut
946 2237 1023 2273 uid.
1050 2235 1101 2271 P'
1213 2241 1258 2273 14
1282 2239 1349 2273 hin
1374 2236 1423 2273 P'

79 2287 124 2319 22
154 2295 194 2320 In
223 2285 265 2319 in
293 2295 367 2320 ras.
399 2285 440 2320 in
470 2284 508 2319 P
670 2288 715 2319 23
742 2286 824 2321 extr
853 2286 895 2321 in
925 2284 1134 2320 extrudltur
1158 2286 1200 2320 in
1222 2297 1295 2321 ras.
1322 2287 1364 2321 in
1391 2285 1428 2320 P

79 2334 126 2366 24
149 2331 309 2368 unacum
327 2332 365 2367 P
433 2334 478 2367 27
503 2331 635 2376 mquid
658 2331 704 2367 P'
