1526 2444
514 76 567 112 v1
591 79 636 112 30
673 75 743 112 v11
770 79 861 111 1—9
1307 70 1373 119 29

50 185 208 238 ulidus,
245 185 317 240 qui
352 186 454 240 post
486 184 733 227 innumeras
765 184 879 226 inter
908 185 1078 240 pugiles
1109 184 1279 239 palmas
1313 185 1366 227 ad

50 243 320 300 hilosophiae
361 243 504 286 studia
540 244 763 299 migrauit,
806 246 1052 299 sectamque
1089 243 1367 286 Antisthenis

44 307 64 346 t
82 302 268 346 Cratetis
295 305 423 357 atque
448 302 584 356 ipsius
610 301 820 358 Diogenis
847 305 1020 345 secutus
1045 303 1160 345 inter
1179 301 1366 357 Cynicos

50 377 107 406 on
142 361 369 404 incelebris
406 361 662 403 habebatur.
723 361 796 403 sed
826 361 1097 418 Euangelus,
1132 364 1409 417 postquam4

96 424 187 463 tum
238 422 406 462 coetum
449 419 754 476 adsurgentem
797 420 882 462 sibi
924 421 1146 476 ingressus
1192 420 1368 463 offendit

34 477 228 524 casusne'
259 479 400 534 inquit
437 478 532 522 ‘hos
571 493 718 521 omnes
759 479 813 521 ad
843 482 904 533 te,
940 479 1235 535 Praetextate,
1272 494 1369 522 con·

61 539 163 592 axit,
188 552 243 579 an
268 537 398 580 altius
423 537 639 594 quiddam,
664 538 732 580 cui
756 538 934 581 remotis
961 539 1137 581 arbitris
1164 553 1270 594 opus
1296 539 1368 593 sit,

73 596 254 654 gitaturi
291 611 342 638 ex
378 596 588 651 disposito
627 597 921 640 conuenistis‘?
983 598 1096 652 quod
1127 597 1165 639 si
1195 599 1259 640 ita
1290 600 1367 652 est,

48 659 70 699 t
104 655 306 710 aestimo,
350 655 479 698 abibo
522 655 667 711 potius
709 671 839 711 quam
877 670 945 698 me
981 656 1138 698 uestris
1178 657 1367 698 miscebo

68 714 209 770 cretis,
240 729 266 756 a
290 714 444 769 quibus
474 729 544 756 me
576 715 794 757 amouebit
822 715 1037 768 uoluntas,
1067 715 1168 757 licet
1192 715 1368 757 fortuna

37 775 192 817 ecisset
233 772 465 815 inruere'.·
507 776 609 815 tunc
644 772 816 815 Vettius
860 774 1057 829 quamuis
1102 774 1155 815 ad
1199 775 1411 817 omnem5

52 833 278 876 atientiam
310 834 559 874 constanter
584 832 717 874 animi
742 832 1059 887 tranquillitate
1083 833 1252 889 firmus,
1282 848 1370 876 non

54 891 131 934 ‘hil
159 893 305 933 tamen
336 891 653 934 consultatione
683 894 776 933 tam
805 894 1010 947 proterua
1038 895 1181 934 motus
1214 891 1268 934 ‘si
1294 894 1411 935 autss

66 950 105 992 e'
141 949 281 1004 inquit
322 948 581 1006 eEuangele,
625 952 700 992 aut
742 951 848 992 haec
891 950 1163 993 innocentiae
1205 951 1371 993 lumina

45 1009 276 1066 ogitasses,
313 1008 481 1050 nullum
515 1009 628 1051 inter
658 1023 738 1052 nos
768 1010 856 1052 tale
889 1012 1102 1052 secretum
1133 1010 1372 1065 opinarere,

50 1067 137 1111 uod
178 1081 264 1109 non
308 1068 377 1109 uel
419 1068 503 1109 tibi
544 1068 614 1110 uel
658 1069 789 1110 etiam
831 1069 963 1124 uulgo
1005 1069 1101 1110 fieri
1139 1069 1371 1111 dilucidum

52 1128 189 1181 osset,
237 1126 338 1181 quia
385 1141 524 1182 neque
574 1141 654 1183 ego
700 1142 795 1169 sum
838 1128 1052 1170 inmemor
1094 1142 1173 1170 nec
1216 1128 1372 1170 horum

23 1200 278 1242 quemquam
308 1185 493 1229 inscium
524 1186 649 1229 credo
676 1187 819 1228 sancti
842 1186 962 1228 illius
987 1187 1205 1242 praecepti
1229 1187 1372 1243 philo-

23 1244 199 1299 sophiae
223 1244 294 1286 sic
318 1244 626 1299 loquendum
654 1260 763 1287 esse
789 1259 896 1288 cum
921 1245 1219 1288 hominibus
1246 1249 1372 1288 tam-

25 1318 170 1359 quam
202 1302 250 1344 di
282 1303 510 1359 audiant,
542 1305 614 1346 sic
644 1305 958 1360 loquendum
999 1319 1107 1347 cum
1139 1305 1216 1347 dis
1246 1308 1372 1347 tam—

23 1376 170 1417 quam
200 1361 434 1404 homines
466 1363 696 1404 audiant:
728 1364 847 1406 cuius
880 1364 1065 1406 secunda
1095 1379 1197 1419 pars
1231 1365 1373 1407 sancit

21 1420 182 1475 nequid
213 1435 238 1462 a
269 1419 334 1462 dis
371 1423 587 1476 petamus,
626 1422 740 1476 quod
776 1422 887 1464 uelle
924 1437 1004 1465 nos
1036 1423 1283 1465 indecorum
1316 1424 1373 1465 sit

23 1479 272 1522 hominibus
309 1479 517 1523 confiteri.
577 1495 656 1523 nos
693 1495 796 1522 uero
835 1484 883 1523 ut
921 1484 965 1523 et
995 1481 1205 1523 honorem
1237 1482 1371 1524 sacris
1388 1483 1411 1524 7

22 1537 143 1580 feriis
169 1538 425 1580 haberemus
452 1542 495 1580 et
520 1539 757 1582 uitaremus
782 1543 931 1582 tamen
948 1545 1169 1595 torporem
1187 1540 1372 1583 feriandi

24 1599 153 1651 atque
179 1597 313 1638 otium
338 1597 385 1638 in
409 1598 629 1653 negotium
654 1598 760 1640 utile
785 1601 1062 1654 uerteremus,
1094 1601 1372 1642 conuenimus

23 1655 136 1698 diem
160 1657 301 1697 totum
327 1655 464 1698 doctis
490 1656 650 1699 fabulis
673 1657 794 1699 uelut
813 1672 864 1699 ex
883 1658 1083 1712 symbola
1102 1658 1372 1701 conferendis

24 1713 180 1757 daturi.
228 1728 331 1756 nam
358 1714 396 1756 si
427 1729 504 1770 per
534 1730 656 1757 sacra
687 1716 916 1758 sollemnia
946 1717 1088 1759 riuos
1121 1717 1414 1762 deducere8

23 1773 216 1828 religio
246 1773 388 1816 nulla
411 1774 733 1830 prohibebit,
765 1776 802 1817 si
829 1776 1028 1818 salubri
1053 1776 1220 1819 fluuio
1246 1792 1374 1820 mer-

25 1846 136 1875 sare
168 1846 289 1875 oues
321 1832 386 1875 fas
419 1835 462 1874 et
491 1833 588 1875 iura
617 1834 890 1890 permittunt,
924 1849 999 1877 cur
1029 1849 1118 1877 non
1149 1836 1373 1892 religionis

23 1890 163 1935 honor
204 1893 380 1946 putetur
422 1892 565 1935 dicare
608 1893 740 1936 sacris
785 1893 935 1936 diebus
979 1909 1148 1937 sacrum
1186 1895 1374 1937 studium

44 1950 299 1992 itterarum‘?
347 1950 422 1992 sed
440 1952 541 2006 quia
566 1966 644 1994 uos
669 1966 837 2008 quoque
864 1953 1040 1995 deorum
1065 1953 1220 2008 aliquis
1247 1955 1373 1997 nobis
1389 1955 1414 1996 9

122 2081 140 2112 1
169 2076 382 2113 innumeras
402 2088 469 2114 om.
488 2078 526 2114 B
597 2083 618 2114 2
639 2069 847 2127 antist'elms
861 2080 898 2116 P
965 2085 986 2116 3
1012 2081 1183 2127 diogems
1198 2103 1240 2108 —
1261 2083 1375 2118 habe-

26 2123 139 2160 batur
163 2125 272 2161 iterat
295 2123 342 2160 B'
428 2125 605 2170 sequutus
627 2127 664 2161 P
744 2132 764 2163 6
788 2129 827 2163 te
852 2129 894 2164 in
917 2139 991 2164 ras.
1017 2130 1166 2174 scripsit
1189 2129 1251 2175 ΡΞ,
1278 2129 1313 2166 fe
1340 2131 1376 2166 Β

31 2175 75 2209 10
98 2171 250 2207 secretis
268 2182 293 2208 *
311 2183 334 2207 a
359 2172 450 2217 (wid.
476 2173 590 2216 fuisse
609 2174 655 2219 ὠ)
683 2174 720 2208 Ρ
813 2176 1006 2211 amouebls
1025 2180 1066 2213 ut
1083 2177 1162 2212 uid.
1184 2175 1231 2212 B'
1332 2181 1373 2212 11

26 2228 166 2254 irruere
187 2219 225 2254 P
283 2220 364 2255 tum
383 2219 421 2255 P
479 2224 521 2255 15
543 2231 694 2266 opinare
716 2222 753 2256 B
814 2226 860 2258 20
880 2222 953 2258 dns
966 2223 1050 2258 BP
1109 2228 1151 2259 21
1173 2224 1324 2272 sanclclt
1342 2226 1380 2260 P

27 2268 72 2301 22
98 2265 171 2300 dnl'
191 2266 270 2302 PB
365 2270 410 2302 23
436 2266 467 2302 &
491 2278 557 2304 om.
577 2268 614 2303 Β
700 2272 744 2304 25
770 2269 862 2306 utlle
885 2281 952 2306 om.
976 2270 1013 2305 P
1095 2275 1141 2307 26
1161 2271 1319 2308 fimbola
1341 2273 1378 2306 P

29 2314 74 2348 27
100 2312 275 2349 diducere
300 2314 338 2350 P
