1526 2444
506 57 572 92 XV
601 59 690 93 15—
696 58 739 90 19
777 54 863 91 xv1
890 58 980 90 1—2
1333 53 1421 96 315

129 166 266 222 αὐτὰρ
300 166 500 220 Φωκήων
531 165 727 236 Σχεδίος
749 162 822 206 καὶ
848 162 1141 238 Ἐπίστροφος
1171 159 1325 219 ηρχον,

129 228 315 280 Λοκρῶν
348 223 387 267 δ’
423 224 692 279 ἡγεμόνευεν
718 220 888 278 Ὀιλῆος
918 225 1051 279 ταχὺς
1080 226 1207 276 Αἶας,

128 285 294 340 Νιρεὺς
325 282 364 326 δ’
401 280 458 326 αὖ
490 283 706 338 Σύμηθεν
738 283 844 336 ἄγεν
858 289 993 341 τρεῖς
1024 288 1134 338 νῆας
1165 280 1295 332 ἐίσας.

70 367 190 409 illam
234 380 335 408 uero
374 365 712 408 enumerationis
751 365 1072 421 congestionem
1112 364 1225 419 apud
1260 363 1421 407 Home·
1438 364 1491 406 18

32 448 50 475 5
69 441 164 468 rum
189 425 312 468 Maro
339 424 575 467 admiratus
600 425 662 467 ita
687 425 911 480 expressit,
943 426 993 466 ut
1017 438 1154 480 paene
1181 438 1278 466 eum
1304 423 1420 465 dixe-

69 485 152 526 rim
185 484 425 540 elegantius
457 483 733 525 transtulisse

130 567 177 610 οἵ
205 567 423 609 Κνωσσόν
453 563 490 607 τ’
527 563 648 621 εἶχον
679 566 882 620 Γόρτυνά
913 581 959 608 τε
991 566 1264 621 τειχιόεσσαν

128 627 305 668 Λύκτον
336 626 542 680 Μίλητόν
573 640 618 667 τε
648 623 720 668 καὶ
751 624 1015 681 ἀργινόεντα
1046 625 1284 667 Λύκαστον

131 686 327 728 Φαιστόν
357 699 418 740 τε,
449 688 493 726 et
523 684 692 727 similia.

0 790 50 819 310
70 767 122 810 ad
155 767 269 823 quod
301 767 543 822 exemplum
574 766 654 809 illa
684 765 942 823 Vergiliana
974 768 1077 809 sunt
1438 765 1491 808 19

129 850 305 906 agmina
335 850 569 892 densentur
599 848 762 903 campis
794 849 1045 905 Argiuaque
1078 848 1215 905 pubes

128 911 437 964 Auruncaeque
468 922 621 950 manus
652 907 803 950 Rutuli
834 910 1086 964 ueteresque
1119 907 1264 950 Sicani

129 971 245 1011 stant
275 967 502 1012 Gauranae
534 967 648 1009 acies
682 970 725 1010 et
756 967 862 1022 picti
895 970 1017 1010 scuta
1048 967 1211 1022 Labici,

129 1028 204 1083 qui
235 1027 386 1081 saltus,
418 1026 632 1081 Tiberine,
662 1029 760 1069 tuos
795 1041 1048 1082 sacrumque
1080 1025 1256 1069 Numici

15 1109 50 1136 15
128 1087 230 1129 litus
263 1088 390 1128 arant
420 1085 690 1141 Rutulosque
723 1090 919 1128 exercent
949 1100 1125 1128 uomere
1158 1085 1289 1128 colles

131 1145 439 1200 Circaeumque
469 1145 630 1200 iugum,
663 1145 757 1200 quis
789 1144 985 1201 Iuppiter
1016 1145 1208 1187 Anxuris
1245 1145 1360 1187 aruis

128 1203 348 1262 praesidet
378 1228 434 1235 -—
467 1207 511 1246 et
541 1207 695 1246 cetera.

188 1286 379 1342 Vterque
411 1286 457 1328 in
482 1287 682 1342 catalogo
715 1301 792 1329 suo
824 1289 926 1341 post
958 1286 1199 1329 difficilium
1230 1301 1375 1329 rerum
1388 1284 1495 1328 XVI

67 1347 139 1389 uel
184 1346 407 1389 nominum
449 1346 744 1388 narrationem
787 1346 919 1387 infert
959 1345 1155 1388 fabulam
1193 1361 1292 1389 cum
1329 1360 1423 1388 uer-

16 1430 52 1456 ,0
71 1406 190 1448 sibus
246 1404 585 1458 amoenioribus,
640 1406 690 1446 ut
744 1404 920 1447 lectoris
977 1405 1146 1447 animus
1196 1407 1423 1447 recreetur.

71 1465 286 1508 Homerus
322 1463 438 1506 inter
475 1463 766 1506 enumeranda
802 1463 1028 1519 regionum
1066 1466 1110 1506 et
1147 1464 1318 1506 urbium
1349 1462 1466 1506 κιο-2

71 1524 188 1566 mina
229 1523 335 1566 facit
377 1523 518 1565 locum
560 1522 740 1577 fabulis,
784 1537 892 1578 quae
935 1522 1160 1565 horrorem
1206 1523 1424 1566 satietatis

72 1582 301 1626 cxc-ludant

129 1663 203 1708 καὶ
234 1665 429 1707 Πτελεὸν
459 1662 532 1706 καὶ
545 1663 675 1715 ’Έλος
700 1662 772 1707 καὶ
798 1665 996 1721 Δώριον·
1030 1665 1144 1707 ἔνθα
1169 1680 1214 1706 τε
1239 1667 1425 1708 Μοῦσαι

16 1747 52 1775 25
130 1724 380 1779 ἀντόμεναι,
415 1723 618 1780 Θάμυριν
648 1725 726 1766 τὸν
760 1726 930 1780 Θρήικα
960 1730 1136 1766 παῦσαν
1168 1723 1334 1779 ἀοιδῆς,

168 1845 186 1875 1
213 1841 254 1876 11.
282 1842 307 1876 Β
340 1843 408 1876 517
506 1844 526 1875 2
553 1839 596 1876 Il.
624 1841 649 1875 Β
676 1844 745 1875 527
844 1843 865 1874 3
890 1841 933 1875 Il.
962 1841 988 1875 Β
1015 1844 1081 1875 671
1183 1844 1202 1875 7
1229 1840 1273 1875 Il.
1302 1842 1328 1876 Β
1355 1845 1424 1877 646

78 1893 121 1924 10
145 1888 258 1933 Verg.
284 1890 374 1923 Aen.
401 1886 470 1922 VII
497 1891 566 1923 794
637 1890 683 1922 24
709 1887 753 1925 Il.
781 1889 806 1923 Β
834 1891 903 1923 594

168 2001 186 2031 1
213 1994 482 2031 ΦωκεγειωΝ
508 1993 546 2028 Ρ
623 1996 658 2030 κι
685 1995 722 2030 Ρ
802 1994 1041 2041 εΡιετΡφοῑ
1048 1994 1112 2041 Ηηι
1122 1994 1248 2040 ιεΗχο
1275 1995 1342 2038 (ει)
1368 1995 1427 2030 uez

71 2078 125 2114 ΕΡ
150 2078 256 2122 eras.)
284 2079 309 2113 Ρ
381 2081 402 2113 2
429 2078 586 2123 ΟΙΑΕΟΕ
611 2078 689 2122 (sic,
714 2088 790 2113 non
814 2078 858 2122 Λ)
884 2076 921 2111 Ρ
991 2081 1011 2111 3
1040 2077 1224 2112 ΝΕΙΡΕΥΕ
1245 2077 1282 2111 Ρ
1350 2078 1428 2112 ΔΙΔ

70 2124 366 2172 ΥΕΥωΧΗΙΘΕΝ
395 2125 433 2159 Ρ
526 2129 546 2160 5
573 2124 708 2170 expssit
734 2125 772 2160 P
862 2135 959 2170 pene
984 2124 1022 2159 P
1109 2128 1128 2160 7
1156 2125 1272 2160 ΕΧΟΝ
1302 2125 1428 2159 ΡΥΠΛ

71 2208 128 2243 ΤΕ
156 2207 193 2242 Ρ
287 2212 308 2244 8
334 2209 417 2243 ΛΥ·
430 2208 724 2252 ΤΟΝΜΙΛΕΤΟΝ
750 2208 787 2243 Ρ
876 2210 897 2241 9
923 2207 1047 2243 ΦΕΛΥ
1074 2207 1231 2243 ΚΙΟΝΤΕ
1258 2207 1295 2242 Ρ
1385 2210 1428 2241 12

74 2255 198 2300 putuh
225 2254 278 2290 Ρι
406 2259 448 2291 13
474 2265 606 2300 gaurm
658 2255 695 2290 P
813 2259 856 2290 16
883 2255 1045 2299 circesiq.
1074 2255 1110 2290 P
1230 2253 1372 2290 anxins
1396 2254 1432 2289 P

74 2305 119 2338 22
145 2301 335 2338 rametam
349 2303 386 2339 P
454 2306 500 2338 24
526 2303 587 2338 ΔΕ
607 2266 645 2338 Ξ)
714 2306 758 2338 25
779 2302 935 2338 ΑΟΔΗ(
956 2302 993 2337 Ρ
