1526 2444
163 38 216 80 78
674 39 775 74 SAT.
800 39 929 74 LIBRI
953 39 969 73 I
1510 0 1526 75 1.

161 144 234 186 sed
266 144 495 187 Verrium
526 143 758 186 Flaccum
794 145 897 186 iuris
932 146 1139 199 pontificii
1175 147 1479 200 peritissimum
1524 176 1526 179 .

160 202 298 244 dicere
342 203 516 245 solitum
553 202 683 244 refert
718 202 898 257 VARRO,
936 204 1052 257 quia
1091 204 1239 246 feriis
1282 207 1480 260 tergere

161 264 363 302 ueteres
408 260 576 302 fossas
621 261 820 313 liceret,
862 275 1022 303 nouas
1065 262 1232 303 facere
1273 262 1349 304 ius
1386 277 1480 304 non

160 321 316 371 esset,
346 318 458 359 ideo
491 319 651 373 magis
682 319 851 361 uiduis
883 334 1027 373 quam
1053 320 1345 374 uirginibus
1370 320 1480 362 ido-

89 377 278 418 22neas
310 390 419 418 esse
456 375 615 417 ferias
647 377 706 418 ad
736 377 1029 418 nubendum.
1089 378 1271 419 subiciet
1302 378 1474 431 aliquis:
1511 390 1526 421 1

159 449 233 475 cur
270 447 371 488 ergo
403 433 557 486 Nonis,
594 435 631 475 si
669 434 844 475 feriatus
876 434 964 475 dies
994 449 1079 476 non
1112 437 1195 489 est,
1231 435 1479 489 prohibetur
1520 432 1522 434 ’

160 492 384 534 celebritas
426 492 700 545 nuptiarum?
765 492 890 533 huius
934 506 1102 546 quoque
1143 494 1204 534 rei
1246 494 1291 533 in
1333 495 1478 547 aperto
1524 528 1526 533 .

159 564 287 591 causa
329 553 407 592 est.
474 564 573 591 nam
616 551 714 604 quia
756 550 917 603 primus
956 550 1200 604 nuptiarum
1238 551 1326 592 dies
1362 564 1479 592 uere·

159 607 335 649 cundiae
370 608 512 661 datur,
548 608 752 662 postridie
784 610 927 649 autem
956 610 1137 662 nuptam
1165 608 1210 649 in
1241 608 1366 650 domo
1398 607 1479 649 uiri
1519 611 1526 654 ’ξ

160 665 431 707 dominium
419 667 604 719 1ncipere
630 668 800 720 oportet
829 665 1007 719 adipisci
1032 668 1074 706 et
1097 680 1187 707 rem
1210 666 1350 707 facere
1375 650 1526 710 diui-141³

158 738 272 778 nam,
299 738 445 766 omnes
472 726 616 765 autem
641 723 907 777 postriduani
933 723 1033 776 dies,
1059 738 1132 764 seu
1150 726 1249 778 post
1268 723 1479 765 Kalendas
1516 726 1526 783 j

160 783 248 823 siue
279 785 379 836 post
408 782 554 824 Nonas
585 781 758 834 Idusue,
795 796 846 822 ex
877 795 1011 835 aequo
1043 782 1127 822 atri
1159 785 1276 836 sunt,
1313 781 1406 823 ideo
1439 786 1482 822 et
1516 772 1526 823 l

157 838 308 881 Nonas
344 840 555 881 inhabiles
591 839 752 892 nuptiis
790 853 880 880 esse
911 839 1122 893 dixerunt,
1157 853 1211 880 ne
1240 842 1374 893 nupta
1405 842 1480 880 aut
1496 825 1526 1012 ¹}

158 901 332 951 postero
365 897 432 938 die
464 898 709 938 libertatem
739 897 1030 950 auspicaretur
1060 897 1253 938 uxoriam
1284 900 1358 938 aut
1387 899 1479 938 atro

157 956 411 1009 immolaret,
442 970 525 1021 quo
557 955 677 996 nefas
708 957 774 996 est
804 968 925 997 sacra
955 954 1170 996 celebrari.

88 1011 193 1055 XVI
277 1013 357 1055 Sed
389 1014 489 1068 quia
519 1027 597 1054 nos
629 1013 681 1054 ad
713 1012 1157 1054 commemorationem
1190 1012 1352 1054 dierum
1378 1012 1479 1054 ordo
1514 1019 1526 1058 ¹¹

158 1072 339 1122 deduxit,
371 1072 421 1112 de
452 1071 531 1112 hoc
558 1085 742 1125 quoque,
772 1071 885 1124 quod
914 1070 1022 1111 Hori
1052 1070 1190 1112 nostri
1220 1071 1479 1112 consultatio
1514 1048 1526 1112 l

117 1130 366 1182 260111ῑί1161,
409 1135 550 1183 pauca·
581 1128 758 1170 dicenda
795 1130 904 1170 sunt.
969 1128 1112 1170 Numa
1148 1130 1197 1169 ut
1233 1128 1279 1168 in
1315 1142 1480 1169 menses

158 1203 334 1241 annum,
364 1188 426 1228 ita
455 1188 498 1227 in
530 1187 617 1228 dies
650 1201 839 1228 mensem
870 1200 1076 1240 quemque
1107 1185 1343 1239 distribuit,
1374 1186 1480 1228 dies·
1510 1187 1512 1191 ’

157 1260 237 1300 quc
263 1259 410 1287 omnes
432 1247 505 1286 aut
531 1244 694 1286 festos
721 1247 795 1286 aut
819 1244 1080 1298 profestos
1108 1247 1181 1284 aut
1204 1244 1476 1285 intercisos

156 1304 340 1346 uocauit.
396 1302 518 1344 festi
549 1302 613 1343 dis
645 1302 773 1344 dicati
806 1304 916 1356 sunt,
946 1301 1125 1356 profesti
1148 1300 1391 1343 hominibus
1423 1301 1477 1343 ob
1506 1342 1510 1350 „

157 1360 538 1403 administrandam
575 1375 665 1401 rem
702 1360 916 1413 priuatam
953 1359 1248 1413 publicamque
1280 1358 1478 1413 concessi,

117 1420 143 1461 3
157 1419 396 1461 intercisi
415 1418 589 1460 deorum
609 1418 911 1471 hominumque
931 1431 1174 1458 communes
1189 1419 1298 1458 sunt.
1327 1417 1478 1458 festis

157 1479 303 1519 insunt
347 1477 552 1518 sacrificia
592 1476 742 1530 epulae
777 1476 867 1517 ludi
903 1475 1052 1526 feriae,
1094 1474 1341 1529 profestis
1378 1474 1478 1516 fasti

157 1535 392 1577 comitiales
424 1534 741 1588 comperendini
766 1533 869 1575 stati
892 1533 1136 1587 proeliares,
1165 1533 1402 1574 intercisi
1431 1532 1474 1573 in

157 1608 213 1648 se,
237 1608 324 1635 non
342 1593 389 1633 in
409 1593 493 1633 alia
512 1592 775 1633 diuiduntur:
801 1591 974 1633 illorum
995 1591 1106 1632 enim
1126 1591 1287 1631 dierum
1307 1590 1478 1644 quibus-

157 1652 255 1693 dam
287 1651 404 1692 horis
436 1650 502 1691 fas
535 1653 612 1703 est,
643 1649 894 1703 quibusdam
925 1648 990 1689 fas
1021 1663 1108 1690 non
1138 1650 1204 1689 est
1233 1648 1299 1689 ius
1331 1648 1479 1689 dicere.

154 1724 254 1751 nam
296 1723 391 1750 cum
422 1707 565 1749 hostia
595 1707 803 1759 caeditur,
838 1706 921 1747 fari
951 1706 1071 1747 nefas
1103 1708 1185 1756 est,
1215 1706 1326 1747 inter
1356 1719 1480 1748 caesa

156 1770 200 1808 et
229 1768 424 1820 porrecta
454 1765 536 1806 fari
566 1765 682 1818 licet,
714 1779 871 1818 rursus,
902 1778 996 1805 cum
1028 1764 1220 1805 adoletur
1249 1778 1337 1805 non
1366 1763 1476 1805 licet.
1497 1783 1504 1793 =

155 1838 257 1879 ergo
289 1824 339 1865 de
369 1823 576 1865 diuisione
606 1823 852 1864 festorum
879 1825 922 1863 et
951 1821 1292 1876 profestorum
1318 1821 1477 1862 dierum

154 1883 283 1923 latius
316 1881 605 1923 disserendum
636 1884 712 1922 est

249 1989 266 2018 1
289 1983 488 2018 Veranium
511 1983 550 2017 O.
570 1983 791 2026 Hirschfeld,
816 1983 960 2018 Wiener
979 1981 1131 2018 Studien
1149 1982 1232 2015 III
1249 1984 1319 2016 110
1386 1991 1479 2026 pen·

153 2042 314 2078 tissimi-1*
335 2042 340 2086 1
363 2042 399 2076 Ρ
477 2044 498 2075 8
525 2040 604 2076 dies
623 2051 689 2076 om.
714 2041 751 2075 Β
834 2044 875 2074 11
902 2029 1082 2085 postr1a¹1¹11
1103 2038 1396 2084 B,postr1d1an1
1420 2038 1490 2083 (P,

155 2105 197 2135 13
216 2099 374 2135 inabilel'
389 2100 424 2133 B
492 2103 533 2134 17
559 2110 615 2134 ori
633 2099 670 2132 B
734 2102 805 2133 nro
830 2098 879 2132 P'
947 2098 1169 2134 consultatio
1182 2107 1205 2132 *
1223 2097 1261 2131 P
1330 2099 1372 2131 18
1391 2107 1476 2131 num

153 2148 190 2182 B
271 2158 309 2180 m
335 2157 399 2181 om.
427 2143 473 2180 P'
558 2149 602 2179 22
628 2142 934 2189 p*ubhcaq.1P'
990 2148 1058 2197 *24
1082 2144 1238 2179 ludifere
1262 2147 1304 2179 ut
1328 2143 1404 2178 uid.
1429 2137 1477 2177 B'

153 2196 198 2228 25
223 2192 468 2227 commitiales
486 2192 523 2226 B
592 2191 791 2247 proehales
808 2192 845 2225 P
919 2195 963 2225 26
989 2202 1063 2225 11011
1087 2191 1124 2224 Β
1224 2193 1267 2224 29
1292 2188 1414 2223 rursus

152 2240 242 2274 hcet
265 2250 328 2275 om.
359 2240 393 2273 P
464 2242 508 2273 30
533 2238 577 2274 de
603 2248 668 2273 om.
693 2235 739 2271 B'
812 2237 1059 2282 profectorum
1085 2234 1132 2272 B'
