1526 2444
632 61 683 97 VI
708 65 824 98 8-16
1342 61 1398 104 25

53 171 302 226 inspectis
328 171 408 213 his
432 170 702 212 nuntiasse
729 170 780 211 in
806 168 1070 225 Capitolio
1103 170 1397 225 supplican-

52 230 164 272 dum
194 229 676 284 lectisterniumque
714 243 772 270 ex
803 230 996 271 collata
1034 229 1167 284 stipe
1206 229 1397 271 facien-

51 289 183 344 dum,
231 289 308 331 ita
363 291 418 330 ut
471 287 752 330 libertinae
803 302 1019 343 quoque,
1069 302 1193 344 quae
1243 288 1399 343 longa

50 351 196 390 ueste
227 349 516 403 uterentur,
546 347 596 388 in
628 361 732 388 eam
769 361 871 388 rem
909 347 1174 401 pecuniam
1206 347 1470 392 submi-14

15 406 349 448 anistrarent.
417 408 531 448 acta
573 406 738 461 igitur
775 406 1069 449 obsecratio
1108 409 1188 448 est
1223 406 1397 460 pueris

51 465 292 521 ingenuis
330 466 556 520 itemque
592 464 978 514 libertinissed
1016 468 1066 507 et
1100 465 1397 520 uirginibus

50 524 290 579 patrimis
310 524 666 579 matrimisque
685 524 1152 579 pronuntiantibus
1179 538 1397 567 carmen:

52 597 107 625 ex
134 597 229 638 quo
255 598 549 626 concessum
575 584 629 624 ut
653 583 1018 625 libertinorum
1045 597 1244 638 quoque
1276 583 1401 638 filii,

52 642 137 697 qui
175 656 233 683 ex
269 643 409 684 iusta
447 642 713 684 dumtaxat
749 641 1145 684 matrefamilias
1182 642 1293 684 nati
1324 642 1399 684 fu-

16 700 235 755 ⁰issent,
283 704 455 756 togam
498 703 821 756 praetextam
858 702 907 742 et
956 701 1122 743 lorum
1165 700 1215 741 in
1260 701 1396 743 collo

49 774 140 814 pro
171 760 346 802 bullae
377 760 558 802 decore
589 761 865 815 gestarent.

169 818 377 861 VERRIVS
414 829 619 861 FLACCVS
658 818 718 860 ait
749 832 856 860 cum
887 818 1107 873 populus
1139 817 1468 863 Romanusl5

49 878 360 932 pestilentia
401 877 684 932 laboraret,
727 878 964 932 essetque
1006 891 1309 932 responsum
1349 878 1399 920 id

0 944 2 992 y
51 936 298 991 accidere,
331 936 462 991 quod
489 936 538 978 di
564 936 971 991 despicerentur,
997 937 1197 978 anxiam
1223 937 1399 979 urbem

0 1000 32 1031 ³²⁵
51 994 230 1049 fuisse,
262 997 382 1050 quia
412 1010 512 1037 non
542 995 942 1051 intellegeretur
974 996 1256 1050 oraculum,
1289 1011 1398 1038 eue-

50 1053 289 1109 nisseque
332 1057 386 1096 ut
423 1053 740 1097 Circensium
781 1054 858 1096 die
895 1069 1019 1108 puer
1061 1054 1117 1096 de
1156 1055 1399 1097 cenaculo

51 1127 283 1168 pompam
324 1127 540 1168 superne
585 1113 876 1169 despiceret
913 1115 964 1155 et
999 1114 1140 1167 patri
1177 1113 1401 1156 referret

53 1185 147 1226 quo
192 1172 368 1215 ordine
413 1175 611 1215 secreta
654 1187 913 1215 sacrorum
957 1172 1008 1214 in
1052 1186 1169 1214 arca
1209 1172 1399 1227 pilenti

54 1232 339 1286 composita
368 1231 603 1274 uidisset:
636 1231 720 1286 qui
752 1245 859 1274 cum
890 1245 993 1273 rem
1026 1234 1223 1287 gestam
1256 1246 1401 1275 sena-

0 1290 130 1331 2⁰tui
171 1290 488 1344 nuntiasset,
532 1290 792 1345 placuisse
836 1291 1002 1332 uelari
1046 1291 1161 1332 loca
1204 1305 1261 1333 ea
1305 1306 1402 1346 qua

52 1362 237 1403 pompa
272 1349 563 1404 ueheretur,
602 1351 754 1404 atque
791 1349 866 1391 ita
904 1352 1048 1404 peste
1081 1350 1255 1392 sedata
1286 1365 1403 1405 pue-

53 1421 188 1462 rum,
255 1409 338 1463 qui
406 1408 799 1463 ambiguitatem
862 1408 1020 1450 sortis
1083 1409 1401 1464 absoluerat,

54 1469 206 1521 togae
236 1468 532 1521 praetextae
563 1482 708 1508 usum
738 1481 916 1509 munus
947 1467 1326 1522 impetrauisse.

172 1523 415 1567 Vetustatis
453 1525 707 1580 peritissimi
743 1525 937 1568 referunt
978 1526 1029 1567 in
1067 1529 1216 1581 raptu
1255 1525 1471 1571 Sabi-16

0 1588 36 1615 ²5
54 1597 232 1625 narum
264 1598 413 1626 unam
439 1584 702 1626 mulierem
728 1585 931 1626 nomine
956 1584 1258 1641 Hersiliam,
1290 1586 1401 1628 dum

55 1641 300 1685 adhaeret
319 1643 484 1697 filiae,
505 1643 656 1685 simul
674 1646 894 1698 raptam:
922 1658 1069 1699 quam
1091 1659 1199 1686 cum
1220 1644 1403 1688 Romu-

53 1701 132 1743 lus
163 1700 326 1744 Hosto
363 1702 562 1744 cuidam
600 1716 656 1744 ex
695 1716 817 1758 agro
847 1702 1051 1757 Latino,
1089 1703 1175 1758 qui
1206 1704 1258 1746 in
1290 1718 1403 1758 asy-

53 1760 153 1801 lum
180 1760 288 1802 eius
315 1760 634 1816 confugerat,
658 1761 855 1803 uirtute
883 1762 1162 1817 conspicuo
1195 1777 1403 1806 uxorem

56 1817 303 1874 dedisset,
339 1822 517 1862 natum
549 1835 606 1862 ex
639 1834 695 1862 ea
725 1834 956 1876 puerum,
994 1823 1267 1876 antequam
1300 1822 1403 1865 alia

1 1878 160 1920 ⁸0ulla
186 1877 490 1920 Sabinarum
521 1881 726 1934 partum
758 1879 948 1922 ederet:
980 1894 1107 1935 eum,
1138 1881 1270 1936 quod
1299 1882 1400 1936 pri-

55 1951 162 1978 mus
189 1940 326 1979 esset
350 1938 402 1979 in
420 1937 623 1980 hostico
643 1941 965 1994 procreatus,
990 1938 1207 1981 Hostum
1226 1939 1405 1982 Hosti-

56 1995 179 2037 lium
219 2011 244 2038 a
273 1999 436 2038 matre
474 1997 758 2039 uocitatum
796 2000 846 2040 et
884 1997 1099 2039 eundum
1132 2013 1157 2039 a
1188 1998 1403 2042 Romulo

128 2164 134 2170 ι
154 2119 173 2150 1
200 2116 387 2152 nunc1afse
406 2121 439 2153 et
463 2119 516 2153 sic
539 2129 675 2163 semper
699 2118 737 2152 P
807 2123 826 2154 7
852 2119 1106 2192 mlat'rimisque
1125 2131 1191 2155 om.
1211 2121 1248 2155 B
1320 2131 1404 2166 pro-

108 2171 178 2190 elan
901 2174 919 2193 8
941 2174 997 2193 01¹8

53 2198 220 2251 nurgtbuf
241 2199 278 2234 B
349 2203 370 2235 9
395 2201 499 2236 iuxta
516 2199 565 2234 P'
639 2203 682 2236 13
707 2200 973 2246 peft1lent1arcss·
990 2202 1038 2246 B,
1064 2202 1277 2247 pestilent1a
1301 2202 1404 2237 labo-

55 2252 167 2288 rass'et
190 2252 227 2287 P
298 2254 341 2287 14
366 2253 541 2288 accedere
567 2254 605 2288 B
682 2264 706 2289 *
725 2253 777 2299 dxj
805 2254 843 2288 P
915 2254 1182 2299 dispicerentur
1207 2255 1329 2290 axiam
1357 2253 1403 2290 B'

58 2302 101 2335 16
131 2299 306 2347 cenaculo
331 2299 368 2334 B
455 2303 498 2334 18
532 2311 618 2336 arca
642 2301 699 2346 <in
722 2311 794 2336 ras.
820 2302 896 2345 fuit
912 2303 950 2346 μ)
976 2302 1014 2336 P
1095 2306 1139 2337 27
1167 2302 1298 2337 asilum
1321 2302 1359 2337 P
