1474 2482
131 120 183 156 VI
659 120 928 158 PRAEFATIO

131 227 266 269 tarios
299 229 397 269 ante
429 227 574 269 oculos
605 226 805 269 habuisse
836 227 942 270 scito
974 228 1164 283 quisquis
1195 228 1275 271 hac
1305 231 1454 272 nostra

134 310 260 351 opera
292 311 445 338 usurus
476 299 552 338 est.

256 365 432 408 Codices
463 379 569 420 quos
601 367 844 408 enumeraui
875 369 923 408 ut
946 367 1121 409 Parisiis
1147 369 1190 409 et
1216 367 1454 423 Bamberga

131 436 409 477 transmissos
446 435 560 476 domi
596 437 788 477 excutere
824 436 1053 491 potuerim,
1098 451 1262 478 summa
1298 451 1454 491 eorum,

135 518 313 558 quorum
345 504 450 546 haec
481 504 592 559 apud
622 518 701 546 nos
735 519 834 546 cura
865 507 946 559 est,
976 505 1227 547 liberalitate
1259 506 1451 548 effectum

135 586 227 615 esse
252 575 377 628 grato
404 574 546 615 animo
571 587 648 615 nec
672 573 835 627 primus
859 587 938 616 nec
960 575 1143 628 primum
1167 577 1311 625 testor,
1336 575 1453 617 locos

131 642 332 684 euanidos
373 642 528 684 codicis
566 642 747 684 Parisini
782 643 922 697 legere
953 643 1173 697 Philippus
1210 643 1312 685 Iaffe
1349 644 1451 685 ami-

136 711 301 753 cissime
333 726 400 753 me
432 712 586 767 docuit,
616 711 854 754 Ludouicus
875 711 1033 767 lanius,
1064 713 1180 754 cuius
1200 713 1364 767 ingenti
1384 715 1451 754 tot

132 795 339 822 annorum
371 781 615 836 diligentiae
646 782 717 823 uix
749 782 831 823 dici
861 784 1004 836 potest
1035 785 1237 836 quantum
1268 782 1451 824 debeant

132 850 202 904 qui
239 849 285 891 in
323 849 539 892 Macrobio
578 852 651 892 aut
687 851 946 893 emendando
984 853 1057 892 aut
1093 851 1324 893 enarra-ndo
1362 865 1451 892 uer—

131 921 291 973 santur,
309 921 357 960 ut
375 918 555 961 indicem
576 922 793 962 auctorum
814 934 863 962 ex
883 935 959 962 suo
982 934 1244 974 excerperem
1259 920 1450 962 officiosa

131 1002 226 1030 cum
257 988 521 1031 humanitate
551 990 754 1043 permisit.

249 1149 299 1191 In
337 1150 472 1192 altera
509 1150 692 1192 editione
731 1151 972 1193 adornanda
1015 1153 1058 1192 et
1100 1151 1158 1192 eis
1201 1165 1301 1192 usus
1345 1165 1452 1205 sum,

131 1233 237 1273 quae
267 1219 462 1261 homines
496 1219 647 1261 eruditi
673 1220 793 1262 docte
819 1220 1166 1275 excogitauerunt
1190 1222 1232 1261 et
1263 1219 1448 1262 codicem

130 1287 416 1330 Borbonicum
449 1288 753 1343 adhibuissem,
791 1289 875 1330 nisi
912 1288 1186 1342 Neapolitani
1224 1290 1301 1330 sub
1338 1289 1450 1331 vitro

129 1358 313 1411 spectari
345 1371 470 1411 quam
502 1357 606 1399 foris
637 1359 787 1412 inspici
819 1359 1002 1400 mallent.

244 1426 289 1467 P.
329 1427 430 1479 307,
471 1428 539 1468 21.
571 1427 626 1468 22
665 1427 818 1469 excidit
858 1427 976 1482 prior
1019 1429 1215 1469 accentus
1255 1427 1449 1469 vocabuli

126 1496 290 1549 ἠίθεος,
315 1511 355 1550 p.
382 1496 478 1550 321,
504 1497 558 1537 27
592 1511 668 1550 pro
698 1494 777 1550 μὲν
808 1510 1026 1550 perperam
1051 1496 1236 1551 positum
1263 1499 1327 1538 est
1351 1497 1449 1551 μὴν,

127 1580 165 1619 p.
182 1566 280 1620 347,
296 1567 359 1606 11.
376 1566 429 1607 16
443 1566 597 1607 excidit
615 1566 917 1608 uersiculorum
926 1565 1267 1620 Vergilianorum
1281 1566 1447 1607 notatio

128 1632 251 1689 (Aen.
282 1633 344 1675 XI
375 1635 472 1676 532.
504 1634 626 1690 836),
664 1650 704 1689 p.
733 1635 837 1691 414,
877 1637 896 1676 1
938 1635 1064 1676 alias
1101 1648 1321 1689 perperam
1358 1649 1448 1676 mu-

125 1706 266 1745 tatum
298 1705 363 1745 est
393 1704 437 1744 in
468 1704 612 1746 alius.
