1526 2444
486 61 538 96 111
564 64 702 96 10—12
734 59 803 95 1111
830 63 921 95 1—4
1293 57 1377 99 171

30 184 118 214 non
144 170 284 226 liceat,
314 170 443 212 liceat
468 171 624 224 autem,
661 168 699 210 si
725 168 945 211 curatione
972 167 1136 210 scabies
1163 166 1380 209 abluenda

31 230 98 272 sit.
160 229 255 272 ideo
287 229 368 271 hoc
401 243 568 284 quoque
599 229 714 270 inter
745 241 948 270 concessa
979 226 1224 269 numerauit
1395 225 1449 268 12

241 311 549 367 balantumque
581 323 756 366 gregem
786 309 919 352 fluuio
951 323 1158 364 mersare,

33 393 146 450 quod
167 394 203 436 si
226 393 310 435 huc
335 407 469 449 usque
495 393 684 447 dixisset,
710 392 830 435 licita
856 395 898 435 et
923 392 1061 434 uetita
1086 390 1377 446 confunderet,

0 453 104 495 ssed
150 452 370 495 adiciendo
415 452 613 495 salubri
656 466 830 494 oausam
872 465 1099 494 concessae
1141 449 1378 493 ablutionis

33 511 254 567 expressit.

147 569 335 613 Nomina
381 571 511 612 etiam
556 584 773 612 sacrorum
817 570 1010 612 locorum
1042 569 1121 611 sub
1155 581 1345 623 congrua
1358 565 1448 609 IIII

27 629 291 684 proprietate
328 629 519 684 proferre
555 628 816 684 pontificalis
857 628 1101 671 obseruatio
1135 630 1213 670 est.
1275 640 1378 682 ergo

29 688 298 730 delubrum
325 688 427 743 quid
459 688 684 743 pontifices
717 687 890 742 proprie
922 689 1087 742 uocent,
1120 689 1164 729 et
1195 686 1380 740 qualiter

0 747 110 790 >hoc
148 747 322 790 nomine
354 746 574 801 Vergilius
613 761 715 788 usus
749 747 825 800 sit,
864 746 1146 800 requiramus.
1207 744 1419 787 VARR02

28 818 169 849 Lumo
220 817 404 849 ocTAvo
454 805 623 848 RERVM
672 816 937 847 DIVINARVM
991 805 1259 847 delubrum
1317 804 1379 846 ait

31 865 164 908 alios
190 865 484 918 aestimare,
516 866 567 906 in
593 878 688 919 quo
714 866 921 918 praeter
953 864 1125 906 aedem
1158 864 1228 905 sit
1261 877 1379 905 area

31 924 298 979 adsumpta
335 923 478 966 deum
516 938 686 978 causa,
724 925 780 965 ut
820 925 900 966 est
931 923 983 965 in
1015 921 1161 965 Circo
1192 922 1380 964 Flami-

22 983 114 1026 nio
139 982 283 1025 Iouis
310 981 557 1037 Statoris,
589 982 722 1025 alios
754 983 806 1024 in
838 996 933 1038 quo
966 982 1079 1025 loco
1113 982 1193 1023 dei
1226 982 1378 1024 simu-

0 1042 224 1085 §lacrum
257 1041 545 1084 dedicatum
577 1042 646 1083 sit
677 1043 720 1083 et
757 1041 914 1083 adiecit
945 1041 1080 1084 siout
1112 1041 1297 1095 locum,
1328 1040 1380 1082 in

31 1115 127 1156 quo
175 1101 405 1157 figerent
456 1100 734 1152 candelam,
790 1101 1155 1142 candelabrum
1206 1100 1380 1155 appel-

30 1161 212 1211 latum,
251 1160 327 1201 ita
366 1159 419 1202 in
456 1174 552 1215 quo
584 1159 727 1201 deum
759 1162 1029 1215 ponerent,
1060 1159 1379 1202 nominatum

32 1219 309 1261 delubrum.
381 1219 451 1260 his
496 1234 521 1261 a
562 1218 759 1261 Varrone
803 1219 1079 1274 praescriptis
1123 1218 1379 1274 intellegere
1394 1215 1421 1257 3

30 1292 258 1333 possumus
301 1277 345 1319 id
387 1278 664 1332 potissimum
703 1278 756 1320 ab
796 1292 846 1320 eo
882 1279 1134 1333 probatum,
1176 1278 1290 1332 quod
1329 1292 1381 1319 ex

0 1353 14 1379 n
35 1352 113 1379 sua
144 1337 451 1379 consuetudine
482 1337 528 1378 in
558 1337 710 1379 ultimo
742 1337 905 1391 posuit,
946 1340 994 1379 ut
1026 1352 1051 1378 a
1083 1336 1151 1378 dei
1183 1336 1379 1379 dedicato

35 1395 265 1438 simulacro
321 1395 545 1438 delubrum
600 1396 788 1450 coeperit
842 1395 1093 1451 nuncupari.
1160 1394 1379 1451 Vergilius
1394 1395 1424 1436 4

33 1458 179 1497 tamen
204 1457 430 1510 utramque
455 1455 669 1496 rationem
696 1454 923 1510 diligenter
949 1458 1014 1497 est
1040 1456 1277 1496 exsecutus.
1331 1457 1382 1496 ut

34 1514 149 1556 enim
194 1529 218 1555 a
260 1517 481 1568 postrema
530 1513 806 1569 incipiamus,
856 1514 1106 1556 obseruauit
1156 1513 1380 1556 delubrum

32 1573 332 1615 nominaturus
358 1575 435 1614 aut
459 1572 633 1627 proprie
660 1572 836 1614 deorum
863 1573 1053 1628 nomina,
1079 1574 1155 1614 aut
1181 1587 1242 1628 ea,
1270 1587 1379 1627 quae

0 1646 14 1673 5
33 1631 99 1673 dis
130 1632 510 1674 accomodarentur
540 1632 726 1674 inserere

92 1717 137 1756 at
168 1714 328 1769 gemini
358 1714 482 1769 lapsu
513 1714 691 1756 delubra
722 1714 775 1756 ad
808 1729 975 1757 summa
1007 1714 1214 1756 dracones

91 1773 320 1829 effugiunt,
794 1789 797 1792 ·

32 1859 74 1897 et
103 1858 152 1897 ut
182 1870 282 1898 mox
314 1856 588 1898 simulacrum
619 1856 882 1912 nominaret,
914 1856 1135 1899 subtexuit

125 1994 145 2025 3
173 1989 305 2035 Georg.
332 1990 349 2024 I
375 1994 443 2026 272
517 1993 561 2025 26
586 1990 679 2025 Aen.
706 1989 739 2024 II
764 1993 833 2025 225

126 2118 144 2148 1
173 2113 386 2149 adhibenda
415 2114 452 2149 P
557 2119 578 2150 3
609 2114 744 2159 greges
769 2115 806 2149 P
906 2114 1064 2150 mersare
1077 2125 1100 2150 *
1113 2124 1135 2150 *
1148 2126 1171 2152 *
1184 2125 1207 2152 *
1220 2126 1243 2151 *
1255 2126 1278 2151 *
1291 2126 1314 2151 *
1347 2116 1384 2150 P

30 2165 54 2196 4
79 2161 298 2197 confuderat
323 2161 359 2196 P
440 2165 483 2197 10
509 2161 684 2207 uirgihus
703 2162 740 2196 B
827 2166 869 2198 13
889 2161 1075 2208 assumpta
1099 2162 1136 2197 P
1219 2166 1263 2197 14
1287 2162 1386 2199 louls

31 2208 167 2244 statere
191 2207 238 2244 B'
362 2212 404 2244 15
431 2208 496 2256 sit]
523 2209 578 2244 est
600 2209 638 2244 P
755 2213 798 2244 21
827 2211 968 2255 ceperit
992 2210 1030 2245 P
1148 2209 1324 2253 ulrglhus
1342 2210 1379 2245 B

31 2258 77 2290 22
101 2255 323 2300 exsequutus
341 2256 386 2301 P,
412 2255 560 2292 secutus
579 2254 626 2291 B'
708 2260 752 2292 23
779 2267 872 2294 εισι*
892 2257 928 2292 Β
1019 2256 1173 2293 delubro
1199 2257 1249 2292 P'
1333 2259 1378 2292 25

33 2303 410 2350 accommodalreutur
434 2303 471 2339 P
