1526 2444
141 81 226 123 636
438 81 584 116 ΟΟΜΜ.
610 81 661 116 ΙΝ
686 80 827 116 SOMN.
853 80 966 116 SCIP.
990 80 1116 116 LIBRI
1134 82 1167 116 ΙΙ

140 188 324 241 mouet,
361 187 532 240 aliquo
563 188 725 228 motus
757 200 938 242 genere
969 200 1019 228 se
1049 189 1231 238 mouet,
1267 187 1458 228 nullum
1493 191 1496 227 ζ

142 246 307 286 autem
343 246 507 285 motus
542 257 714 298 genus,
751 258 845 298 quo
876 258 927 286 se
957 247 1156 286 moueat
1186 245 1460 295 inuenitur,
1509 253 1511 258 ’

139 317 237 344 non
269 316 318 343 se
348 301 509 355 igitur
539 304 713 343 mouet.
928 326 1114 361 &amar-s„-

73 382 154 425 XV
255 380 415 423 Contra
445 381 523 423 has
554 385 644 422 tam
675 381 852 423 subtiles
884 384 926 423 et
957 371 1130 436 argutas
1159 385 1201 424 et
1231 383 1321 424 ueri
1345 382 1459 423 simi-

141 441 203 481 les
236 439 623 494 argumentationes
655 439 956 493 accingendum
987 441 1052 480 est
1077 439 1303 481 secundum
1328 442 1459 481 secta-

100 507 107 556 -[
142 501 257 538 tores
301 496 508 551 Platonis,
557 496 629 550 qui
670 497 901 551 inceptum,
949 511 1032 550 quo
1076 497 1326 539 Aristoteles
1373 499 1462 538 tam

27 575 62 614 με
144 569 290 596 ueram
320 556 494 608 tamque
525 554 711 596 ualidam
742 554 1028 595 definitionem
1054 555 1248 608 magistri
1274 555 1462 597 sauciare
1524 581 1526 602 ς

0 606 28 638 '⁶‘
103 614 450 666 2temptauerat,
493 612 757 670 subrrueqint.
823 626 958 666 neque
996 626 1096 653 uero
1133 614 1222 653 tam
1258 612 1463 654 inmemor

144 670 227 711 mei
263 673 337 711 aut
373 670 436 711 ita
472 670 583 711 male
617 669 831 711 animatus
863 684 973 722 sum,
1009 672 1058 711 ut
1088 684 1139 711 ex
1168 670 1337 724 ingenio
1368 683 1462 711 meo
1516 684 1519 690 ·

142 728 210 769 uel
254 727 476 769 Aristoteli
523 727 719 768 resistam
767 728 835 768 uel
884 727 1018 768 adsim
1061 726 1247 781 Platoni,
1296 727 1369 769 sed
1414 730 1462 768 ut

144 785 318 840 quisque
361 797 614 838 magnorum
655 785 860 838 uirorum,
903 786 974 838 qui
1017 799 1060 826 se
1096 784 1339 826 Platonicos
1382 784 1464 826 dici

144 843 456 897 gloriabantur,
493 845 566 883 aut
603 842 770 896 singula
805 844 878 883 aut
908 842 1008 884 bina
1038 841 1210 883 defensa
1241 842 1294 883 ad
1325 845 1463 883 osten·
1506 846 1512 898 '—

142 900 350 941 tationem
395 914 565 940 suorum
609 913 784 953 operum
826 900 1104 953 reliquerunt,
1146 900 1324 942 collecta
1358 899 1464 941 haec

145 958 191 998 in
243 971 373 998 unum
429 957 652 998 continuae
701 956 956 998 defensionis
1005 971 1155 1010 corpus
1204 957 1464 1010 coaceruaui,

145 1015 326 1069 adiecto,
376 1014 514 1067 siquid
556 1016 654 1067 post
694 1014 792 1055 illos
835 1017 909 1055 aut
951 1015 1106 1055 sentire
1148 1014 1211 1055 fas
1256 1017 1347 1056 erat
1390 1017 1464 1055 aut

103 1072 296 1115 3audere
327 1073 372 1113 in
402 1072 668 1113 intellectum
698 1072 862 1114 licebat.
913 1075 955 1113 et
984 1073 1082 1125 quia
1107 1072 1188 1113 duo
1215 1073 1326 1126 sunt,
1356 1085 1464 1126 quae

145 1129 337 1171 adserere
369 1132 546 1171 conatus
572 1130 648 1183 est,
678 1143 820 1183 unum,
852 1143 933 1183 quo
961 1129 1061 1171 dicit
1085 1129 1194 1170 nihil
1219 1143 1322 1184 esse,
1352 1128 1465 1184 quod

146 1202 196 1230 ex
234 1202 277 1228 se
308 1190 546 1241 moueatur,
587 1187 782 1238 alterum,
820 1201 901 1241 quo
935 1187 1119 1229 animam
1149 1187 1230 1229 hoc
1260 1201 1350 1228 esse
1380 1200 1466 1228 non

143 1259 270 1300 posse
307 1245 546 1297 confirmat,
581 1245 748 1298 utrique
784 1245 1066 1286 resistendum
1098 1247 1179 1299 est,
1215 1246 1263 1286 ut
1293 1246 1336 1285 et
1366 1258 1465 1285 con-

36 1314 128 1358 «μὴ,
146 1305 242 1356 stet,
272 1316 397 1355 posse
430 1302 589 1356 aliquid
621 1316 670 1343 ex
702 1317 746 1344 se
780 1303 952 1357 moueri,
982 1305 1025 1344 et
1053 1303 1237 1344 animam
1261 1302 1342 1344 hoc
1373 1315 1464 1343 esse

91 1361 360 1427 gelarescat.
426 1359 471 1400 in
514 1359 659 1413 primis
704 1360 836 1414 igitur
877 1360 991 1402 illius
1036 1360 1256 1409 diuisionis
1297 1361 1465 1414 oportet

1 1416 81 1479 ,ῖς-Ν
145 1433 224 1460 nos
256 1431 402 1459 cauere
433 1417 699 1472 prae—stigias,
728 1418 773 1458 in
796 1432 879 1471 qua
904 1432 1151 1460 enumerans
1177 1418 1329 1472 aliqua,
1359 1430 1465 1471 quae
1511 1451 1513 1455 ,

19 1479 21 1482 ’
145 1491 196 1517 ex
239 1490 283 1517 se
326 1477 568 1529 mouentur,
612 1477 654 1516 et
691 1475 936 1530 ostendens,
978 1476 1053 1517 illa
1089 1490 1253 1530 quoque
1291 1475 1344 1516 ab
1383 1474 1465 1516 alio

146 1533 324 1587 moueri,
362 1532 404 1573 id
443 1536 507 1574 est
543 1547 568 1574 a
605 1547 730 1574 causa
765 1532 942 1575 interius
978 1533 1153 1588 latente,
1189 1533 1354 1574 uidetur
1385 1531 1466 1574 sibi

145 1592 349 1646 probasse
387 1591 545 1644 omnia,
581 1604 686 1644 quae
721 1593 960 1645 mouentur,
997 1591 1124 1632 etiam
1156 1591 1191 1632 si
1222 1605 1272 1632 ex
1304 1604 1348 1631 se
1378 1603 1465 1631 mo-

104 1649 238 1692 5ueri
269 1649 472 1702 dicantur,
504 1649 557 1689 ab
590 1648 672 1690 alio
702 1650 847 1689 tamen
878 1649 1050 1691 moueri.
1104 1648 1230 1690 huius
1262 1647 1374 1689 enim
1403 1647 1465 1688 rei
1511 1675 1514 1686 1

146 1721 243 1761 pars
289 1721 390 1748 uera
433 1709 517 1760 est,
560 1706 631 1747 sed
675 1708 740 1747 est
782 1706 891 1748 falsa
933 1706 1158 1748 conclusio.
1230 1719 1330 1746 nam
1373 1719 1464 1746 esse
1514 1714 1518 1719 '

147 1765 306 1819 aliqua,
349 1777 456 1818 quae
500 1777 594 1805 cum
637 1776 687 1804 ex
729 1777 773 1805 se
812 1764 974 1806 moueri
1007 1763 1246 1817 uideantur,
1289 1763 1341 1804 ab
1380 1762 1464 1804 alio
1515 1757 1526 1812 Ϊ,

145 1827 289 1864 tamen
320 1822 487 1863 constet
517 1821 690 1875 moueri,
722 1835 799 1863 nec
829 1835 907 1863 nos
939 1821 1176 1875 diffitemur,
1206 1834 1293 1862 non
1322 1824 1465 1861 tamen
1501 1813 1526 1877 ⁸}

147 1881 305 1933 omnia,
348 1893 454 1933 quae
491 1893 540 1920 ex
578 1893 622 1920 se
657 1881 899 1933 mouentur,
940 1880 1020 1921 hoc
1058 1879 1287 1932 sustinent,
1327 1880 1376 1919 ut
1411 1868 1526 1950 aban}

108 1938 231 1980 Galio
274 1951 324 1978 ea
366 1937 527 1978 moueri
568 1950 738 1978 necesse
782 1937 849 1978 sit.
915 1937 1039 1979 Plato
1085 1937 1196 1977 enim
1233 1950 1328 1977 cum
1364 1935 1466 1977 dicit
1514 1942 1523 1987 ζ

148 1995 331 2038 animam
369 2008 419 2034 ex
456 2008 499 2035 se
533 1995 695 2036 moueri
724 1994 766 2035 id
798 1997 863 2036 est
894 2009 986 2036 cum
1017 1994 1298 2048 αὐτοκίνητον
1328 1995 1465 2045 uocat,

0 1339 31 1370 [L

240 2136 262 2167 4
285 2132 325 2166 ta
355 2132 396 2166 in
424 2140 494 2166 ras.
526 2130 568 2165 in
594 2131 629 2164 P
745 2133 765 2164 8
790 2141 981 2165 1mmemor
1005 2130 1041 2165 Β
1161 2134 1203 2164 10
1227 2133 1259 2165 et
1283 2131 1327 2164 2⁷
1351 2128 1406 2164 [et
1428 2127 1464 2162 B
1515 2109 1526 2162 i

148 2182 190 2213 12
217 2178 351 2214 aubma
374 2177 411 2211 P
489 2179 531 2210 14
557 2176 781 2223 coarceua1u1
805 2176 841 2210 B
915 2180 957 2211 16
982 2188 1022 2211 1n
1045 2187 1110 2211 om.
1136 2177 1172 2210 Β
1245 2179 1286 2210 17
1311 2174 1463 2210 asserere
1518 2174 1526 2197 Τ·

145 2225 181 2259 Β
271 2225 449 2259 conantur
472 2233 562 2259 corr.
587 2224 628 2258 in
653 2222 832 2259 conantur
850 2223 891 2258 in
916 2223 952 2257 B
1034 2225 1079 2257 27
1098 2221 1161 2267 prs
1179 2219 1228 2257 P'
1311 2220 1402 2256 falsa.
1423 2220 1464 2255 in
1520 2234 1526 2257 ε

145 2281 217 2307 ras.
242 2271 283 2306 in
307 2270 344 2305 P
411 2273 455 2304 30
480 2271 667 2304 mouertur
691 2269 737 2303 P'
811 2272 853 2304 31
879 2268 1086 2313 nescessent.
1111 2267 1218 2303 Plato
1243 2265 1292 2303 P'
1438 2296 1440 2298 a
1485 2259 1526 2444 A
