1526 2444
628 57 680 94 VI
706 61 822 93 6-10
1311 52 1397 94 389

330 180 564 223 pacemque
595 180 674 222 per
705 179 802 208 aras

106 227 351 283 exquirunt,

47 289 91 328 et

7 401 10 403 ‚
330 344 541 400 paulatim
573 343 748 386 abolere
780 341 1024 398 Sychaeum

2 416 27 448 '5
106 404 267 460 incipit.

47 501 175 541 saepe
207 486 340 528 etiam
371 486 506 529 uerba
535 500 614 541 pro
646 485 792 527 uerbis
825 484 1004 540 pulchre
1036 482 1162 538 ponit
1413 481 1439 524 8

106 583 267 623 oraque
299 568 530 611 corticibus
563 570 740 611 sumunt
771 567 988 610 horrenda
1019 565 1205 620 canatis,

18 643 21 645 ’
47 666 137 694 ora
167 665 248 706 pro
280 651 536 706 personis,

47 736 92 776 et

0 807 29 835 ω
106 792 294 835 discolor
325 791 435 834 unde
467 791 561 833 auri
591 805 669 846 per
700 805 844 833 ramos
877 804 982 832 aura.
1012 788 1196 831 refulsit.

47 874 149 930 quid
186 877 252 916 est
289 873 404 916 enim
441 874 535 915 auri
573 888 696 927 aura,
733 875 809 915 aut
844 887 971 928 quem
1003 872 1058 914 ad
1088 871 1265 914 modum
1297 884 1403 912 aura

45 932 263 989 refulget?
325 932 399 974 sed
430 934 577 975 tamen
607 932 786 988 pulchre
819 931 1057 987 usurpauit.

49 1017 92 1058 et
333 1073 466 1116 simili
495 1073 737 1116 frondescit
766 1073 892 1129 uirga
923 1073 1127 1115 metallo:

15 1147 17 1151 Α
49 1171 178 1212 quam
208 1156 317 1198 bene
348 1170 451 1198 usus
484 1158 550 1198 est
581 1156 871 1199 frondescit
902 1154 1143 1198 metallo?

50 1241 93 1281 et
221 1281 228 1285 ,
1417 1236 1443 1278 9

334 1297 451 1353 nigri
482 1312 578 1340 cum
609 1297 722 1340 lacte
754 1297 922 1339 ueneni.

48 1370 72 1395 *
98 1370 119 1395 *
145 1370 168 1395 20<
193 1370 216 1395 *
242 1370 264 1395 *
290 1355 417 1412 nigro
450 1356 673 1411 imponere
704 1370 863 1398 nomen
893 1355 1050 1398 lactis?

28 1428 95 1547 'et
109 1484 224 1528 haud
255 1485 384 1531 aliter
413 1485 551 1528 iustae
585 1485 740 1541 quibus
773 1487 840 1528 est
868 1484 1106 1527 Mezentius
1138 1484 1240 1527 irae.

28 1567 168 1610 “odio
207 1582 319 1610 esse
357 1568 580 1623 aliquem
617 1568 845 1622 usitatum,
882 1568 990 1609 irae
1030 1582 1141 1610 esse
1179 1567 1404 1609 inuentum

49 1625 242 1669 Maronis
286 1629 364 1670 est.
432 1626 538 1669 item
583 1627 635 1669 de
680 1627 845 1670 duobus
890 1626 1046 1682 incipit
1088 1626 1229 1677 dicere
1273 1628 1316 1669 et
1359 1626 1477 1672 in10

51 1699 183 1727 unum
215 1685 374 1728 desinit

109 1767 275 1810 interea
304 1781 447 1824 reges,
478 1768 648 1825 ingenti
680 1769 795 1811 mole
827 1768 1007 1810 Latinus

112 1826 368 1884 quadriiugo
400 1827 575 1870 uehitur
605 1842 752 1880 curru,

51 1910 100 1951 ut
131 1911 197 1951 cst
228 1908 343 1964 apud
372 1908 612 1952 Homerum

33 2046 36 2050 ⁴
146 2035 165 2065 1
191 2030 282 2066 Aen.
307 2029 379 2065 1111
405 2034 450 2066 56
522 2035 545 2066 4
570 2031 621 2067 ib.
647 2031 664 2066 I
691 2035 759 2067 720
834 2035 853 2067 7
880 2031 1016 2078 Georg.
1042 2032 1078 2067 II
1103 2036 1172 2068 387
1247 2036 1292 2068 10
1311 2033 1402 2068 Aen.

36 2076 103 2159 ἕξ
120 2080 212 2160 Ξίέἶ
237 2077 426 2161 XIIlsseilb.
451 2077 503 2113 VI
529 2081 598 2113 144
709 2082 751 2114 17
778 2078 828 2115 ib.
854 2078 925 2114 IIII
949 2082 1019 2115 514
1131 2083 1174 2116 18
1199 2080 1249 2116 ib.
1275 2080 1310 2115 X
1336 2083 1404 2115 716

146 2239 168 2271 4
199 2235 326 2272 heheu
357 2236 394 2272 P
509 2241 531 2272 6
560 2236 715 2282 pulchre
740 2248 808 2274 om.
834 2235 883 2274 P'
1008 2243 1051 2275 11
1077 2251 1143 2276 ara
1167 2239 1330 2286 refulget
1356 2235 1406 2275 P'

53 2296 99 2329 12
122 2284 253 2340 puizre
277 2295 316 2331 P
389 2299 432 2331 18
458 2296 630 2333 lacunam
653 2297 839 2335 indicauit
863 2298 1002 2335 lanius
