1526 2444
539 43 644 80 XIIII
669 47 808 80 14—16
845 42 914 79 XV
940 47 1030 80 1—6
1364 40 1449 84 311

105 154 304 197 deuiauit.
360 154 547 209 primum
579 151 689 208 quod
724 151 937 195 Homerus
969 150 1288 207 praetermissis
1316 149 1491 192 Athe-2

103 214 171 256 nis
221 227 271 256 ac
313 211 630 255 Lacedaemone
680 212 750 253 uel
793 211 898 266 ipsis
942 210 1152 266 Mycenis,
1201 208 1314 252 unde
1358 212 1451 252 erat

104 275 245 315 rector
299 272 530 326 exercitus,
584 270 811 313 Boeotiam
861 271 907 312 in
957 270 1146 326 catalogi
1197 269 1262 311 sui
1312 268 1450 324 capite

12 379 15 387 s
108 331 283 386 locauit,
320 345 406 373 non
446 330 500 373 ob
532 330 618 373 loci
650 329 835 385 aliquam
865 329 1144 385 dignitatem,
1176 328 1248 370 sed
1279 327 1451 370 notissi-

70 408 87 434 5
107 405 223 433 mum
259 390 606 445 promuntorium
644 389 697 431 ad
735 388 956 431 exordium
995 388 1076 430 sibi
1115 387 1450 430 enumerationis

106 449 254 506 elegit,
303 449 414 491 unde
463 448 742 504 progrediens
794 447 920 490 modo
969 447 1280 490 mediterranea
1323 445 1491 489 mod03

105 509 323 550 maritima
360 508 508 550 iuncta
545 507 770 562 describit,
812 507 911 549 inde
948 521 1098 549 rursus
1136 506 1189 548 ad
1221 508 1452 561 utrumque

105 568 236 610 situm
286 566 607 609 cohaerentium
656 566 849 608 locorum
897 566 1123 621 disciplina
1169 565 1451 607 describentis

104 626 224 668 uelut
254 627 336 668 iter
362 625 533 682 agentis
560 624 734 678 accedit,
765 639 843 667 nec
868 625 960 667 ullo
988 625 1102 667 saltu
1128 624 1452 667 cohaerentiam

51 703 85 728 ιο
103 685 326 740 regionum
358 686 403 726 in
435 685 547 727 libro
581 699 657 726 suo
687 684 809 726 hiare
835 683 1064 738 permittit,
1096 683 1169 726 sed
1196 683 1280 725 hoc
1305 683 1452 725 uiandi

104 759 221 786 more
253 744 487 799 procedens
517 743 628 785 redit
652 743 762 785 unde
789 742 1008 798 digressus
1036 749 1113 797 est,
1146 744 1188 784 et
1213 742 1277 784 ita
1301 742 1452 784 finitur

103 803 302 859 quicquid
329 803 595 845 enumeratio
622 804 710 844 eius
737 802 1029 856 amplectitur:
1056 804 1208 844 contra
1227 800 1492 857 Vergilius4

102 863 266 904 nullum
299 862 345 903 in
377 861 761 904 commemorandis
793 861 1044 916 regionibus
1074 861 1267 903 ordinem
1293 863 1450 915 seruat,

103 921 176 963 sed
206 921 397 963 locorum
430 920 583 962 seriem
615 920 797 962 saltibus
829 920 1003 962 lacerat.
1060 920 1236 962 adducit
1262 920 1449 976 primum

47 997 82 1022 15
102 978 250 1023 Clusio
282 982 325 1021 et
357 979 480 1023 Cosis
507 979 751 1022 Massicum.
807 978 1073 1036 Abasthunc
1100 980 1293 1035 sequitur
1319 993 1451 1021 manu

100 1038 366 1094 Populoniae
391 1038 593 1094 Iluaeque
619 1038 862 1081 comitatus,
911 1042 1012 1093 post
1038 1039 1117 1080 hos
1144 1038 1300 1083 Asilan
1326 1039 1450 1080 mise·

101 1101 202 1140 runt
242 1098 386 1154 Pisae,
428 1113 537 1153 quae
580 1098 624 1139 in
669 1112 796 1153 quam
839 1098 1076 1153 longinqua
1120 1098 1206 1140 sint
1250 1098 1450 1140 Etruriae

99 1160 236 1214 parte,
266 1158 412 1199 notius
446 1159 523 1211 est,
554 1171 683 1211 quam
714 1159 763 1198 ut
788 1156 1081 1199 adnotandum
1108 1158 1176 1199 sit.
1226 1156 1326 1199 inde
1351 1172 1452 1199 mox

99 1216 212 1258 redit
236 1215 368 1259 Caere
395 1218 438 1258 et
462 1215 632 1271 Pyrgos
659 1218 702 1258 et
727 1214 968 1271 Grauiscas,
993 1217 1089 1259 loca
1115 1216 1212 1258 urbi
1238 1217 1450 1272 proxima,

47 1291 82 1317 20
101 1275 257 1331 quibus
290 1275 438 1317 ducem
470 1274 675 1317 Asturem
708 1275 834 1316 dedit.
896 1275 999 1318 hinc
1030 1276 1147 1331 rapit
1177 1276 1303 1318 illum
1337 1274 1450 1317 Oini-

100 1349 173 1377 rus
209 1335 260 1377 ad
292 1334 533 1390 Liguriam,
571 1333 714 1376 Ocnus
744 1333 980 1376 Mantuam.
1043 1335 1115 1376 sed
1146 1349 1226 1377 nec
1257 1336 1302 1376 in
1333 1333 1492 1377 cata-5

99 1394 202 1450 logo
235 1394 491 1436 auxiliorum
523 1392 674 1447 Turni,
710 1393 746 1435 si
778 1393 886 1435 uelis
918 1393 1050 1435 situm
1082 1394 1274 1436 locorum
1307 1396 1449 1436 mente

100 1467 358 1508 percurrere,
382 1452 576 1494 inuenies
601 1453 724 1494 illum
754 1452 1066 1494 continentiam
1087 1454 1313 1508 regionum
1335 1467 1450 1496 secu-

100 1516 206 1554 tum.
268 1511 419 1553 deinde
451 1510 667 1553 Homerus
699 1525 864 1565 omnes,
896 1526 1003 1566 quos
1035 1512 1077 1553 in
1113 1512 1314 1568 catalogo
1348 1512 1490 1554 enu-6

47 1584 82 1611 25
102 1572 252 1625 merat,
282 1571 409 1612 etiam
436 1573 680 1626 pugnantes
706 1570 777 1612 uel
803 1584 1011 1625 prospera
1036 1571 1101 1612 uel
1131 1572 1308 1614 sinistra
1334 1575 1449 1614 sorte

101 1633 427 1681 commemorat,
460 1631 521 1683 et,
554 1644 652 1671 cum
682 1630 776 1671 uult
808 1628 946 1672 dicere
979 1631 1160 1685 occisos,
1193 1645 1300 1686 quos
1333 1634 1450 1673 eata-

100 1690 201 1744 logo
227 1703 313 1731 non
339 1688 533 1741 inseruit,
557 1703 644 1730 non
670 1688 858 1730 hominis
885 1688 959 1730 sed
983 1689 1271 1732 multitudinis
1290 1705 1450 1733 nomen

99 1748 280 1800 inducit,
325 1751 368 1790 et
410 1749 607 1803 quotiens
651 1748 832 1789 multam
874 1762 1022 1790 necem
1062 1749 1305 1805 significare
1343 1749 1451 1805 uult,

102 1821 284 1850 messem
314 1807 540 1850 hominum
571 1807 731 1849 factam
763 1821 855 1849 esse
888 1807 1005 1860 dicit,
1039 1809 1148 1850 nulli
1179 1811 1344 1851 certum
1375 1823 1450 1852 no-

46 1878 82 1905 so
101 1881 196 1908 men
242 1866 367 1908 facile
413 1868 534 1908 extra
578 1866 822 1921 catalogum
863 1867 931 1908 uel
970 1867 1131 1909 addens
1169 1868 1215 1910 in
1253 1869 1342 1910 acie
1380 1868 1450 1910 uel

198 1993 213 2022 1
241 1988 282 2025 Il.
311 1989 336 2023 Β
363 1992 432 2023 464
507 1992 550 2022 12
576 1987 666 2022 Aen.
693 1988 725 2022 X
754 1992 819 2023 166

196 2106 215 2137 1
243 2101 431 2137 deuicauit
453 2100 491 2136 P
577 2103 598 2134 2
624 2099 782 2135 mlcems
801 2100 838 2136 P
919 2104 940 2135 3
967 2101 1086 2138 boma
1111 2102 1156 2147 P,
1182 2103 1227 2146 cfi
1252 2104 1302 2139 ad
1322 2115 1361 2149 p.
1389 2106 1451 2148 62,

102 2152 147 2185 12
221 2153 242 2184 5
266 2147 507 2198 Gpmunctorst
529 2149 535 2193 Ι
556 2148 593 2182 Ρ
642 2151 714 2230 nlab
724 2147 896 2231 oxplaffmfi
926 2149 962 2183 P
1035 2154 1077 2185 19
1104 2161 1187 2198 cere
1214 2150 1244 2185 ὣ
1269 2151 1397 2196 pirgos
1418 2151 1456 2186 P

102 2242 286 2279 oramfcar
308 2242 345 2277 P
432 2245 475 2277 21
503 2242 552 2277 ad
575 2242 846 2288 hgu·mantua
872 2242 934 2288 (ad
958 2243 987 2278 h
1011 2244 1053 2279 in
1077 2246 1166 2290 ras.)
1195 2244 1233 2279 P
1327 2249 1372 2280 23
1398 2245 1450 2281 se—

101 2291 217 2335 quutfi
242 2290 279 2325 P
347 2293 394 2324 24
417 2289 588 2325 numerat
614 2289 652 2324 P
