1526 2444
135 91 192 132 50
656 89 755 124 SAT.
780 87 906 124 LIBRI
929 88 946 122 I

135 197 207 239 sed
226 196 417 250 facimus,
433 209 527 236 cum
546 195 590 236 in
609 194 707 236 illos
729 193 1022 248 superbissimi
1040 193 1454 236 contumeliosissimi

136 253 412 297 crudelissimi
443 267 586 294 sumus
618 254 660 293 et
688 251 741 293 ad
765 252 927 293 rabiem
950 265 1027 292 nos
1055 253 1212 306 cogunt
1235 251 1454 305 peruenire

136 312 319 365 deliciae,
349 313 397 352 ut
426 309 623 364 quicquid
647 323 735 351 non
761 323 810 351 ex
834 309 1057 351 uoluntate
1087 309 1317 363 respondit,
1347 309 1455 350 iram

66 373 121 414 14
134 371 401 423 furoremque
432 370 587 409 euocet.
638 367 798 409 domini
829 367 941 408 enim
972 366 1093 408 nobis
1124 366 1288 408 animos
1318 366 1453 407 indui·
1492 379 1495 382 ·

134 443 227 470 mus
259 430 534 481 tyrannorum
566 427 608 466 et
638 438 725 466 non
755 426 959 479 quantum
987 424 1118 477 decet,
1149 423 1221 465 sed
1247 426 1452 478 quantum

133 486 233 527 licet
281 497 471 525 exercere
519 483 713 524 uolumus
762 482 807 522 in
856 496 1012 523 seruos.
1084 496 1183 522 nam
1226 485 1274 523 ut
1315 483 1454 523 cetera

135 542 395 585 crudelitatis
425 553 580 595 genera
603 542 879 594 praeteream,
910 542 1009 580 sunt
1034 540 1118 594 qui,
1148 539 1247 580 dum
1273 553 1316 580 se
1340 553 1454 580 men-
1491 570 1493 575 .

135 616 205 642 sae
255 599 387 654 copiis
437 601 479 640 et
527 597 730 639 auiditate
774 597 1036 650 distendunt,
1084 597 1454 638 circumstantibus

135 658 268 700 seruis
300 670 467 699 mouere
498 656 619 697 labra
648 668 725 696 nec
755 655 800 695 in
827 655 908 696 hoc
934 654 1115 709 quidem,
1144 656 1192 695 ut
1216 655 1456 708 loquantur,

133 717 258 758 licere
290 715 556 769 permittunt,
586 713 708 767 uirga
738 727 927 754 murmur
957 726 1079 754 omne
1107 712 1387 766 compescitur
1412 715 1455 753 et
1472 730 1487 756 ι

132 789 185 816 ne
227 773 404 815 fortuita
449 771 617 826 quidem
659 770 905 812 uerberibus
949 771 1124 824 excepta
1166 772 1282 824 sunt,
1323 770 1455 811 tussis

67 833 120 875 15
137 831 518 874 sternutamentum
549 829 760 882 singultus
791 842 946 883 magno
977 829 1089 870 molo
1120 827 1261 868 luitur.
1310 827 1371 869 sie
1395 827 1455 881 fit,
1485 828 1488 833 '

133 892 181 931 ut
222 889 294 930 isti
337 888 387 929 de
424 886 593 928 domino
629 887 876 941 loquantur,
918 885 1069 940 quibus
1107 899 1250 926 coram
1285 884 1455 926 domino

133 947 250 1002 loqui
279 960 367 987 non
396 945 507 986 licet.
556 946 601 985 at
631 944 694 985 illi
726 944 878 998 quibus
908 958 996 985 non
1027 944 1194 984 tantum
1224 943 1455 996 praesenti-

133 1005 212 1046 bus
238 1003 421 1046 dominis
449 1002 519 1044 sed
545 1016 640 1043 cum
664 1001 769 1056 ipsis
795 1003 887 1042 erat
912 1015 1064 1055 sermo,
1095 1014 1274 1054 quorum
1298 1014 1344 1042 os
1368 1014 1454 1041 non

135 1062 430 1115 consuebatur,
460 1060 600 1114 parati
631 1061 752 1100 erant
779 1073 856 1113 pro
888 1058 1057 1101 domino
1085 1059 1301 1112 porrigere
1326 1058 1455 1099 cerui-

134 1134 226 1162 cem
263 1122 306 1160 et
339 1119 573 1173 periculum
609 1117 832 1158 imminens
870 1117 914 1157 in
951 1119 1078 1170 caput
1115 1130 1237 1157 suum
1275 1118 1454 1157 uertere:

131 1178 177 1219 in
220 1177 425 1219 conuiuiis
469 1175 752 1229 loquebantur
795 1174 867 1215 sed
906 1175 952 1215 in
987 1173 1210 1215 tormentis
1246 1173 1455 1214 tacebant.

65 1237 118 1278 16
132 1236 198 1278 uis
239 1235 443 1277 exercitas
476 1233 521 1274 in
552 1233 696 1274 seruili
726 1234 894 1287 pectore
924 1231 1103 1273 uirtutes
1134 1229 1455 1272 recenseamus?

246 1293 413 1334 Primus
444 1291 526 1332 tibi
555 1290 779 1332 Vrbinus
817 1292 1020 1331 occurrat.
1082 1288 1153 1342 qui
1185 1302 1279 1330 cum
1315 1288 1454 1330 iussus

131 1350 263 1393 occidi
304 1351 351 1391 in
385 1349 567 1390 Reatino
611 1349 780 1401 lateret,
819 1347 996 1388 latebris
1039 1346 1220 1400 proditis
1257 1360 1366 1387 unus
1404 1360 1455 1387 ex

131 1409 265 1451 seruis
304 1408 430 1449 anulo
469 1407 556 1448 eius
598 1409 641 1447 et
671 1407 789 1447 ueste
819 1404 1047 1459 insignitus
1078 1405 1124 1445 in
1155 1403 1364 1458 cubiculo,
1401 1403 1455 1445 ad
1489 1437 1492 1438 ν

131 1466 242 1520 quod
265 1465 494 1507 inruebant
520 1463 591 1518 qui
614 1463 986 1518 persequebantur,
1013 1476 1089 1516 pro
1116 1461 1287 1504 domino
1312 1461 1454 1516 iacuit,
1492 1491 1493 1494 ,

129 1524 420 1577 militibusque
445 1521 778 1576 ingredientibus
804 1521 1008 1563 ceruicem
1036 1519 1234 1574 praebuit
1259 1524 1300 1560 et
1323 1519 1454 1560 ictum

129 1584 347 1637 tamquam
378 1579 564 1621 Vrbinus
596 1579 769 1633 excepit.
829 1578 1017 1619 Vrbinus
1047 1579 1195 1631 postea
1230 1577 1452 1618 restitutus

129 1641 451 1681 monumentum
481 1637 519 1678 ei
549 1637 648 1678 fecit
678 1636 805 1677 titulo
836 1635 1149 1689 inscriptionis,
1183 1634 1254 1688 qui
1283 1636 1452 1676 tantum

130 1697 330 1739 meritum
359 1696 619 1749 loqueretur,
651 1693 826 1735 adiecto.

63 1756 113 1796 17
246 1754 475 1807 Aesopus
500 1752 677 1793 libertus
698 1750 1000 1792 Demosthenis
1026 1750 1216 1792 conscius
1243 1749 1453 1803 adulterii,

129 1811 240 1866 quod
271 1826 367 1853 cum
395 1810 506 1851 Iulia
535 1811 738 1864 patronus
770 1808 1014 1859 admiserat,
1045 1810 1186 1849 tortus
1217 1807 1452 1848 diutissime

128 1868 416 1924 perseuerauit
438 1882 523 1909 non
547 1867 723 1921 prodere
749 1868 975 1921 patronum
1000 1866 1131 1907 donec
1157 1865 1250 1907 aliis
1273 1878 1447 1920 coargu-
1479 1918 1483 1920 ῃ

130 1928 298 1969 entibus
330 1925 508 1968 consciis
539 1924 846 1966 Demosthenes
876 1924 966 1978 ipse
996 1923 1213 1965 fateretur.

223 2056 241 2086 1
266 2051 343 2086 1111r
357 2051 404 2084 P'
477 2054 498 2084 2
519 2052 611 2094 cogi·
632 2049 668 2082 P
738 2053 758 2084 3
783 2059 856 2084 non
875 2059 919 2083 ex
937 2048 1154 2084 uoluntante
1172 2058 1246 2082 non
1263 2047 1301 2082 B
1370 2058 1449 2081 ram

126 2096 171 2133 B‘
245 2101 268 2131 4
292 2098 391 2132 domi
411 2096 473 2141 (P)
545 2099 565 2130 5
589 2097 816 2130 tlrannorum
838 2095 874 2130 P
941 2099 962 2130 9
981 2095 1130 2139 quidem
1153 2093 1188 2128 se
1207 2091 1254 2128 B'
1328 2097 1366 2129 11
1390 2104 1448 2128 ex-

127 2145 255 2189 cerpta
277 2144 314 2178 P
381 2143 453 2177 sint
476 2143 496 2178 b
569 2146 612 2176 13
638 2141 745 2176 domo
771 2141 818 2176 P'
894 2144 937 2176 14
961 2141 1063 2185 loqui
1086 2151 1160 2175 non
1184 2140 1272 2174 hcet
1296 2149 1386 2175 corr.
1405 2150 1449 2174 ex

126 2190 324 2235 loquantur
347 2190 388 2224 in
409 2189 446 2223 B
518 2191 560 2223 15
579 2188 694 2223 sermo
716 2187 722 2234 Ι
742 2197 882 2223 *****
900 2198 1053 2232 quorum
1078 2187 1168 2232 (uid.
1191 2186 1302 2229 fuisse
1320 2185 1458 2229 sermo)
1479 2183 1482 2198 ³

127 2237 164 2272 P
253 2240 304 2271 23·r
321 2235 510 2270 irruebant
535 2235 572 2269 P
656 2237 700 2268 25
726 2234 866 2269 urblms
884 2232 930 2268 B'
1030 2237 1073 2268 26
1098 2231 1305 2277 scriptioms
1323 2231 1370 2266 B'
1385 2230 1451 2277 (P)

127 2286 172 2318 28
197 2281 416 2318 demostems
437 2281 473 2315 P
541 2284 583 2316 31
611 2280 838 2315 demostenes
859 2280 896 2314 P
