1526 2444
133 97 190 138 54
656 96 754 132 SAT.
778 95 907 132 LIBRI
931 97 947 131 Ι

136 203 268 244 seruis
309 203 520 255 liberatis,
562 202 741 256 dataque
778 202 950 244 ciuitate
986 201 1216 256 peregrinis
1254 202 1297 242 et
1332 201 1455 243 factis

135 261 291 302 tabulis
322 261 458 313 nouis,
487 259 655 301 hostem
685 260 892 301 sustinere
921 262 1158 314 potuerunt.
1459 295 1462 298 .

66 318 122 359 34
253 317 545 360 Cleomenes
579 315 955 371 Lacedaemoniae,
991 331 1087 359 cum
1117 317 1232 359 mille
1264 319 1305 357 et
1336 317 1454 371 quin—

135 377 253 431 genti
284 376 363 417 soli
394 374 732 428 Lacedaemonii,
770 376 842 429 qui
873 389 991 416 arma
1020 375 1129 416 ferre
1160 376 1350 428 possent,
1387 388 1455 415 su-

131 434 406 488 perfuissent,
440 446 491 473 ex
523 433 655 474 seruis
686 447 814 474 manu
844 432 985 474 missis
1016 433 1271 475 bellatorum
1301 445 1454 473 nouem

133 492 249 532 inilia
280 490 541 544 conscripsit.

248 548 590 590 Athenienses
619 561 786 602 quoque
811 548 1072 602 consumptis
1097 547 1276 601 publicis
1303 547 1452 600 opibus

136 607 269 647 seruis
300 607 542 648 libertatem
573 605 789 647 dederunt.

63 664 119 706 35
246 663 310 705 Ac
348 678 400 705 ne
436 665 482 704 in
520 665 609 704 solo
647 662 760 704 uirili
798 677 897 704 sexu
935 663 1132 704 aestimes
1162 662 1274 703 inter
1306 675 1450 703 seruos

133 722 323 763 extitisse
353 722 548 775 uirtutes,
580 721 721 774 accipe
748 721 997 762 ancillarum
1021 721 1180 762 factum
1204 734 1290 761 non
1314 720 1452 761 minus
1472 737 1487 761 1

131 780 418 833 memorabile,
448 793 525 820 nec
556 793 638 832 quo
669 778 815 819 utilius
845 779 906 819 rei
932 778 1126 832 publicae
1150 779 1196 818 in
1221 777 1310 818 ulla
1334 777 1453 818 nobi-

63 839 117 879 36
132 837 254 879 litate
281 837 507 891 repperias.
555 835 691 878 Nonis
722 836 841 877 Iuliis
873 836 984 876 diem
1013 835 1170 876 festum
1202 849 1292 876 esse
1325 835 1452 876 ancil·
1492 846 1495 847 ⁷

132 896 269 936 larum
304 898 394 936 tam
424 895 554 948 uulgo
585 896 733 935 notum
764 897 847 947 est,
882 896 930 934 ut
960 907 1037 934 nec
1069 893 1188 947 origo
1219 907 1297 934 nec
1328 906 1454 933 causa

132 953 392 994 celebritatis
435 953 584 1006 ignota
627 953 693 993 sit.
759 951 909 992 Iunoni
947 952 1057 992 enim
1095 950 1350 1004 Caprotinae
1387 950 1453 991 die

131 1011 206 1051 illo
243 1011 402 1052 liberae
436 1010 596 1064 pariter
633 1009 892 1063 ancillaeque
924 1009 1163 1050 sacrificant
1194 1008 1270 1049 sub
1303 1008 1452 1049 arbore
1471 1023 1487 1048 1

132 1068 328 1122 caprifico
376 1069 420 1109 in
468 1067 717 1108 memoriam
765 1067 972 1121 benignae
1022 1066 1215 1120 uirtutis,
1263 1079 1369 1120 quae
1410 1065 1455 1106 in

132 1126 378 1167 ancillarum
416 1125 568 1166 animis
608 1139 684 1178 pro
723 1124 1046 1166 conseruatione
1083 1124 1277 1177 publicae
1315 1123 1454 1176 digni-

63 1185 115 1225 37
131 1183 231 1225 tatis
257 1184 466 1237 apparuit.
514 1197 615 1224 nam
645 1185 742 1236 post
773 1182 921 1223 urbem
953 1184 1124 1235 captam
1156 1195 1251 1222 cum
1283 1180 1453 1221 sedatus

132 1243 244 1282 esset
274 1240 460 1282 Gallicus
491 1243 644 1294 motus,
673 1254 740 1281 res
771 1239 942 1294 publica
973 1253 1073 1280 uero
1105 1241 1217 1280 esset
1249 1238 1300 1279 ad
1330 1241 1453 1279 tenue

132 1299 321 1353 deducta,
350 1298 523 1340 finitimi
554 1298 888 1351 oportunitatem
918 1296 1145 1338 inuadendi
1168 1295 1352 1338 Romani
1381 1309 1453 1336 no-

131 1357 257 1398 minis
301 1357 498 1410 aucupati
541 1355 835 1409 praefecerunt
871 1355 951 1395 sibi
987 1354 1252 1396 Postumium
1287 1353 1455 1394 Liuium

130 1414 397 1455 Fidenatium
430 1414 690 1467 dictatorem,
721 1413 794 1467 qui
825 1412 1035 1454 mandatis
1062 1412 1113 1453 ad
1140 1414 1332 1453 senatum
1356 1411 1453 1452 mis-

133 1473 190 1512 sis
232 1471 469 1526 postulauit
511 1473 576 1524 ut,
619 1471 655 1511 si
697 1470 854 1511 uellent
893 1470 1093 1524 reliquias
1131 1483 1230 1511 suae
1267 1469 1454 1510 ciuitatis

132 1544 325 1584 manere,
365 1528 707 1571 matresfamilias
753 1528 833 1569 sibi
876 1531 918 1568 et
957 1527 1144 1582 uirgines
1187 1526 1453 1580 dederentur3

63 1588 117 1629 38
133 1602 309 1641 cumque
334 1590 477 1642 patres
503 1589 644 1628 essent
665 1586 710 1626 in
730 1586 905 1638 ancipiti
925 1585 1228 1626 deliberatione
1249 1584 1452 1638 suspensi,

133 1645 289 1686 ancilla
317 1646 489 1686 nomine
519 1643 699 1685 Tutela
736 1657 809 1683 seu
838 1641 1059 1684 Philotis
1090 1642 1280 1695 pollicita
1311 1644 1376 1683 est
1407 1655 1452 1682 se
1492 1659 1495 1665 ·

132 1717 228 1744 cum
259 1703 408 1744 ceteris
441 1701 603 1743 ancillis
635 1701 712 1742 sub
740 1701 912 1741 nomine
937 1699 1201 1741 dominarum
1228 1699 1280 1740 ad
1305 1699 1452 1740 hostes

131 1762 297 1813 ituram,
323 1759 557 1813 habituque
582 1758 951 1800 matrumfamilias
977 1759 1019 1798 et
1042 1758 1255 1811 uirginum
1281 1759 1451 1810 sumpto

69 1810 77 1820 ¹
131 1818 324 1860 hostibus
355 1832 450 1859 cum
479 1816 823 1871 prosequentium
854 1815 1040 1856 lacrimis
1066 1815 1118 1856 ad
1142 1815 1266 1855 fidem
1293 1814 1452 1856 doloris

63 1875 118 1916 39
133 1877 325 1930 ingestae
350 1877 459 1916 sunt.
508 1888 614 1928 quae
642 1888 736 1915 cum
762 1888 787 1914 a
806 1873 927 1914 Liuio
952 1873 998 1913 in
1025 1873 1174 1914 castris
1201 1872 1451 1914 distributae

132 1934 325 1987 fuissent,
346 1933 460 1974 uiros
478 1932 659 1986 plurimo
678 1932 779 1972 uino
798 1932 1148 1985 prouocauerunt,
1168 1930 1278 1971 diem
1295 1930 1454 1971 festum

134 1991 246 2044 apud
283 2004 327 2032 se
361 2004 451 2031 esse
484 1990 743 2031 simulantes.
803 1989 954 2043 quibus
986 1989 1192 2043 soporatis
1224 2002 1274 2028 ex
1305 1988 1454 2029 arbore

226 2108 246 2138 3
271 2104 555 2139 lacedemon**
573 2103 609 2137 P
716 2106 739 2136 4
763 2102 1003 2145 lacedemmu,
1030 2101 1067 2136 P
1171 2105 1213 2136 12
1238 2101 1399 2146 reperias
1418 2101 1455 2135 B

136 2154 178 2185 13
202 2151 242 2184 ta
266 2150 378 2194 uulgo
403 2160 468 2184 om.
498 2146 546 2183 P'
626 2149 656 2183 &
674 2148 781 2183 causa
805 2149 840 2182 B
918 2152 963 2182 14
987 2147 1063 2194 die]
1091 2147 1181 2182 deae
1208 2145 1256 2181 P'
1332 2150 1374 2181 15
1399 2147 1453 2182 lib
1476 2179 1478 2182 ,

133 2198 175 2231 in
197 2196 312 2242 libere
343 2196 385 2230 in
414 2207 486 2231 ras.
517 2196 558 2230 in
588 2196 624 2230 P
708 2195 881 2239 *pariter
905 2195 942 2230 P
1031 2197 1072 2229 1⁸1
1110 2193 1381 2228 conuersatione
1418 2194 1455 2229 B

133 2246 179 2277 24
203 2242 506 2277 matresfamiliae
530 2241 612 2276 BP
704 2245 748 2275 26
772 2241 896 2275 tutula
920 2241 939 2276 b
1034 2243 1079 2275 27
1106 2239 1396 2276 d**0minarum
1418 2239 1455 2274 B
1477 2273 1480 2279 Α

134 2292 179 2324 28
203 2288 319 2323 sumto
345 2286 390 2323 B‘
471 2292 512 2323 31
539 2288 699 2332 plurima
723 2285 767 2322 B'
