1526 2444
625 53 693 89 XV
719 55 835 90 7—14
1325 50 1412 92 313

63 162 214 205 deinde
247 162 292 204 in
323 161 574 204 duodecimo
607 161 805 204 Ebusum
838 159 1075 204 Corinaeus
1107 160 1314 203 interficit

124 245 276 288 obuius
309 244 555 287 ambustum
587 246 751 287 torrem
784 242 1021 287 Corinaeus
1054 244 1107 286 ab
1141 258 1217 286 ara

126 304 303 359 corripit
334 306 377 346 et
407 303 598 346 uenienti
629 303 778 346 Ebuso
810 304 1072 359 plagamque
1103 302 1259 344 ferenti

122 365 302 418 occupat
332 376 393 406 os.

6 464 44 491 ·⁶
64 446 126 489 sic
157 448 201 488 et
230 445 434 501 Numam,
466 460 592 501 quem
623 443 756 487 Nisus
790 444 957 496 occidit,
988 446 1141 499 postea
1173 444 1342 487 Aeneas
1431 444 1482 487 11

122 529 394 584 persequitur
424 527 664 583 fortemque
695 527 899 571 Numam.

65 609 309 654 Camertem
341 610 387 652 in
419 610 583 653 decimo
615 609 787 652 Aeneas
820 610 985 665 sternit,
1017 613 1063 652 at
1093 610 1139 652 in
1164 610 1415 652 duodecimo

122 693 304 735 Iuturna
335 693 522 736 formam
554 693 813 735 adsimulata
845 692 1079 735 Camertae.

0 815 1 828 ,
65 775 252 819 Chlorea
294 776 339 818 in
381 775 605 818 undecimo
650 774 804 817 occidit
835 774 1038 830 Camilla,
1081 775 1127 816 in
1165 774 1414 817 duodecimo
1433 775 1486 817 12

0 842 47 886 ³11⁰
65 834 246 877 Turnus.
319 835 550 877 Palinurus
592 833 756 876 Iasides
801 836 845 876 et
886 833 1002 889 Iapis
1047 833 1211 876 Iasides
1257 849 1415 889 quaero

0 888 1 898 ¹
65 908 121 937 an
151 894 308 936 fratres
341 893 438 936 sint.
494 892 754 949 Hyrtacides
786 895 852 935 est
883 892 1155 948 Hippocoon,
1194 896 1238 936 et
1268 908 1415 936 rursus

63 952 324 1009 Hyrtacides

349 1021 623 1078 Corynaeum
655 1023 812 1065 sternit
842 1023 1002 1065 Asilas.

10 1115 13 1116 ’
65 1106 140 1148 sed
184 1107 419 1161 potuerunt
460 1106 544 1148 duo
587 1120 720 1148 unum
759 1120 917 1147 nomen
954 1105 1172 1148 habuisse.
1238 1105 1315 1148 ubi
1352 1107 1418 1148 est
1433 1106 1488 1149 13

13 1172 47 1200 ¹⁶
66 1165 144 1207 illa
180 1166 226 1207 in
263 1165 331 1207 his
364 1165 534 1207 casibus
566 1165 747 1207 Homeri
777 1164 950 1207 cautio?
1013 1165 1125 1220 apud
1159 1179 1287 1220 quem
1318 1179 1417 1208 cum

66 1224 150 1267 duo
183 1223 337 1266 Aiaces
370 1224 476 1278 sint,
513 1224 639 1267 modo
672 1224 777 1266 dicit
813 1224 1093 1279 Τελαμώνιος
1123 1227 1257 1280 Αἴας,
1287 1225 1416 1267 modo

59 1280 230 1338 Ὀιλῆος
277 1284 411 1339 ταχὺς
453 1287 584 1337 Αἴας,
634 1285 737 1325 item
782 1283 886 1325 alibi
932 1279 1029 1326 ἴσον
1072 1284 1223 1339 θυμὸν
1268 1283 1417 1339 ἔχοντε

66 1342 310 1397 ὁμώνυμοι,
340 1357 419 1385 nec
451 1342 621 1396 desinit,
653 1357 760 1398 quos
786 1342 931 1398 iungit
955 1342 1142 1395 nomine,
1172 1342 1418 1398 insignibus

67 1416 284 1457 separare,
327 1415 381 1443 ne
426 1404 607 1457 cogatur
643 1401 779 1443 lector
816 1401 1080 1456 suspiciones
1119 1401 1169 1443 de
1207 1401 1418 1444 uarietate

4 1467 49 1509 ,2⁰
69 1461 374 1516 appellationis
407 1460 585 1516 agitare.
646 1460 797 1502 deinde
829 1460 874 1502 in
905 1462 1105 1515 catalogo
1139 1476 1217 1503 suo
1249 1461 1418 1503 curauit
1435 1465 1492 1508 14

5 1546 7 1553 ι
66 1518 289 1576 Vergilius
321 1519 460 1561 uitare
489 1519 725 1574 fastidium,
758 1519 871 1574 quod
896 1519 1112 1562 Homerus
1140 1520 1227 1562 alia
1251 1519 1418 1562 ratione

6 1620 8 1630 ,
66 1593 154 1621 non
186 1578 303 1621 cauit
334 1579 482 1621 eadem
513 1578 655 1634 figura
686 1593 814 1634 saepe
846 1579 1032 1634 repetita

164 1759 181 1790 1
210 1755 350 1799 Vergil.
377 1754 469 1790 Aen.
493 1753 562 1788 XII
587 1757 656 1789 298
754 1757 775 1788 5
800 1754 850 1789 ib.
877 1753 982 1789 VIIII
1006 1756 1078 1789 454
1169 1758 1190 1789 6
1215 1755 1264 1790 ib.
1291 1754 1325 1789 X
1351 1758 1419 1790 562

70 1805 89 1837 7
115 1802 164 1838 ib.
190 1802 225 1837 X
250 1805 330 1837 562.
356 1801 424 1836 ΧΠ
448 1805 519 1836 224
592 1805 613 1837 9
638 1801 689 1837 ib.
715 1801 766 1836 XI
792 1805 872 1837 268.
898 1801 967 1835 XII
993 1805 1073 1837 363.
1101 1800 1134 1836 V
1160 1804 1229 1837 843
1304 1805 1348 1836 10
1368 1802 1418 1837 ib.

67 1849 102 1885 V
127 1852 195 1885 492
266 1852 308 1884 13
334 1848 384 1884 ib.
410 1848 513 1883 VIIII
539 1852 583 1884 57
654 1853 696 1884 17
716 1848 758 1883 Il.
782 1850 806 1883 Ρ
828 1852 895 1883 720

166 2019 184 2049 1
212 2013 382 2050 cor-meus
400 2014 438 2049 P
504 2017 524 2048 2
552 2013 718 2049 couneus
736 2013 774 2048 P
842 2018 861 2049 7
882 2014 1078 2050 undeclmo
1101 2014 1138 2049 P
1203 2018 1224 2050 8
1244 2015 1364 2050 forma
1387 2015 1424 2049 P

71 2061 284 2097 adsimilata
311 2062 348 2096 P
425 2063 445 2095 9
470 2060 654 2097 Heclorea
678 2061 715 2096 P
786 2064 830 2096 10
848 2061 951 2107 1apix
979 2062 1015 2096 P
1089 2065 1130 2096 11
1156 2061 1362 2097 h1rtac1des
1387 2062 1423 2096 P

71 2110 110 2145 et
132 2108 252 2144 rursuI
275 2107 480 2144 hirtacidel'
499 2109 536 2143 P
619 2111 661 2142 13
689 2111 839 2144 connefi
867 2108 904 2143 P
977 2109 1016 2144 et
1040 2108 1153 2144 Nisus
1181 2109 1420 2154 ‘Hyrtacides

71 2155 246 2192 comitem
270 2155 420 2191 Aeneae
445 2167 556 2201 quem
580 2156 733 2191 miserat
757 2155 837 2191 Ida’
867 2156 1006 2192 lanius
1137 2160 1180 2192 16
1205 2158 1421 2192 ΤΑΛΛΜω-

73 2204 171 2239 ΝΙΟΕ
198 2203 236 2238 Ρ
304 2203 434 2250 lssmodo
457 2206 462 2248 Ι
485 2204 519 2248 (1
547 2203 669 2239 littera
692 2205 798 2248 eras.)
828 2203 865 2238 P
932 2206 974 2238 17
997 2204 1094 2239 moe
1112 2204 1150 2239 Ρ
1221 2208 1264 2240 18
1286 2205 1421 2240 (ΟΜω-

74 2251 218 2286 ΝΙΜΟΥ
246 2250 283 2285 Ρ
377 2254 421 2285 21
447 2249 622 2295 ulrglhvs
642 2252 681 2296 (v
706 2261 751 2287 ex
774 2261 866 2287 corr.
893 2251 955 2287 sed
980 2263 1004 2286 α
1029 2254 1062 2286 1.
1088 2263 1133 2287 m.
1159 2252 1244 2295 fort.
1270 2264 1306 2295 n,
1332 2253 1422 2297 quia

13 2317 17 2356 ξ
67 2302 220 2344 propter
250 2298 432 2334 maculam
462 2298 555 2334 male
585 2301 714 2334 natum
744 2302 839 2344 erat,
870 2299 1041 2334 iteratum
1067 2299 1127 2343 (cf.
1148 2310 1189 2344 p.
1216 2301 1299 2344 316,
1325 2300 1364 2344 9)
1389 2299 1426 2334 Ρ
