1526 2444
662 63 750 100 XVI
775 67 915 102 28—34
1378 65 1467 109 475

120 172 315 216 incidens
351 171 497 215 haurii:
534 174 578 214 et
609 173 813 229 exsiccat,
852 173 968 229 quod
999 174 1109 217 male
1139 174 1294 217 influit.
1354 174 1466 217 unde
1481 180 1526 223 34

121 234 165 274 et
194 230 408 274 Homerus
441 231 567 274 modo
599 230 792 287 εὐήνορα
817 233 943 274 modo
970 232 1151 288 νώροπα
1174 234 1355 289 χαλκόν,
1385 233 1465 276 has

106 304 269 333 causas
319 292 502 343 sennim,
546 292 748 346 appellat.
822 290 1150 347 Amsoeomnns
1193 307 1295 335 uero
1338 292 1466 335 tesizis

121 351 198 405 est,
228 349 419 404 uulnera,
449 363 557 404 quae
590 364 642 392 ex
667 364 792 392 aereo
826 365 1028 393 mucrone
1053 351 1173 407 fiunt,
1205 351 1347 394 minus
1372 365 1466 394 esse

68 419 85 446 ⁵
119 407 249 451 noxia
286 422 415 463 quam
447 422 498 450 ex
529 408 661 463 ferro,
697 408 951 465 faciliusque
983 410 1143 465 curari,
1180 411 1299 465 quia
1329 411 1468 453 inest

122 467 263 522 inquit
288 467 394 508 aeri
426 467 506 510 uis
540 467 782 522 quaedam
809 468 1112 512 remedialis
1139 471 1188 512 et
1214 468 1466 525 siccifica‚

121 540 266 580 quam
307 525 540 568 demittit
576 526 627 568 in
659 527 884 570 uulnere.
944 528 1039 582 pari
1070 542 1174 584 ergo
1205 529 1372 571 ratione
1403 527 1466 570 in-

121 585 252 626 fixum
285 585 453 639 corpori
484 585 658 640 pecudis
689 585 831 628 lunari
861 589 1076 642 repugnaiz
1105 587 1290 630 humori.

247 670 270 694 »ι
369 669 392 694 *
490 671 512 695 ποι
609 672 632 695 *
728 672 751 695 *
847 672 870 696 *
967 671 990 696 *
1087 673 1109 697 *
1205 672 1229 697 *
1325 673 1348 697 *

215 774 236 806 3
261 771 483 808 Problemat.
508 771 525 805 Ι
550 774 596 806 34

214 891 235 923 3
266 888 443 934 sequutus
466 888 504 925 P
627 892 648 924 8
679 893 764 935 post
793 889 942 925 humori
978 890 1075 926 mml
1110 891 1354 936 subscriptum
1391 891 1467 936 (sed

118 939 252 982 quarta
282 947 376 981 pars
412 936 578 972 dexterae
615 937 803 973 columnae
833 938 944 974 huius
973 938 1058 982 folii
1087 941 1223 974 resecta
1253 939 1318 984 est)
1349 938 1392 974 in
1421 938 1471 984 P,

118 984 224 1027 finem
249 983 346 1019 deese
370 984 469 1019 uidit
492 983 682 1020 Arnoldus
713 984 932 1020 Vesaziensis
