1526 2444
158 86 242 128 362
662 85 760 121 sAT.
780 86 907 121 LIBRI
925 86 975 121 v1

86 191 146 234 6O
215 191 329 290 ξορα
360 192 474 257 capti
497 193 680 289 ‘potuere
711 191 835 246 capi?
865 206 967 234 num
997 192 1168 234 incensa
1198 193 1403 234 cremauit

253 263 345 290 rola
374 263 489 290 u1ros

160 317 319 359 Ennius
349 318 393 358 in
423 317 643 360 undecimo
675 331 770 360 cum
800 317 850 359 de
880 317 1098 373 Pergamis
1129 319 1369 373 loqueretur

216 401 322 441 quae
352 401 489 441 neque
519 386 743 428 Dardaniis
776 387 935 442 campis
966 390 1139 441 potuere
1170 388 1305 442 perire

212 458 289 485 nec
319 458 414 486 cum
445 447 571 498 capta
601 443 695 497 capi
724 458 802 486 nec
833 459 927 486 cum
959 445 1179 487 combusta
1210 446 1400 487 cremari.
1506 461 1523 488 5

85 537 139 578 61
213 534 340 576 Multi
370 539 588 589 praeterea
618 551 722 590 quos
754 537 868 578 fama
899 537 1080 579 obscura
1110 536 1309 579 recondit.

154 603 320 646 Ennius
351 604 396 645 in
427 605 668 646 Alexandro

213 673 337 715 multi
387 674 460 715 alii
509 674 741 716 aduentant
781 677 1010 729 paupertas
1054 688 1231 729 quorum
1275 675 1472 741 obscurat

89 790 147 831 62
219 789 434 830 Audentes
465 789 636 830 fortuna
666 789 796 831 iuuat.
1240 746 1422 774 nomma-
1492 807 1526 838 1⁰ss

156 857 319 899 Ennius
351 858 394 899 in
426 858 604 912 septimo

213 926 392 968 fortibus
425 929 489 968 est
518 927 688 968 fortuna
719 927 822 968 uiris
855 927 961 969 data.

84 1019 141 1061 63
213 1018 466 1073 Recoquunt
497 1019 659 1072 patrios
690 1019 934 1060 fornacibus
965 1033 1085 1060 enses
1519 1050 1526 1079 ³:

213 1078 255 1117 et
284 1090 436 1118 curuae
466 1076 648 1131 rigidum
679 1076 811 1118 falces
842 1076 1077 1118 conflantur
1106 1076 1151 1117 in
1181 1089 1337 1118 ensem.
1521 1081 1526 1106 ¹

153 1144 372 1187 Lucretius
402 1145 446 1186 in
477 1147 622 1200 quinto

211 1214 309 1255 inde
341 1214 582 1255 minutatim
613 1214 820 1268 processit
851 1213 1009 1256 ferreus
1041 1213 1153 1255 ensis

211 1285 416 1325 uersaque
447 1272 492 1312 in
523 1272 751 1313 obscenum
783 1272 942 1326 species
974 1273 1040 1313 est
1069 1271 1190 1313 falcis
1222 1285 1361 1313 aenae.

83 1363 142 1404 64
211 1362 369 1461 {ocula
399 1365 499 1404 sunt
528 1362 668 1405 fontes
699 1363 849 1418 liquidi
880 1366 1005 1419 atque
1036 1363 1217 1406 exercita
1248 1377 1371 1405 cursu

242 1434 396 1462 umlna.

153 1488 371 1530 Lucretius
402 1488 447 1529 in
477 1489 625 1543 quinto

211 1557 265 1599 ad
296 1557 440 1599 sedare
473 1558 588 1600 sitim
618 1558 736 1600 fluuii
765 1558 986 1613 fontesque
1017 1559 1237 1601 uocabant.

83 1650 140 1692 65
215 1649 330 1699 Quos
360 1650 468 1691 rami
498 1650 673 1705 fructus,
705 1665 810 1705 quos
841 1651 934 1705 ipsa
963 1651 1150 1693 uolentia
1180 1665 1279 1692 rura

212 1709 362 1762 sponte
392 1707 528 1749 tulere
560 1722 646 1761 sua,
677 1709 823 1763 carpit.

151 1774 373 1818 Lucretius
403 1777 449 1817 in
479 1777 627 1832 quinto

247 1916 264 1945 1
291 1913 380 1947 Aen.
407 1913 474 1947 VII
499 1916 566 1948 295
649 1917 671 1948 4
696 1917 762 1948 359
790 1912 895 1949 Vahl.
921 1917 988 1948 393
1014 1914 1100 1950 Luc.
1126 1914 1249 1949 Muell.
1334 1917 1354 1948 6
1378 1913 1468 1949 Aen.
1501 1919 1526 1956 ἔτ’

150 1957 184 1992 V
208 1961 275 1992 302
377 1961 398 1992 8
423 1963 466 1994 37
494 1960 548 1994 ed.
575 1963 596 1993 2
621 1959 727 1994 Ribb.
756 1963 798 1995 13
823 1959 909 1996 Luc.
934 1959 1059 1995 Muell.
1162 1964 1204 1995 10
1228 1961 1319 1995 Aen.
1344 1959 1377 1994 X
1402 1962 1470 1995 284

155 2007 196 2039 12
222 2008 288 2039 262
313 2004 423 2039 Vahl.
449 2007 516 2039 247
541 2005 627 2040 Luc.
652 2004 775 2040 Muell.
850 2009 891 2040 13
917 2006 1006 2040 Aen.
1031 2005 1098 2041 VII
1123 2010 1190 2041 636
1263 2010 1305 2041 16
1323 2005 1358 2040 V
1378 2009 1467 2040 1293
1488 2017 1525 2055 2⁷35}

153 2053 195 2084 18
221 2050 353 2094 Georg.
378 2050 429 2085 111
454 2054 520 2086 529
592 2055 635 2085 21
660 2051 694 2086 V
719 2054 784 2086 945
856 2055 900 2086 22
927 2050 1058 2097 Georg.
1083 2052 1116 2086 II
1141 2054 1208 2087 500
1500 2063 1512 2071 '⁸

244 2179 264 2210 3
290 2177 496 2234 undecimo]
524 2176 574 2211 X·
593 2177 635 2212 in
657 2187 728 2212 ras.
727 2181 797 2231 —ut
819 2178 895 2213 uid.
921 2177 957 2212 P
1031 2180 1052 2212 5
1077 2177 1224 2233 ccbufta
1247 2179 1284 2214 P
1360 2183 1380 2214 6
1405 2178 1469 2213 ob-
1495 2176 1526 2210 ³.

151 2222 434 2259 fcunorecondit
447 2223 484 2259 P
559 2227 601 2258 13
615 2234 774 2268 requoqr
787 2223 823 2258 P
878 2224 1105 2259 fortnacibus
1112 2225 1148 2258 P
1218 2228 1260 2260 17
1275 2224 1466 2260 obscurum
1480 2232 1516 2263 3,

152 2270 278 2304 laudat
301 2269 487 2306 Bentleius
511 2269 609 2304 Mus.
634 2269 747 2305 Rhen.
774 2272 881 2314 1881,
905 2273 981 2306 326
1052 2269 1166 2306 falces
1184 2271 1220 2305 P
1485 2271 1491 2294 3
1508 2267 1525 2282 ¹*
