1526 2444
129 83 216 126 380
637 81 734 118 SAT.
759 81 886 116 LIBRI
909 81 960 116 VI

411 188 600 242 proiecto
631 188 730 229 dum
761 187 865 243 pede
896 187 1018 229 laeuo

192 248 314 301 aptat
344 259 388 287 se
418 259 599 300 pugnae.

68 329 122 371 15
137 327 209 370 sed
241 329 284 368 et
309 325 504 369 SISENNA
535 326 580 367 in
604 336 816 368 SECVNDO
847 325 954 367 dixit
984 327 1032 366 et
1056 324 1212 366 Marsi
1243 324 1454 379 propius
1514 323 1515 326 ’

136 384 411 428 succedunt
442 386 594 437 atque
625 384 698 424 ita
729 383 889 425 scutis
914 382 1162 436 proiectis
1186 382 1312 424 tecti
1337 395 1455 423 saxa
1514 394 1516 398 ’

135 442 370 485 certatim
400 442 543 483 lenta
572 441 802 483 manibus
834 440 1092 482 coniciunt
1121 440 1170 482 in
1200 440 1375 481 hostes
1408 442 1456 480 et
1490 454 1508 482 5

135 501 182 542 in
225 499 372 542 eodem
416 501 559 540 uetus
604 501 754 553 atque
796 498 976 552 ingens
1013 499 1122 539 erat
1157 497 1306 539 arbor
1336 497 1458 551 ilex,

136 572 259 613 quae
297 558 482 599 circum
517 556 763 610 proiectis
800 555 954 597 ramis
992 555 1232 596 maiorem
1261 556 1455 609 partem
1511 603 1514 605 ¹

136 615 239 657 loci
271 615 450 656 summi
480 614 690 669 tegebat
721 616 764 655 et
793 612 1012 655 Lucretius
1043 613 1088 654 in
1118 612 1248 654 tertio

197 695 432 750 quamlibet
461 694 637 736 immani
666 693 860 748 proiectu
889 692 1076 748 corporis
1108 694 1232 734 extet.

70 790 124 831 16
196 787 257 830 Et
287 787 588 841 tempestiuam
619 786 740 828 siluis
773 788 958 827 euertere
988 785 1149 840 pinum.
1481 803 1494 826 1

137 869 219 911 hoc
260 868 436 910 uerbum
479 867 530 908 de
565 868 666 922 pino
706 866 962 921 tempestiua
998 880 1023 907 a
1059 864 1245 907 CATONE
1283 865 1463 920 sumpsit

141 927 214 980 qui
251 926 313 967 ait
346 926 546 980 pineam
580 939 788 966 nuceam
826 938 932 966 cum
963 923 1195 978 effodies,
1232 923 1350 964 luna
1381 923 1463 964 de-

141 986 402 1026 crescente
445 982 654 1025 eximito
692 984 809 1037 post
846 981 1120 1033 meridiem,
1163 981 1273 1022 sine
1310 987 1461 1022 uento

142 1043 334 1096 austro,
369 1042 473 1082 tum
509 1054 627 1082 uero
665 1040 761 1081 erit
794 1039 1118 1093 tempestiua,
1156 1052 1263 1080 cum
1294 1051 1462 1080 semen

142 1114 282 1141 suum
313 1101 562 1140 maturum
593 1098 702 1139 erit.

74 1160 126 1201 17
258 1156 444 1198 Inseruit
491 1156 609 1210 operi
657 1169 732 1197 suo
782 1156 825 1195 et
867 1152 1031 1196 Graeca
1072 1153 1218 1207 uerba,
1267 1152 1338 1194 sed
1381 1166 1467 1194 non

142 1214 305 1269 primus
334 1214 417 1256 hoc
448 1227 593 1256 ausus:
628 1214 851 1254 auctorum
884 1212 995 1253 enim
1025 1213 1215 1253 ueterum
1247 1210 1465 1252 audaciam

145 1274 314 1314 secutus
346 1275 422 1313 est.

77 1355 130 1396 18
204 1352 441 1407 dependent
471 1351 614 1406 lychni
643 1350 913 1406 laquearibus
946 1349 1103 1403 aureis,

146 1433 256 1476 sieut
285 1433 450 1475 Ennius
481 1433 528 1474 in
557 1446 669 1474 nono

425 1513 676 1569 lychnorum
707 1513 868 1554 lumina
898 1511 964 1553 bis
996 1525 1070 1553 sex

147 1598 190 1638 et
220 1595 441 1639 Lucretius
471 1595 516 1637 in
547 1595 697 1649 quinto

207 1677 309 1732 quin
341 1676 468 1718 etiam
498 1677 707 1718 nocturna
737 1674 818 1715 tibi
848 1672 1068 1715 terrestria
1099 1685 1205 1725 quae
1237 1671 1336 1712 sunt

206 1734 387 1789 lumina,
417 1733 647 1787 pendentes
678 1732 839 1787 lychni,

148 1814 337 1858 Lucilius
368 1815 412 1855 in
441 1814 580 1870 primo

244 1966 262 1997 1
288 1962 378 1996 Aen.
403 1962 437 1996 X
462 1964 530 1996 588
607 1964 627 1995 9
653 1961 707 1996 ΙΙΙ
732 1964 798 1996 987
885 1962 926 1994 12
952 1958 998 1993 de
1021 1969 1050 1993 r.
1075 1970 1102 1992 r.
1129 1961 1185 2000 31,
1212 1960 1231 1991 2
1314 1959 1357 1991 19
1381 1955 1471 1991 Aen.

133 2009 166 2054 ,l
192 2012 258 2045 726
330 2013 374 2043 21
401 2011 468 2043 328
496 2007 600 2043 Vahl.
627 2010 696 2041 344
721 2007 806 2042 Luc.
831 2005 956 2041 Muell.
1028 2007 1072 2039 23
1098 2003 1131 2039 V
1156 2006 1223 2038 295

244 2151 265 2183 2
280 2147 459 2192 posterior
483 2147 500 2181 t
523 2146 566 2181 in
590 2146 694 2191 aptat
718 2145 759 2180 in
782 2154 854 2180 ras.
879 2144 921 2178 in
938 2143 975 2178 P
1041 2145 1063 2175 4
1089 2140 1198 2177 tectis
1214 2140 1252 2176 P
1319 2144 1362 2176 12
1382 2120 1488 2182 nuces

151 2230 188 2266 Ρ
269 2231 311 2263 18
336 2225 508 2271 sequutus
528 2226 564 2260 P
643 2230 686 2261 ιε)
712 2225 826 2260 hehm
851 2224 888 2259 P
963 2226 1007 2258 20
1034 2198 1179 2258 -v1i’11·
1204 2222 1242 2258 Ρ
1315 2225 1358 2257 21
1383 2221 1477 2256 heh-

152 2288 218 2321 uo}
235 2274 272 2310 Ρ
340 2278 385 2310 24
410 2274 525 2308 hchm
553 2272 589 2306 P
1471 2278 1479 2300 3
