1526 2444
146 79 232 121 120
664 80 763 116 SAT.
789 80 918 116 LIBRI
943 81 960 115 1

148 186 300 241 quibus
332 186 520 228 maxime
550 186 594 227 id
619 187 777 229 animal
800 187 928 241 ualet,
960 188 1070 230 sicut
1094 189 1159 230 sol
1184 189 1325 232 radiis.
1371 205 1470 233 nam
1515 225 1517 230 Α

152 247 195 285 et
227 244 338 298 apud
369 243 554 286 Graecos
585 244 668 286 ἀπὸ
699 250 777 287 τοῦ
806 244 916 300 κάρα
945 247 1065 301 nodos·
1096 247 1346 301 appellatur.

83 302 141 344 20
271 302 488 344 Taurum
518 316 618 344 uero
650 302 704 343 ad
728 303 860 344 solem
885 303 1033 345 referri
1058 305 1283 359 multiplici
1308 306 1471 348 ratione

149 360 392 415 Aegyptius
429 360 568 401 cultus
601 360 803 415 ostendit,
840 362 909 402 uel
940 362 1038 416 quia
1070 362 1181 416 apud
1211 362 1471 417 Heliopolim
1510 383 1511 386 ¹

147 420 316 459 taurum
345 417 427 459 soli
452 419 755 484 consecratum,
781 432 905 473 quem
928 417 1133 461 Mneuin
1157 422 1471 476 cognominant,

149 475 331 516 maxime
363 476 518 530 colunt,
548 476 616 516 uel
648 476 748 530 quia
777 476 855 518 bos
881 475 988 531 Apis
1018 477 1063 517 in
1089 478 1260 519 ciuitate
1285 478 1395 520 Mem
1397 479 1471 534 phi

151 533 254 575 solis
291 533 427 575 instar
464 508 689 587 excipitur,
724 534 793 575 uel
824 534 924 588 quia
956 535 1001 575 in
1031 535 1185 589 oppido
1218 494 1473 579 Hermunlthi

151 591 376 645 magnifico
414 591 627 646 Apollinis
666 592 825 645 templo
869 597 1160 634 consecratum
1206 594 1285 635 soli
1328 595 1473 637 colunt

147 652 342 703 taurum,
391 648 524 691 Bacin
572 649 942 705 cognominantes,
996 650 1209 706 insignem
1257 652 1472 694 miraculis

80 707 135 748 21
153 707 499 748 conuenientibus
542 709 719 748 naturae
763 707 877 750 solis.
942 722 1040 749 nam
1083 711 1126 750 et
1166 723 1241 763 per
1285 711 1472 764 singulas
1507 716 1511 717 ’

151 765 278 807 horas
323 767 487 806 mutare
525 765 687 807 colores
726 764 996 820 adfirmatur,
1040 769 1083 807 et
1118 766 1307 809 hirsutus
1345 769 1473 811 saetis

151 822 305 864 dicitur
323 823 369 863 in
384 822 607 864 aduersum
625 823 895 864 nascentibus
909 826 1056 865 contra
1074 826 1272 866 naturam
1287 826 1474 868 omnium
1508 838 1510 841 ’

152 880 411 922 animalium.
461 880 570 921 unde
600 880 781 922 habetur
811 881 930 922 uelut
959 882 1100 937 imago
1127 883 1229 924 solis
1259 884 1304 924 in
1327 883 1475 925 aduer-
1508 908 1511 910 -

152 952 242 980 sam
273 938 418 979 mundi
447 940 613 992 partem
644 938 830 980 nitentis.

78 996 135 1038 22
266 995 461 1037 Gemini
511 998 677 1048 autem,
733 996 804 1051 qui
853 997 1026 1038 alternis
1075 998 1285 1039 mortibus
1333 999 1475 1041 uiuere
1503 1044 1507 1047 ,

151 1053 401 1107 creduntur,
443 1053 543 1107 quid
586 1053 700 1095 aliud
742 1054 825 1095 nisi
868 1054 1001 1096 solem
1044 1069 1174 1096 unum
1218 1056 1476 1111 eundemque

151 1111 396 1167 significant
431 1111 557 1153 modo
595 1111 917 1153 descendentem
953 1113 999 1153 in
1032 1113 1119 1154 ima
1148 1114 1314 1168 mundi,
1349 1114 1503 1174 modo¹

149 1169 295 1211 mundi
326 1170 371 1210 in
403 1183 612 1211 summam
643 1169 908 1211 altitudinem
939 1172 1259 1225 resurgentem?

79 1227 137 1269 23
271 1226 464 1269 Cancer
495 1227 668 1281 obliquo
700 1241 847 1281 gressu
878 1227 978 1281 quid
1010 1229 1122 1270 aliud
1152 1229 1237 1270 nisi
1267 1229 1349 1271 iter
1374 1230 1475 1272 solis

150 1284 354 1340 ostendit,
398 1285 469 1339 qui
510 1285 624 1326 uiam
667 1299 900 1339 numquam
935 1289 1097 1328 rectam
1134 1286 1205 1328 sed
1241 1301 1316 1341 per
1356 1288 1475 1330 illam

149 1357 317 1396 semper
347 1357 487 1384 meare
519 1342 693 1384 sortitus
725 1346 801 1397 est,

314 1423 509 1478 obliquus
541 1438 625 1478 qua
657 1438 700 1465 se
732 1425 950 1480 signorum
982 1427 1166 1467 uerteret
1197 1426 1311 1480 ordo,

149 1505 415 1559 maximeque
451 1505 498 1546 in
533 1504 606 1546 illo
645 1505 768 1559 signo
806 1506 870 1547 sol
909 1521 933 1547 a
969 1520 1094 1548 cursu
1137 1521 1287 1561 supero
1325 1495 1503 1561 incipit⁴

151 1562 348 1628 opliquus
386 1562 589 1604 inferiora
625 1563 711 1605 iam
747 1565 901 1617 petere.
961 1563 1025 1605 De
1056 1563 1195 1606 Leone
1231 1565 1317 1606 iam
1349 1580 1502 1627 supra?

80 1677 139 1719 24
150 1621 428 1732 ὼοωιῖἳίξὲἒ)
466 1680 625 1730 autem,
663 1691 769 1730 quae
809 1692 939 1720 manu
976 1679 1151 1721 aristam
1187 1679 1333 1734 refert,
1375 1680 1474 1734 quid

153 1735 270 1776 aliud
301 1750 427 1790 quam
458 1735 642 1789 δύναμις
665 1735 832 1790 ἡλιακή,
863 1751 969 1790 quae
999 1736 1206 1779 fructibus
1238 1738 1385 1779 curat?
1433 1741 1476 1780 et

149 1793 244 1834 ideo
293 1792 508 1834 Iustitia
556 1793 760 1847 creditur,
808 1808 914 1848 quae
964 1795 1056 1836 sola
1105 1795 1207 1837 facit
1255 1798 1474 1838 nascentes

151 1851 314 1892 fructus
346 1851 399 1891 ad
429 1865 529 1892 usus
561 1850 780 1892 hominum
812 1852 1042 1905 peruenire.

246 2002 289 2033 22
316 1998 425 2043 Verg.
452 1998 584 2044 Georg.
611 1999 627 2032 Ι
652 2003 718 2034 239

245 2141 266 2171 5
291 2136 443 2172 Mneuin
466 2137 655 2173 Sezdenus:
680 2125 840 2174 nesston
868 2139 911 2182 P,
936 2139 1073 2174 neuton
1096 2139 1132 2173 B
1204 2142 1224 2173 6
1244 2150 1340 2174 mem
1368 2139 1426 2174 h1s
1442 2139 1479 2174 P

152 2187 173 2218 9
198 2183 296 2219 baon
319 2183 367 2228 B,
394 2184 516 2219 BAGN
543 2185 563 2219 b
655 2188 695 2219 11
723 2185 832 2219 horas
851 2187 1003 2221 naturae
1028 2181 1073 2219 B'
1157 2185 1289 2220 irfutus
1307 2186 1344 2220 P
1430 2188 1472 2220 13

151 2230 269 2264 ueluti
294 2240 427 2274 magno
449 2230 454 2276 Ι
476 2229 562 2265 rohs
582 2241 619 2265 1n
644 2230 824 2266 dmerram
850 2231 887 2265 P
989 2235 1034 2266 20
1058 2234 1268 2276 ῃοηιιιηᾳυεῖ
1294 2232 1331 2266 Β
1429 2234 1472 2266 21

150 2286 316 2312 mereare
341 2274 387 2311 B'
460 2280 505 2312 24
529 2276 635 2321 supra
658 2287 732 2312 1am
760 2277 796 2311 P
864 2281 907 2312 27
934 2279 1118 2313 ΔΙΝΛΜΙΕ
1141 2278 1177 2313 Β
1250 2279 1411 2313 ΗΔΙΔΚΗ
1439 2277 1488 2318 P,
