<?xml version="1.0" encoding="UTF-8"?>
<!DOCTYPE html PUBLIC "-//W3C//DTD XHTML 1.0 Transitional//EN"
    "http://www.w3.org/TR/xhtml1/DTD/xhtml1-transitional.dtd">
<html xmlns="http://www.w3.org/1999/xhtml" xml:lang="en" lang="en">
 <head>
  <title>
</title>
<meta http-equiv="Content-Type" content="text/html;charset=utf-8" />
  <meta name='ocr-system' content='tesseract 3.04.00' />
  <meta name='ocr-capabilities' content='ocr_page ocr_carea ocr_par ocr_line ocrx_word'/>
</head>
<body>
  <div class='ocr_page' id='page_1' title='image "./macrobiusfrancis00macruoft_0508.png"; bbox 0 0 1526 2444; ppageno 0'>
   <div class='ocr_carea' id='block_1_1' title="bbox 141 48 1157 124">
    <p class='ocr_par' dir='ltr' id='par_1_1' title="bbox 141 48 1157 124">
     <span class='ocr_line' id='line_1_1' title="bbox 141 48 1157 124; baseline -0.01 -5"><span class='ocrx_word' id='word_1_1' title='bbox 141 77 227 119; x_wconf 84' lang='lat'><strong>496</strong></span> <span class='ocrx_word' id='word_1_2' title='bbox 288 120 291 124; x_wconf 68' lang='grc'><em>,</em></span> <span class='ocrx_word' id='word_1_3' title='bbox 399 73 404 79; x_wconf 90' lang='grc'>·</span> <span class='ocrx_word' id='word_1_4' title='bbox 383 48 584 112; x_wconf 62' lang='lat' dir='ltr'><strong>&#39;coMmfi</strong></span> <span class='ocrx_word' id='word_1_5' title='bbox 609 76 662 111; x_wconf 92' lang='lat' dir='ltr'><strong>1N</strong></span> <span class='ocrx_word' id='word_1_6' title='bbox 686 74 1157 111; x_wconf 78' lang='lat' dir='ltr'><strong>soMN.so1P.L113R11</strong></span> 
     </span>
    </p>
   </div>
   <div class='ocr_carea' id='block_1_2' title="bbox 103 157 1462 752">
    <p class='ocr_par' dir='ltr' id='par_1_2' title="bbox 103 157 1462 752">
     <span class='ocr_line' id='line_1_2' title="bbox 134 157 1460 245; baseline -0.003 -20.976"><span class='ocrx_word' id='word_1_7' title='bbox 134 157 274 237; x_wconf 85' lang='lat' dir='ltr'><strong>usque</strong></span> <span class='ocrx_word' id='word_1_8' title='bbox 295 182 348 224; x_wconf 90' lang='lat' dir='ltr'><strong>ad</strong></span> <span class='ocrx_word' id='word_1_9' title='bbox 367 183 475 235; x_wconf 84' lang='lat' dir='ltr'><strong>octo,</strong></span> <span class='ocrx_word' id='word_1_10' title='bbox 506 195 530 222; x_wconf 90' lang='lat' dir='ltr'><strong>a</strong></span> <span class='ocrx_word' id='word_1_11' title='bbox 549 180 714 234; x_wconf 73' lang='lat' dir='ltr'><strong>triplari</strong></span> <span class='ocrx_word' id='word_1_12' title='bbox 739 195 870 235; x_wconf 87' lang='lat' dir='ltr'><strong>usque</strong></span> <span class='ocrx_word' id='word_1_13' title='bbox 896 180 947 222; x_wconf 86' lang='lat' dir='ltr'><strong>ad</strong></span> <span class='ocrx_word' id='word_1_14' title='bbox 966 179 1121 245; x_wconf 79' lang='lat' dir='ltr'><strong>uiginti</strong></span> <span class='ocrx_word' id='word_1_15' title='bbox 1146 181 1308 233; x_wconf 87' lang='lat' dir='ltr'><strong>septem</strong></span> <span class='ocrx_word' id='word_1_16' title='bbox 1327 180 1460 220; x_wconf 85' lang='lat' dir='ltr'><strong>staret</strong></span> 
     </span>
     <span class='ocr_line' id='line_1_3' title="bbox 103 236 1459 303; baseline -0.004 -21"><span class='ocrx_word' id='word_1_17' title='bbox 103 244 129 286; x_wconf 87' lang='lat'><strong>3</strong></span> <span class='ocrx_word' id='word_1_18' title='bbox 145 239 384 294; x_wconf 85' lang='lat' dir='ltr'><strong>alternatio</strong></span> <span class='ocrx_word' id='word_1_19' title='bbox 391 239 646 303; x_wconf 70' lang='lat' dir='ltr'><strong>mutuandi.</strong></span> <span class='ocrx_word' id='word_1_20' title='bbox 709 238 755 279; x_wconf 91' lang='lat' dir='ltr'><strong>hi</strong></span> <span class='ocrx_word' id='word_1_21' title='bbox 798 239 909 280; x_wconf 90' lang='lat' dir='ltr'><strong>enim</strong></span> <span class='ocrx_word' id='word_1_22' title='bbox 951 238 1078 292; x_wconf 91' lang='lat' dir='ltr'><strong>primi</strong></span> <span class='ocrx_word' id='word_1_23' title='bbox 1121 237 1216 279; x_wconf 90' lang='lat' dir='ltr'><strong>cubi</strong></span> <span class='ocrx_word' id='word_1_24' title='bbox 1251 236 1459 290; x_wconf 77' lang='lat' dir='ltr'><strong>utrimque</strong></span> 
     </span>
     <span class='ocr_line' id='line_1_4' title="bbox 128 291 1460 350; baseline -0.004 -10.943"><span class='ocrx_word' id='word_1_25' title='bbox 128 291 391 346; x_wconf 73' lang='lat' dir='ltr'><strong>nascuntur,</strong></span> <span class='ocrx_word' id='word_1_26' title='bbox 430 296 465 336; x_wconf 86' lang='lat' dir='ltr'><strong>si</strong></span> <span class='ocrx_word' id='word_1_27' title='bbox 502 296 668 349; x_wconf 88' lang='lat' dir='ltr'><strong>quidem</strong></span> <span class='ocrx_word' id='word_1_28' title='bbox 705 310 729 337; x_wconf 88' lang='lat' dir='ltr'><strong>a</strong></span> <span class='ocrx_word' id='word_1_29' title='bbox 759 296 931 350; x_wconf 88' lang='lat' dir='ltr'><strong>paribus</strong></span> <span class='ocrx_word' id='word_1_30' title='bbox 961 295 1027 337; x_wconf 89' lang='lat' dir='ltr'><strong>bis</strong></span> <span class='ocrx_word' id='word_1_31' title='bbox 1064 295 1183 348; x_wconf 90' lang='lat' dir='ltr'><strong>bina,</strong></span> <span class='ocrx_word' id='word_1_32' title='bbox 1221 307 1326 348; x_wconf 88' lang='lat' dir='ltr'><strong>quae</strong></span> <span class='ocrx_word' id='word_1_33' title='bbox 1363 296 1460 335; x_wconf 77' lang='lat' dir='ltr'><strong>sunt</strong></span> 
     </span>
     <span class='ocr_line' id='line_1_5' title="bbox 145 352 1461 408; baseline -0.002 -13"><span class='ocrx_word' id='word_1_34' title='bbox 145 357 354 408; x_wconf 84' lang='lat' dir='ltr'><strong>quattuor,</strong></span> <span class='ocrx_word' id='word_1_35' title='bbox 386 354 647 407; x_wconf 85' lang='lat' dir='ltr'><strong>superficiem</strong></span> <span class='ocrx_word' id='word_1_36' title='bbox 677 353 857 407; x_wconf 86' lang='lat' dir='ltr'><strong>faciunt,</strong></span> <span class='ocrx_word' id='word_1_37' title='bbox 887 353 951 394; x_wconf 84' lang='lat' dir='ltr'><strong>bis</strong></span> <span class='ocrx_word' id='word_1_38' title='bbox 982 352 1084 394; x_wconf 88' lang='lat' dir='ltr'><strong>bina</strong></span> <span class='ocrx_word' id='word_1_39' title='bbox 1113 352 1196 405; x_wconf 88' lang='lat' dir='ltr'><strong>bis,</strong></span> <span class='ocrx_word' id='word_1_40' title='bbox 1228 365 1333 405; x_wconf 90' lang='lat' dir='ltr'><strong>quae</strong></span> <span class='ocrx_word' id='word_1_41' title='bbox 1365 353 1461 392; x_wconf 82' lang='lat' dir='ltr'><strong>sunt</strong></span> 
     </span>
     <span class='ocr_line' id='line_1_6' title="bbox 144 409 1460 466; baseline -0.003 -13"><span class='ocrx_word' id='word_1_42' title='bbox 144 415 252 466; x_wconf 87' lang='lat' dir='ltr'><strong>octo,</strong></span> <span class='ocrx_word' id='word_1_43' title='bbox 283 425 435 465; x_wconf 85' lang='lat' dir='ltr'><strong>corpus</strong></span> <span class='ocrx_word' id='word_1_44' title='bbox 462 411 644 452; x_wconf 87' lang='lat' dir='ltr'><strong>solidum</strong></span> <span class='ocrx_word' id='word_1_45' title='bbox 667 411 846 464; x_wconf 84' lang='lat' dir='ltr'><strong>fingunt,</strong></span> <span class='ocrx_word' id='word_1_46' title='bbox 877 425 902 451; x_wconf 89' lang='lat' dir='ltr'><strong>a</strong></span> <span class='ocrx_word' id='word_1_47' title='bbox 927 409 1087 462; x_wconf 84' lang='lat' dir='ltr'><strong>dispari</strong></span> <span class='ocrx_word' id='word_1_48' title='bbox 1117 423 1216 451; x_wconf 91' lang='lat' dir='ltr'><strong>uero</strong></span> <span class='ocrx_word' id='word_1_49' title='bbox 1241 413 1306 450; x_wconf 83' lang='lat' dir='ltr'><strong>ter</strong></span> <span class='ocrx_word' id='word_1_50' title='bbox 1329 410 1460 461; x_wconf 85' lang='lat' dir='ltr'><strong>terna,</strong></span> 
     </span>
     <span class='ocr_line' id='line_1_7' title="bbox 144 467 1462 523; baseline -0.003 -13"><span class='ocrx_word' id='word_1_51' title='bbox 144 483 251 523; x_wconf 86' lang='lat' dir='ltr'><strong>quae</strong></span> <span class='ocrx_word' id='word_1_52' title='bbox 277 471 376 510; x_wconf 86' lang='lat' dir='ltr'><strong>sunt</strong></span> <span class='ocrx_word' id='word_1_53' title='bbox 398 482 563 522; x_wconf 81' lang='lat' dir='ltr'><strong>nouem,</strong></span> <span class='ocrx_word' id='word_1_54' title='bbox 589 468 850 521; x_wconf 87' lang='lat' dir='ltr'><strong>superficiem</strong></span> <span class='ocrx_word' id='word_1_55' title='bbox 874 467 1066 520; x_wconf 74' lang='lat' dir='ltr'><strong>reddunt,</strong></span> <span class='ocrx_word' id='word_1_56' title='bbox 1091 469 1133 508; x_wconf 89' lang='lat' dir='ltr'><strong>et</strong></span> <span class='ocrx_word' id='word_1_57' title='bbox 1150 469 1215 507; x_wconf 88' lang='lat' dir='ltr'><strong>ter</strong></span> <span class='ocrx_word' id='word_1_58' title='bbox 1239 469 1361 507; x_wconf 88' lang='lat' dir='ltr'><strong>terna</strong></span> <span class='ocrx_word' id='word_1_59' title='bbox 1384 468 1462 518; x_wconf 86' lang='lat' dir='ltr'><strong>ter,</strong></span> 
     </span>
     <span class='ocr_line' id='line_1_8' title="bbox 143 524 1461 580; baseline -0.004 -12"><span class='ocrx_word' id='word_1_60' title='bbox 143 527 186 567; x_wconf 88' lang='lat' dir='ltr'><strong>id</strong></span> <span class='ocrx_word' id='word_1_61' title='bbox 218 528 282 568; x_wconf 87' lang='lat' dir='ltr'><strong>est</strong></span> <span class='ocrx_word' id='word_1_62' title='bbox 311 528 375 567; x_wconf 82' lang='lat' dir='ltr'><strong>ter</strong></span> <span class='ocrx_word' id='word_1_63' title='bbox 405 540 590 580; x_wconf 85' lang='lat' dir='ltr'><strong>nouena,</strong></span> <span class='ocrx_word' id='word_1_64' title='bbox 620 539 726 579; x_wconf 87' lang='lat' dir='ltr'><strong>quae</strong></span> <span class='ocrx_word' id='word_1_65' title='bbox 757 527 857 566; x_wconf 89' lang='lat' dir='ltr'><strong>sunt</strong></span> <span class='ocrx_word' id='word_1_66' title='bbox 893 524 1047 579; x_wconf 85' lang='lat' dir='ltr'><strong>uiginti</strong></span> <span class='ocrx_word' id='word_1_67' title='bbox 1077 526 1250 578; x_wconf 86' lang='lat' dir='ltr'><strong>septem,</strong></span> <span class='ocrx_word' id='word_1_68' title='bbox 1279 526 1461 577; x_wconf 87' lang='lat' dir='ltr'><strong>primum</strong></span> 
     </span>
     <span class='ocr_line' id='line_1_9' title="bbox 145 580 1460 638; baseline -0.005 -12"><span class='ocrx_word' id='word_1_69' title='bbox 145 598 276 638; x_wconf 88' lang='lat' dir='ltr'><strong>aeque</strong></span> <span class='ocrx_word' id='word_1_70' title='bbox 307 584 460 625; x_wconf 89' lang='lat' dir='ltr'><strong>cubum</strong></span> <span class='ocrx_word' id='word_1_71' title='bbox 491 583 662 625; x_wconf 83' lang='lat' dir='ltr'><strong>alterius</strong></span> <span class='ocrx_word' id='word_1_72' title='bbox 693 583 827 637; x_wconf 89' lang='lat' dir='ltr'><strong>partis</strong></span> <span class='ocrx_word' id='word_1_73' title='bbox 865 581 1065 624; x_wconf 88' lang='lat' dir='ltr'><strong>efficiunt.</strong></span> <span class='ocrx_word' id='word_1_74' title='bbox 1123 581 1232 623; x_wconf 88' lang='lat' dir='ltr'><strong>unde</strong></span> <span class='ocrx_word' id='word_1_75' title='bbox 1268 580 1460 634; x_wconf 87' lang='lat' dir='ltr'><strong>intellegi</strong></span> 
     </span>
     <span class='ocr_line' id='line_1_10' title="bbox 145 636 1462 695; baseline -0.004 -12"><span class='ocrx_word' id='word_1_76' title='bbox 145 642 281 695; x_wconf 87' lang='lat' dir='ltr'><strong>datur,</strong></span> <span class='ocrx_word' id='word_1_77' title='bbox 310 641 390 683; x_wconf 85' lang='lat' dir='ltr'><strong>hos</strong></span> <span class='ocrx_word' id='word_1_78' title='bbox 416 641 519 683; x_wconf 88' lang='lat' dir='ltr'><strong>duos</strong></span> <span class='ocrx_word' id='word_1_79' title='bbox 550 654 758 694; x_wconf 84' lang='lat' dir='ltr'><strong>numeros,</strong></span> <span class='ocrx_word' id='word_1_80' title='bbox 789 642 885 681; x_wconf 86' lang='lat' dir='ltr'><strong>octo</strong></span> <span class='ocrx_word' id='word_1_81' title='bbox 911 639 1004 680; x_wconf 91' lang='lat' dir='ltr'><strong>dico</strong></span> <span class='ocrx_word' id='word_1_82' title='bbox 1036 641 1078 680; x_wconf 90' lang='lat' dir='ltr'><strong>et</strong></span> <span class='ocrx_word' id='word_1_83' title='bbox 1108 641 1281 692; x_wconf 80' lang='lat' dir='ltr'><strong>septem,</strong></span> <span class='ocrx_word' id='word_1_84' title='bbox 1312 637 1384 691; x_wconf 91' lang='lat' dir='ltr'><strong>qui</strong></span> <span class='ocrx_word' id='word_1_85' title='bbox 1409 636 1462 679; x_wconf 82' lang='lat' dir='ltr'><strong>ad</strong></span> 
     </span>
     <span class='ocr_line' id='line_1_11' title="bbox 144 693 1462 752; baseline -0.005 -12"><span class='ocrx_word' id='word_1_86' title='bbox 144 699 538 752; x_wconf 75' lang='lat' dir='ltr'><strong>multiplicationem</strong></span> <span class='ocrx_word' id='word_1_87' title='bbox 577 712 783 740; x_wconf 89' lang='lat' dir='ltr'><strong>annorum</strong></span> <span class='ocrx_word' id='word_1_88' title='bbox 818 697 994 751; x_wconf 85' lang='lat' dir='ltr'><strong>perfecti</strong></span> <span class='ocrx_word' id='word_1_89' title='bbox 1033 697 1076 737; x_wconf 92' lang='lat' dir='ltr'><strong>in</strong></span> <span class='ocrx_word' id='word_1_90' title='bbox 1106 710 1151 737; x_wconf 89' lang='lat' dir='ltr'><strong>re</strong></span> <span class='ocrx_word' id='word_1_91' title='bbox 1180 695 1351 750; x_wconf 87' lang='lat' dir='ltr'><strong>publica</strong></span> <span class='ocrx_word' id='word_1_92' title='bbox 1381 693 1462 735; x_wconf 86' lang='lat' dir='ltr'><strong>uiri</strong></span> 
     </span>
    </p>
   </div>
   <div class='ocr_carea' id='block_1_3' title="bbox 1481 706 1516 732">
    <p class='ocr_par' dir='ltr' id='par_1_3' title="bbox 1481 706 1516 732">
     <span class='ocr_line' id='line_1_12' title="bbox 1481 706 1516 732; baseline 0 0"><span class='ocrx_word' id='word_1_93' title='bbox 1481 706 1516 732; x_wconf 81' lang='lat'><strong>10</strong></span> 
     </span>
    </p>
   </div>
   <div class='ocr_carea' id='block_1_4' title="bbox 145 751 1526 809">
    <p class='ocr_par' dir='ltr' id='par_1_4' title="bbox 145 751 1526 809">
     <span class='ocr_line' id='line_1_13' title="bbox 145 751 1526 809; baseline -0.004 -11"><span class='ocrx_word' id='word_1_94' title='bbox 145 759 444 809; x_wconf 86' lang='lat' dir='ltr'><strong>conuenerunt,</strong></span> <span class='ocrx_word' id='word_1_95' title='bbox 475 756 588 797; x_wconf 85' lang='lat' dir='ltr'><strong>solos</strong></span> <span class='ocrx_word' id='word_1_96' title='bbox 618 755 791 797; x_wconf 87' lang='lat' dir='ltr'><strong>idoneos</strong></span> <span class='ocrx_word' id='word_1_97' title='bbox 823 755 876 795; x_wconf 86' lang='lat' dir='ltr'><strong>ad</strong></span> <span class='ocrx_word' id='word_1_98' title='bbox 907 754 1172 795; x_wconf 86' lang='lat' dir='ltr'><strong>efficiendam</strong></span> <span class='ocrx_word' id='word_1_99' title='bbox 1199 752 1343 794; x_wconf 90' lang='lat' dir='ltr'><strong>mundi</strong></span> <span class='ocrx_word' id='word_1_100' title='bbox 1373 751 1462 793; x_wconf 85' lang='lat' dir='ltr'><strong>ani-</strong></span> <span class='ocrx_word' id='word_1_101' title='bbox 1524 791 1526 793; x_wconf 84' lang='grc'><em>,</em></span> 
     </span>
    </p>
   </div>
   <div class='ocr_carea' id='block_1_5' title="bbox 105 812 1462 1151">
    <p class='ocr_par' dir='ltr' id='par_1_5' title="bbox 105 812 1462 1151">
     <span class='ocr_line' id='line_1_14' title="bbox 145 812 1462 868; baseline -0.004 -13"><span class='ocrx_word' id='word_1_102' title='bbox 145 828 258 856; x_wconf 88' lang='lat' dir='ltr'><strong>mam</strong></span> <span class='ocrx_word' id='word_1_103' title='bbox 289 813 515 866; x_wconf 83' lang='lat' dir='ltr'><strong>iudicatos,</strong></span> <span class='ocrx_word' id='word_1_104' title='bbox 555 813 654 868; x_wconf 89' lang='lat' dir='ltr'><strong>quia</strong></span> <span class='ocrx_word' id='word_1_105' title='bbox 682 812 791 853; x_wconf 90' lang='lat' dir='ltr'><strong>nihil</strong></span> <span class='ocrx_word' id='word_1_106' title='bbox 827 814 926 866; x_wconf 87' lang='lat' dir='ltr'><strong>post</strong></span> <span class='ocrx_word' id='word_1_107' title='bbox 956 813 1170 853; x_wconf 82' lang='lat' dir='ltr'><strong>auctorem</strong></span> <span class='ocrx_word' id='word_1_108' title='bbox 1200 812 1341 865; x_wconf 77' lang='lat' dir='ltr'><strong>potest</strong></span> <span class='ocrx_word' id='word_1_109' title='bbox 1372 823 1462 850; x_wconf 87' lang='lat' dir='ltr'><strong>esse</strong></span> 
     </span>
     <span class='ocr_line' id='line_1_15' title="bbox 105 867 1461 925; baseline -0.004 -12"><span class='ocrx_word' id='word_1_110' title='bbox 105 871 384 925; x_wconf 87' lang='lat' dir='ltr'><strong>4perfectius.</strong></span> <span class='ocrx_word' id='word_1_111' title='bbox 443 870 523 912; x_wconf 89' lang='lat' dir='ltr'><strong>hoc</strong></span> <span class='ocrx_word' id='word_1_112' title='bbox 555 884 719 924; x_wconf 90' lang='lat' dir='ltr'><strong>quoque</strong></span> <span class='ocrx_word' id='word_1_113' title='bbox 749 869 983 911; x_wconf 87' lang='lat' dir='ltr'><strong>notandum</strong></span> <span class='ocrx_word' id='word_1_114' title='bbox 1016 871 1097 919; x_wconf 85' lang='lat' dir='ltr'><strong>est,</strong></span> <span class='ocrx_word' id='word_1_115' title='bbox 1129 868 1240 922; x_wconf 91' lang='lat' dir='ltr'><strong>quod</strong></span> <span class='ocrx_word' id='word_1_116' title='bbox 1271 867 1461 920; x_wconf 83' lang='lat' dir='ltr'><strong>superius</strong></span> 
     </span>
     <span class='ocr_line' id='line_1_16' title="bbox 147 924 1462 980; baseline -0.004 -10"><span class='ocrx_word' id='word_1_117' title='bbox 147 929 388 971; x_wconf 84' lang='lat' dir='ltr'><strong>adserentes</strong></span> <span class='ocrx_word' id='word_1_118' title='bbox 408 942 673 969; x_wconf 87' lang='lat' dir='ltr'><strong>communem</strong></span> <span class='ocrx_word' id='word_1_119' title='bbox 698 941 969 968; x_wconf 80' lang='lat' dir='ltr'><strong>numerorum</strong></span> <span class='ocrx_word' id='word_1_120' title='bbox 997 926 1186 967; x_wconf 89' lang='lat' dir='ltr'><strong>omnium</strong></span> <span class='ocrx_word' id='word_1_121' title='bbox 1211 924 1462 980; x_wconf 84' lang='lat' dir='ltr'><strong>dignitatem</strong></span> 
     </span>
     <span class='ocr_line' id='line_1_17' title="bbox 147 983 1461 1040; baseline -0.004 -13"><span class='ocrx_word' id='word_1_122' title='bbox 147 986 406 1040; x_wconf 85' lang='lat' dir='ltr'><strong>antiquiores</strong></span> <span class='ocrx_word' id='word_1_123' title='bbox 443 999 513 1027; x_wconf 87' lang='lat' dir='ltr'><strong>eos</strong></span> <span class='ocrx_word' id='word_1_124' title='bbox 551 985 769 1039; x_wconf 86' lang='lat' dir='ltr'><strong>superficie</strong></span> <span class='ocrx_word' id='word_1_125' title='bbox 806 987 849 1025; x_wconf 89' lang='lat' dir='ltr'><strong>et</strong></span> <span class='ocrx_word' id='word_1_126' title='bbox 884 984 1009 1025; x_wconf 85' lang='lat' dir='ltr'><strong>lineis</strong></span> <span class='ocrx_word' id='word_1_127' title='bbox 1053 984 1141 1024; x_wconf 87' lang='lat' dir='ltr'><strong>eius</strong></span> <span class='ocrx_word' id='word_1_128' title='bbox 1184 983 1461 1035; x_wconf 83' lang='lat' dir='ltr'><strong>omnibusque</strong></span> 
     </span>
     <span class='ocr_line' id='line_1_18' title="bbox 147 1039 1462 1108; baseline -0.005 -23"><span class='ocrx_word' id='word_1_129' title='bbox 147 1043 394 1098; x_wconf 88' lang='lat' dir='ltr'><strong>corporibus</strong></span> <span class='ocrx_word' id='word_1_130' title='bbox 426 1042 703 1096; x_wconf 83' lang='lat' dir='ltr'><strong>ostendimus,</strong></span> <span class='ocrx_word' id='word_1_131' title='bbox 733 1041 962 1108; x_wconf 83' lang='lat' dir='ltr'><strong>procedens</strong></span> <span class='ocrx_word' id='word_1_132' title='bbox 994 1043 1134 1082; x_wconf 79' lang='lat' dir='ltr'><strong>autem</strong></span> <span class='ocrx_word' id='word_1_133' title='bbox 1165 1042 1370 1086; x_wconf 68' lang='lat' dir='ltr'><strong>tractatus</strong></span> <span class='ocrx_word' id='word_1_134' title='bbox 1402 1039 1462 1079; x_wconf 89' lang='lat' dir='ltr'><strong>in·</strong></span> 
     </span>
     <span class='ocr_line' id='line_1_19' title="bbox 146 1096 1462 1151; baseline -0.005 -9"><span class='ocrx_word' id='word_1_135' title='bbox 146 1102 264 1142; x_wconf 89' lang='lat' dir='ltr'><strong>uenit</strong></span> <span class='ocrx_word' id='word_1_136' title='bbox 299 1114 496 1142; x_wconf 86' lang='lat' dir='ltr'><strong>numeros</strong></span> <span class='ocrx_word' id='word_1_137' title='bbox 529 1103 571 1141; x_wconf 84' lang='lat' dir='ltr'><strong>et</strong></span> <span class='ocrx_word' id='word_1_138' title='bbox 601 1103 697 1141; x_wconf 85' lang='lat' dir='ltr'><strong>ante</strong></span> <span class='ocrx_word' id='word_1_139' title='bbox 729 1100 914 1141; x_wconf 90' lang='lat' dir='ltr'><strong>animam</strong></span> <span class='ocrx_word' id='word_1_140' title='bbox 951 1098 1096 1139; x_wconf 88' lang='lat' dir='ltr'><strong>mundi</strong></span> <span class='ocrx_word' id='word_1_141' title='bbox 1125 1097 1275 1151; x_wconf 82' lang='lat' dir='ltr'><strong>fuisse,</strong></span> <span class='ocrx_word' id='word_1_142' title='bbox 1312 1096 1462 1150; x_wconf 83' lang='lat' dir='ltr'><strong>quibus</strong></span> 
     </span>
    </p>
   </div>
   <div class='ocr_carea' id='block_1_6' title="bbox 1482 992 1516 1019">
    <p class='ocr_par' dir='ltr' id='par_1_6' title="bbox 1482 992 1516 1019">
     <span class='ocr_line' id='line_1_20' title="bbox 1482 992 1516 1019; baseline 0 0"><span class='ocrx_word' id='word_1_143' title='bbox 1482 992 1516 1019; x_wconf 80' lang='lat'><strong>1⁵</strong></span> 
     </span>
    </p>
   </div>
   <div class='ocr_carea' id='block_1_7' title="bbox 146 1155 1463 1212">
    <p class='ocr_par' dir='ltr' id='par_1_7' title="bbox 146 1155 1463 1212">
     <span class='ocr_line' id='line_1_21' title="bbox 146 1155 1463 1212; baseline -0.005 -12"><span class='ocrx_word' id='word_1_144' title='bbox 146 1159 265 1200; x_wconf 82' lang='lat' dir='ltr'><strong>illam</strong></span> <span class='ocrx_word' id='word_1_145' title='bbox 309 1160 548 1200; x_wconf 84' lang='lat' dir='ltr'><strong>contextam</strong></span> <span class='ocrx_word' id='word_1_146' title='bbox 591 1157 890 1212; x_wconf 84' lang='lat' dir='ltr'><strong>augustissima</strong></span> <span class='ocrx_word' id='word_1_147' title='bbox 931 1155 1096 1197; x_wconf 87' lang='lat' dir='ltr'><strong>Timaei</strong></span> <span class='ocrx_word' id='word_1_148' title='bbox 1137 1155 1247 1196; x_wconf 86' lang='lat' dir='ltr'><strong>ratio</strong></span> <span class='ocrx_word' id='word_1_149' title='bbox 1289 1156 1463 1195; x_wconf 84' lang='lat' dir='ltr'><strong>naturae</strong></span> 
     </span>
    </p>
   </div>
   <div class='ocr_carea' id='block_1_8' title="bbox 107 1211 1464 1270">
    <p class='ocr_par' dir='ltr' id='par_1_8' title="bbox 107 1211 1464 1270">
     <span class='ocr_line' id='line_1_22' title="bbox 107 1211 1464 1270; baseline -0.004 -12"><span class='ocrx_word' id='word_1_150' title='bbox 107 1216 280 1270; x_wconf 82' lang='lat' dir='ltr'><strong>5ipsius</strong></span> <span class='ocrx_word' id='word_1_151' title='bbox 323 1215 491 1257; x_wconf 84' lang='lat' dir='ltr'><strong>conscia</strong></span> <span class='ocrx_word' id='word_1_152' title='bbox 533 1215 654 1256; x_wconf 82' lang='lat' dir='ltr'><strong>testis</strong></span> <span class='ocrx_word' id='word_1_153' title='bbox 692 1214 909 1268; x_wconf 83' lang='lat' dir='ltr'><strong>expressit.</strong></span> <span class='ocrx_word' id='word_1_154' title='bbox 968 1213 1065 1254; x_wconf 91' lang='lat' dir='ltr'><strong>hinc</strong></span> <span class='ocrx_word' id='word_1_155' title='bbox 1102 1214 1183 1263; x_wconf 86' lang='lat' dir='ltr'><strong>est,</strong></span> <span class='ocrx_word' id='word_1_156' title='bbox 1225 1211 1335 1266; x_wconf 91' lang='lat' dir='ltr'><strong>quod</strong></span> <span class='ocrx_word' id='word_1_157' title='bbox 1370 1224 1464 1264; x_wconf 88' lang='lat' dir='ltr'><strong>pro-</strong></span> 
     </span>
    </p>
   </div>
   <div class='ocr_carea' id='block_1_9' title="bbox 130 1262 1526 1381">
    <p class='ocr_par' dir='ltr' id='par_1_9' title="bbox 130 1262 1526 1381">
     <span class='ocr_line' id='line_1_23' title="bbox 130 1262 1526 1324; baseline -0.005 -8.919"><span class='ocrx_word' id='word_1_158' title='bbox 130 1274 342 1315; x_wconf 87' lang='lat' dir='ltr'><strong>nuntiare</strong></span> <span class='ocrx_word' id='word_1_159' title='bbox 398 1287 484 1315; x_wconf 91' lang='lat' dir='ltr'><strong>non</strong></span> <span class='ocrx_word' id='word_1_160' title='bbox 545 1272 786 1313; x_wconf 88' lang='lat' dir='ltr'><strong>dubitauere</strong></span> <span class='ocrx_word' id='word_1_161' title='bbox 848 1271 1076 1324; x_wconf 79' lang='lat' dir='ltr'><strong>sapientes,</strong></span> <span class='ocrx_word' id='word_1_162' title='bbox 1135 1270 1319 1311; x_wconf 89' lang='lat' dir='ltr'><strong>animam</strong></span> <span class='ocrx_word' id='word_1_163' title='bbox 1374 1281 1463 1310; x_wconf 84' lang='lat' dir='ltr'><strong>esse</strong></span> <span class='ocrx_word' id='word_1_164' title='bbox 1481 1262 1526 1322; x_wconf 57' lang='lat'><strong>2⁴23</strong></span> 
     </span>
     <span class='ocr_line' id='line_1_24' title="bbox 146 1327 1462 1381; baseline -0.004 -9"><span class='ocrx_word' id='word_1_165' title='bbox 146 1345 367 1372; x_wconf 88' lang='lat' dir='ltr'><strong>numerum</strong></span> <span class='ocrx_word' id='word_1_166' title='bbox 408 1345 452 1371; x_wconf 89' lang='lat' dir='ltr'><strong>se</strong></span> <span class='ocrx_word' id='word_1_167' title='bbox 491 1332 744 1371; x_wconf 87' lang='lat' dir='ltr'><strong>mouentem.</strong></span> <span class='ocrx_word' id='word_1_168' title='bbox 802 1342 913 1370; x_wconf 88' lang='lat' dir='ltr'><strong>nunc</strong></span> <span class='ocrx_word' id='word_1_169' title='bbox 950 1328 1185 1381; x_wconf 80' lang='lat' dir='ltr'><strong>uideamus,</strong></span> <span class='ocrx_word' id='word_1_170' title='bbox 1221 1340 1293 1368; x_wconf 89' lang='lat' dir='ltr'><strong>cur</strong></span> <span class='ocrx_word' id='word_1_171' title='bbox 1330 1327 1526 1380; x_wconf 87' lang='lat' dir='ltr'><strong>septe·</strong></span> 
     </span>
    </p>
   </div>
   <div class='ocr_carea' id='block_1_10' title="bbox 146 1384 1463 1439">
    <p class='ocr_par' dir='ltr' id='par_1_10' title="bbox 146 1384 1463 1439">
     <span class='ocr_line' id='line_1_25' title="bbox 146 1384 1463 1439; baseline -0.004 -10"><span class='ocrx_word' id='word_1_172' title='bbox 146 1389 293 1430; x_wconf 85' lang='lat' dir='ltr'><strong>narius</strong></span> <span class='ocrx_word' id='word_1_173' title='bbox 323 1402 522 1429; x_wconf 88' lang='lat' dir='ltr'><strong>numerus</strong></span> <span class='ocrx_word' id='word_1_174' title='bbox 554 1401 630 1428; x_wconf 88' lang='lat' dir='ltr'><strong>suo</strong></span> <span class='ocrx_word' id='word_1_175' title='bbox 662 1401 851 1428; x_wconf 87' lang='lat' dir='ltr'><strong>seorsum</strong></span> <span class='ocrx_word' id='word_1_176' title='bbox 887 1385 1037 1427; x_wconf 86' lang='lat' dir='ltr'><strong>merito</strong></span> <span class='ocrx_word' id='word_1_177' title='bbox 1069 1385 1216 1439; x_wconf 87' lang='lat' dir='ltr'><strong>plenus</strong></span> <span class='ocrx_word' id='word_1_178' title='bbox 1247 1384 1463 1426; x_wconf 84' lang='lat' dir='ltr'><strong>habeatur.</strong></span> 
     </span>
    </p>
   </div>
   <div class='ocr_carea' id='block_1_11' title="bbox 1515 1376 1526 1435">
    <p class='ocr_par' dir='ltr' id='par_1_11' title="bbox 1515 1376 1526 1435">
     <span class='ocr_line' id='line_1_26' title="bbox 1515 1376 1526 1435; baseline 0 -12"><span class='ocrx_word' id='word_1_179' title='bbox 1515 1376 1526 1435; x_wconf 69' lang='lat'><strong>{5</strong></span> 
     </span>
    </p>
   </div>
   <div class='ocr_carea' id='block_1_12' title="bbox 109 1440 1526 1731">
    <p class='ocr_par' dir='ltr' id='par_1_12' title="bbox 109 1440 1526 1731">
     <span class='ocr_line' id='line_1_27' title="bbox 149 1440 1515 1499; baseline -0.004 -12"><span class='ocrx_word' id='word_1_180' title='bbox 149 1446 266 1488; x_wconf 85' lang='lat' dir='ltr'><strong>cuius</strong></span> <span class='ocrx_word' id='word_1_181' title='bbox 297 1448 345 1487; x_wconf 85' lang='lat' dir='ltr'><strong>ut</strong></span> <span class='ocrx_word' id='word_1_182' title='bbox 369 1445 607 1499; x_wconf 86' lang='lat' dir='ltr'><strong>expressius</strong></span> <span class='ocrx_word' id='word_1_183' title='bbox 633 1444 849 1499; x_wconf 87' lang='lat' dir='ltr'><strong>plenitudo</strong></span> <span class='ocrx_word' id='word_1_184' title='bbox 874 1445 1086 1497; x_wconf 81' lang='lat' dir='ltr'><strong>noscatur,</strong></span> <span class='ocrx_word' id='word_1_185' title='bbox 1110 1442 1290 1496; x_wconf 85' lang='lat' dir='ltr'><strong>primum</strong></span> <span class='ocrx_word' id='word_1_186' title='bbox 1315 1440 1466 1482; x_wconf 84' lang='lat' dir='ltr'><strong>merita</strong></span> <span class='ocrx_word' id='word_1_187' title='bbox 1514 1479 1515 1482; x_wconf 73' lang='grc'>,</span> 
     </span>
     <span class='ocr_line' id='line_1_28' title="bbox 148 1498 1526 1558; baseline -0.003 -13"><span class='ocrx_word' id='word_1_188' title='bbox 148 1504 351 1558; x_wconf 81' lang='lat' dir='ltr'><strong>partium,</strong></span> <span class='ocrx_word' id='word_1_189' title='bbox 388 1502 438 1543; x_wconf 88' lang='lat' dir='ltr'><strong>de</strong></span> <span class='ocrx_word' id='word_1_190' title='bbox 476 1503 628 1557; x_wconf 88' lang='lat' dir='ltr'><strong>quibus</strong></span> <span class='ocrx_word' id='word_1_191' title='bbox 665 1504 850 1556; x_wconf 85' lang='lat' dir='ltr'><strong>constat,</strong></span> <span class='ocrx_word' id='word_1_192' title='bbox 885 1503 977 1542; x_wconf 84' lang='lat' dir='ltr'><strong>tum</strong></span> <span class='ocrx_word' id='word_1_193' title='bbox 1014 1500 1199 1553; x_wconf 88' lang='lat' dir='ltr'><strong>demum,</strong></span> <span class='ocrx_word' id='word_1_194' title='bbox 1236 1498 1335 1553; x_wconf 87' lang='lat' dir='ltr'><strong>quid</strong></span> <span class='ocrx_word' id='word_1_195' title='bbox 1373 1498 1465 1552; x_wconf 86' lang='lat' dir='ltr'><strong>ipse</strong></span> <span class='ocrx_word' id='word_1_196' title='bbox 1511 1511 1526 1541; x_wconf 69' lang='lat'><strong>².</strong></span> 
     </span>
     <span class='ocr_line' id='line_1_29' title="bbox 109 1545 1526 1624; baseline -0.005 -21"><span class='ocrx_word' id='word_1_197' title='bbox 109 1562 296 1615; x_wconf 70' lang='lat' dir='ltr'><strong>opossit,</strong></span> <span class='ocrx_word' id='word_1_198' title='bbox 320 1561 639 1615; x_wconf 88' lang='lat' dir='ltr'><strong>inuestigemus.</strong></span> <span class='ocrx_word' id='word_1_199' title='bbox 695 1561 861 1601; x_wconf 84' lang='lat' dir='ltr'><strong>constat</strong></span> <span class='ocrx_word' id='word_1_200' title='bbox 886 1558 1148 1612; x_wconf 82' lang='lat' dir='ltr'><strong>septenarius</strong></span> <span class='ocrx_word' id='word_1_201' title='bbox 1172 1570 1371 1598; x_wconf 88' lang='lat' dir='ltr'><strong>numerus</strong></span> <span class='ocrx_word' id='word_1_202' title='bbox 1395 1555 1464 1596; x_wconf 87' lang='lat' dir='ltr'><strong>uel</strong></span> <span class='ocrx_word' id='word_1_203' title='bbox 1481 1545 1526 1624; x_wconf 62' lang='lat' dir='ltr'><strong>:q</strong></span> 
     </span>
     <span class='ocr_line' id='line_1_30' title="bbox 150 1613 1526 1669; baseline -0.005 -9"><span class='ocrx_word' id='word_1_204' title='bbox 150 1633 200 1660; x_wconf 85' lang='lat' dir='ltr'><strong>ex</strong></span> <span class='ocrx_word' id='word_1_205' title='bbox 229 1633 314 1660; x_wconf 90' lang='lat' dir='ltr'><strong>uno</strong></span> <span class='ocrx_word' id='word_1_206' title='bbox 346 1620 388 1660; x_wconf 89' lang='lat' dir='ltr'><strong>et</strong></span> <span class='ocrx_word' id='word_1_207' title='bbox 413 1632 484 1659; x_wconf 87' lang='lat' dir='ltr'><strong>sex</strong></span> <span class='ocrx_word' id='word_1_208' title='bbox 514 1618 583 1659; x_wconf 87' lang='lat' dir='ltr'><strong>uel</strong></span> <span class='ocrx_word' id='word_1_209' title='bbox 615 1631 664 1658; x_wconf 88' lang='lat' dir='ltr'><strong>ex</strong></span> <span class='ocrx_word' id='word_1_210' title='bbox 689 1616 853 1658; x_wconf 87' lang='lat' dir='ltr'><strong>duobus</strong></span> <span class='ocrx_word' id='word_1_211' title='bbox 878 1618 920 1657; x_wconf 85' lang='lat' dir='ltr'><strong>et</strong></span> <span class='ocrx_word' id='word_1_212' title='bbox 943 1616 1129 1669; x_wconf 87' lang='lat' dir='ltr'><strong>quinque</strong></span> <span class='ocrx_word' id='word_1_213' title='bbox 1159 1614 1230 1655; x_wconf 89' lang='lat' dir='ltr'><strong>uel</strong></span> <span class='ocrx_word' id='word_1_214' title='bbox 1254 1628 1305 1655; x_wconf 86' lang='lat' dir='ltr'><strong>ex</strong></span> <span class='ocrx_word' id='word_1_215' title='bbox 1328 1613 1464 1654; x_wconf 86' lang='lat' dir='ltr'><strong>tribus</strong></span> <span class='ocrx_word' id='word_1_216' title='bbox 1515 1623 1526 1664; x_wconf 65' lang='lat' dir='ltr'><strong>j</strong></span> 
     </span>
     <span class='ocr_line' id='line_1_31' title="bbox 150 1664 1526 1731; baseline -0.005 -14"><span class='ocrx_word' id='word_1_217' title='bbox 150 1678 193 1718; x_wconf 90' lang='lat' dir='ltr'><strong>et</strong></span> <span class='ocrx_word' id='word_1_218' title='bbox 239 1678 448 1731; x_wconf 81' lang='lat' dir='ltr'><strong>quattuor.</strong></span> <span class='ocrx_word' id='word_1_219' title='bbox 517 1675 779 1730; x_wconf 84' lang='lat' dir='ltr'><strong>singularum</strong></span> <span class='ocrx_word' id='word_1_220' title='bbox 824 1686 1076 1727; x_wconf 86' lang='lat' dir='ltr'><strong>compagum</strong></span> <span class='ocrx_word' id='word_1_221' title='bbox 1129 1672 1316 1713; x_wconf 89' lang='lat' dir='ltr'><strong>membra</strong></span> <span class='ocrx_word' id='word_1_222' title='bbox 1358 1672 1464 1711; x_wconf 88' lang='lat' dir='ltr'><strong>trac-</strong></span> <span class='ocrx_word' id='word_1_223' title='bbox 1515 1664 1526 1678; x_wconf 98' lang='lat'><strong>⁴</strong></span> 
     </span>
    </p>
   </div>
   <div class='ocr_carea' id='block_1_13' title="bbox 112 1729 1466 1902">
    <p class='ocr_par' dir='ltr' id='par_1_13' title="bbox 112 1729 1466 1902">
     <span class='ocr_line' id='line_1_32' title="bbox 148 1729 1465 1788; baseline -0.005 -13"><span class='ocrx_word' id='word_1_224' title='bbox 148 1737 303 1788; x_wconf 79' lang='lat' dir='ltr'><strong>temus,</strong></span> <span class='ocrx_word' id='word_1_225' title='bbox 341 1748 391 1774; x_wconf 86' lang='lat' dir='ltr'><strong>ex</strong></span> <span class='ocrx_word' id='word_1_226' title='bbox 428 1733 580 1787; x_wconf 88' lang='lat' dir='ltr'><strong>quibus</strong></span> <span class='ocrx_word' id='word_1_227' title='bbox 617 1731 846 1773; x_wconf 84' lang='lat' dir='ltr'><strong>fatebimur</strong></span> <span class='ocrx_word' id='word_1_228' title='bbox 880 1730 1043 1772; x_wconf 90' lang='lat' dir='ltr'><strong>nullum</strong></span> <span class='ocrx_word' id='word_1_229' title='bbox 1079 1729 1209 1771; x_wconf 89' lang='lat' dir='ltr'><strong>alium</strong></span> <span class='ocrx_word' id='word_1_230' title='bbox 1244 1741 1465 1770; x_wconf 88' lang='lat' dir='ltr'><strong>numerum</strong></span> 
     </span>
     <span class='ocr_line' id='line_1_33' title="bbox 112 1787 1466 1834; baseline -0.004 -2"><span class='ocrx_word' id='word_1_231' title='bbox 112 1793 135 1834; x_wconf 87' lang='lat'><strong>7</strong></span> <span class='ocrx_word' id='word_1_232' title='bbox 150 1794 239 1832; x_wconf 83' lang='lat' dir='ltr'><strong>tam</strong></span> <span class='ocrx_word' id='word_1_233' title='bbox 274 1791 394 1832; x_wconf 88' lang='lat' dir='ltr'><strong>uaria</strong></span> <span class='ocrx_word' id='word_1_234' title='bbox 430 1805 522 1832; x_wconf 87' lang='lat' dir='ltr'><strong>esse</strong></span> <span class='ocrx_word' id='word_1_235' title='bbox 559 1790 781 1831; x_wconf 87' lang='lat' dir='ltr'><strong>maiestate</strong></span> <span class='ocrx_word' id='word_1_236' title='bbox 817 1787 1053 1830; x_wconf 79' lang='lat' dir='ltr'><strong>fecundum.</strong></span> <span class='ocrx_word' id='word_1_237' title='bbox 1114 1801 1165 1828; x_wconf 85' lang='lat' dir='ltr'><strong>ex</strong></span> <span class='ocrx_word' id='word_1_238' title='bbox 1195 1800 1277 1828; x_wconf 87' lang='lat' dir='ltr'><strong>uno</strong></span> <span class='ocrx_word' id='word_1_239' title='bbox 1314 1787 1357 1827; x_wconf 84' lang='lat' dir='ltr'><strong>et</strong></span> <span class='ocrx_word' id='word_1_240' title='bbox 1393 1798 1466 1826; x_wconf 87' lang='lat' dir='ltr'><strong>sex</strong></span> 
     </span>
     <span class='ocr_line' id='line_1_34' title="bbox 153 1841 1464 1902; baseline -0.005 -13"><span class='ocrx_word' id='word_1_241' title='bbox 153 1862 358 1902; x_wconf 81' lang='lat' dir='ltr'><strong>compago</strong></span> <span class='ocrx_word' id='word_1_242' title='bbox 420 1848 558 1902; x_wconf 88' lang='lat' dir='ltr'><strong>prima</strong></span> <span class='ocrx_word' id='word_1_243' title='bbox 624 1846 886 1901; x_wconf 88' lang='lat' dir='ltr'><strong>conponitur.</strong></span> <span class='ocrx_word' id='word_1_244' title='bbox 959 1859 1089 1886; x_wconf 91' lang='lat' dir='ltr'><strong>unum</strong></span> <span class='ocrx_word' id='word_1_245' title='bbox 1147 1845 1305 1898; x_wconf 84' lang='lat' dir='ltr'><strong>autem,</strong></span> <span class='ocrx_word' id='word_1_246' title='bbox 1354 1841 1464 1897; x_wconf 89' lang='lat' dir='ltr'><strong>quod</strong></span> 
     </span>
    </p>
   </div>
   <div class='ocr_carea' id='block_1_14' title="bbox 150 1930 426 1934">
    <p class='ocr_par' dir='ltr' id='par_1_14' title="bbox 150 1930 426 1934">
     <span class='ocr_line' id='line_1_35' title="bbox 150 1930 426 1934; baseline 0 0"><span class='ocrx_word' id='word_1_247' title='bbox 150 1930 426 1934; x_wconf 95' lang='lat' dir='ltr'><strong> </strong></span> 
     </span>
    </p>
   </div>
   <div class='ocr_carea' id='block_1_15' title="bbox 246 1950 1504 2028">
    <p class='ocr_par' dir='ltr' id='par_1_15' title="bbox 246 1950 1504 2028">
     <span class='ocr_line' id='line_1_36' title="bbox 246 1950 1504 2028; baseline -0.005 -10"><span class='ocrx_word' id='word_1_248' title='bbox 246 1988 263 2018; x_wconf 90' lang='lat'>1</span> <span class='ocrx_word' id='word_1_249' title='bbox 290 1986 439 2028; x_wconf 78' lang='lat' dir='ltr'><strong>tnprari</strong></span> <span class='ocrx_word' id='word_1_250' title='bbox 462 1981 507 2018; x_wconf 88' lang='lat' dir='ltr'><strong>B&#39;</strong></span> <span class='ocrx_word' id='word_1_251' title='bbox 633 1985 655 2016; x_wconf 79' lang='lat'>2</span> <span class='ocrx_word' id='word_1_252' title='bbox 679 1980 899 2016; x_wconf 81' lang='lat' dir='ltr'><strong>altercantio</strong></span> <span class='ocrx_word' id='word_1_253' title='bbox 924 1979 969 2015; x_wconf 89' lang='lat' dir='ltr'><strong>B&#39;</strong></span> <span class='ocrx_word' id='word_1_254' title='bbox 1088 1979 1142 2014; x_wconf 86' lang='lat' dir='ltr'><strong>hu</strong></span> <span class='ocrx_word' id='word_1_255' title='bbox 1163 1979 1200 2014; x_wconf 89' lang='lat' dir='ltr'><em>B</em></span> <span class='ocrx_word' id='word_1_256' title='bbox 1316 1978 1388 2013; x_wconf 76' lang='lat' dir='ltr'><strong>cibi</strong></span> <span class='ocrx_word' id='word_1_257' title='bbox 1415 1975 1465 2012; x_wconf 93' lang='lat' dir='ltr'><strong>P&#39;</strong></span> <span class='ocrx_word' id='word_1_258' title='bbox 1500 1950 1504 1953; x_wconf 11' lang='grc' dir='ltr'><strong><em>ἱ</em></strong></span> 
     </span>
    </p>
   </div>
   <div class='ocr_carea' id='block_1_16' title="bbox 152 2023 1469 2072">
    <p class='ocr_par' dir='ltr' id='par_1_16' title="bbox 152 2023 1469 2072">
     <span class='ocr_line' id='line_1_37' title="bbox 152 2023 1469 2072; baseline -0.005 -6"><span class='ocrx_word' id='word_1_259' title='bbox 152 2035 172 2066; x_wconf 87' lang='grc'><strong>3</strong></span> <span class='ocrx_word' id='word_1_260' title='bbox 196 2030 255 2066; x_wconf 78' lang='lat' dir='ltr'><strong>bis</strong></span> <span class='ocrx_word' id='word_1_261' title='bbox 273 2031 350 2064; x_wconf 81' lang='lat' dir='ltr'><strong>buu</strong></span> <span class='ocrx_word' id='word_1_262' title='bbox 373 2030 444 2064; x_wconf 90' lang='lat' dir='ltr'><strong>PB</strong></span> <span class='ocrx_word' id='word_1_263' title='bbox 519 2032 541 2063; x_wconf 82' lang='lat'>4</span> <span class='ocrx_word' id='word_1_264' title='bbox 566 2029 722 2072; x_wconf 81' lang='lat' dir='ltr'><strong>quatuor</strong></span> <span class='ocrx_word' id='word_1_265' title='bbox 745 2028 782 2062; x_wconf 91' lang='grc' dir='ltr'><strong><em>Ρ</em></strong></span> <span class='ocrx_word' id='word_1_266' title='bbox 855 2031 875 2062; x_wconf 88' lang='grc'><strong>6</strong></span> <span class='ocrx_word' id='word_1_267' title='bbox 899 2026 1058 2061; x_wconf 84' lang='lat' dir='ltr'><strong>reddunt</strong></span> <span class='ocrx_word' id='word_1_268' title='bbox 1081 2036 1146 2061; x_wconf 85' lang='lat' dir='ltr'><strong>om.</strong></span> <span class='ocrx_word' id='word_1_269' title='bbox 1172 2026 1208 2060; x_wconf 92' lang='lat' dir='ltr'><strong><em>B</em></strong></span> <span class='ocrx_word' id='word_1_270' title='bbox 1278 2028 1300 2059; x_wconf 92' lang='lat'>8</span> <span class='ocrx_word' id='word_1_271' title='bbox 1325 2025 1408 2060; x_wconf 76' lang='lat' dir='ltr'><strong>c1bs1</strong></span> <span class='ocrx_word' id='word_1_272' title='bbox 1432 2023 1469 2058; x_wconf 88' lang='lat' dir='ltr'><strong><em>P</em></strong></span> 
     </span>
    </p>
   </div>
   <div class='ocr_carea' id='block_1_17' title="bbox 151 2068 1526 2257">
    <p class='ocr_par' dir='ltr' id='par_1_17' title="bbox 151 2068 1526 2257">
     <span class='ocr_line' id='line_1_38' title="bbox 152 2068 1500 2118; baseline -0.004 -6"><span class='ocrx_word' id='word_1_273' title='bbox 152 2076 359 2113; x_wconf 81' lang='lat' dir='ltr'><strong>efficiuntur</strong></span> <span class='ocrx_word' id='word_1_274' title='bbox 381 2076 417 2110; x_wconf 90' lang='lat' dir='ltr'><strong><em>B</em></strong></span> <span class='ocrx_word' id='word_1_275' title='bbox 510 2073 751 2118; x_wconf 77' lang='lat' dir='ltr'><strong>intellegendi</strong></span> <span class='ocrx_word' id='word_1_276' title='bbox 773 2071 825 2108; x_wconf 92' lang='lat' dir='ltr'><strong>B&#39;</strong></span> <span class='ocrx_word' id='word_1_277' title='bbox 922 2076 964 2107; x_wconf 90' lang='lat'><strong>11</strong></span> <span class='ocrx_word' id='word_1_278' title='bbox 989 2071 1096 2108; x_wconf 85' lang='lat' dir='ltr'><strong>sodes</strong></span> <span class='ocrx_word' id='word_1_279' title='bbox 1114 2075 1155 2107; x_wconf 76' lang='lat' dir='ltr'><strong>ut</strong></span> <span class='ocrx_word' id='word_1_280' title='bbox 1179 2071 1254 2106; x_wconf 82' lang='lat' dir='ltr'><strong>uid.</strong></span> <span class='ocrx_word' id='word_1_281' title='bbox 1279 2068 1325 2105; x_wconf 92' lang='lat' dir='ltr'><strong>B&#39;</strong></span> <span class='ocrx_word' id='word_1_282' title='bbox 1422 2073 1464 2103; x_wconf 81' lang='lat'><strong>12</strong></span> <span class='ocrx_word' id='word_1_283' title='bbox 1489 2071 1500 2106; x_wconf 73' lang='lat'>1</span> 
     </span>
     <span class='ocr_line' id='line_1_39' title="bbox 152 2111 1526 2169; baseline -0.007 -11"><span class='ocrx_word' id='word_1_284' title='bbox 152 2123 254 2169; x_wconf 81' lang='lat' dir='ltr'><strong>quia]</strong></span> <span class='ocrx_word' id='word_1_285' title='bbox 281 2133 352 2166; x_wconf 84' lang='lat' dir='ltr'><strong>qua</strong></span> <span class='ocrx_word' id='word_1_286' title='bbox 375 2122 411 2156; x_wconf 91' lang='lat' dir='ltr'><strong><em>B</em></strong></span> <span class='ocrx_word' id='word_1_287' title='bbox 495 2123 539 2155; x_wconf 87' lang='lat'><strong>14</strong></span> <span class='ocrx_word' id='word_1_288' title='bbox 564 2119 760 2155; x_wconf 79' lang='lat' dir='ltr'><strong>asserentes</strong></span> <span class='ocrx_word' id='word_1_289' title='bbox 779 2120 816 2155; x_wconf 93' lang='lat' dir='ltr'><em>B</em></span> <span class='ocrx_word' id='word_1_290' title='bbox 893 2129 1055 2153; x_wconf 83' lang='lat' dir='ltr'><strong>omnium</strong></span> <span class='ocrx_word' id='word_1_291' title='bbox 1079 2118 1121 2152; x_wconf 77' lang='lat' dir='ltr'><strong>in</strong></span> <span class='ocrx_word' id='word_1_292' title='bbox 1143 2128 1214 2153; x_wconf 80' lang='lat' dir='ltr'><strong>ras.</strong></span> <span class='ocrx_word' id='word_1_293' title='bbox 1239 2118 1281 2152; x_wconf 77' lang='lat' dir='ltr'><strong>in</strong></span> <span class='ocrx_word' id='word_1_294' title='bbox 1304 2117 1341 2151; x_wconf 92' lang='lat' dir='ltr'><strong><em>B</em></strong></span> <span class='ocrx_word' id='word_1_295' title='bbox 1421 2118 1464 2150; x_wconf 76' lang='lat'><strong>16</strong></span> <span class='ocrx_word' id='word_1_296' title='bbox 1498 2140 1499 2145; x_wconf 62' lang='lat'>,</span> <span class='ocrx_word' id='word_1_297' title='bbox 1520 2111 1526 2150; x_wconf 76' lang='grc' dir='ltr'><strong>,ἓ</strong></span> 
     </span>
     <span class='ocr_line' id='line_1_40' title="bbox 151 2161 1486 2215; baseline -0.006 -11"><span class='ocrx_word' id='word_1_298' title='bbox 151 2167 350 2215; x_wconf 82' lang='lat' dir='ltr'><strong>precedens</strong></span> <span class='ocrx_word' id='word_1_299' title='bbox 369 2168 404 2202; x_wconf 83' lang='lat' dir='ltr'><em>P</em></span> <span class='ocrx_word' id='word_1_300' title='bbox 520 2171 562 2202; x_wconf 88' lang='lat'><strong>18</strong></span> <span class='ocrx_word' id='word_1_301' title='bbox 586 2167 635 2202; x_wconf 81' lang='lat' dir='ltr'><strong>ad</strong></span> <span class='ocrx_word' id='word_1_302' title='bbox 659 2164 907 2211; x_wconf 81' lang='lat' dir='ltr'><strong>augustissimi</strong></span> <span class='ocrx_word' id='word_1_303' title='bbox 931 2165 1014 2200; x_wconf 83' lang='lat' dir='ltr'><strong>add.</strong></span> <span class='ocrx_word' id='word_1_304' title='bbox 1039 2166 1057 2197; x_wconf 77' lang='lat'>1</span> <span class='ocrx_word' id='word_1_305' title='bbox 1081 2173 1103 2198; x_wconf 86' lang='lat' dir='ltr'><strong>a</strong></span> <span class='ocrx_word' id='word_1_306' title='bbox 1122 2174 1152 2208; x_wconf 75' lang='lat' dir='ltr'><strong>p</strong></span> <span class='ocrx_word' id='word_1_307' title='bbox 1267 2163 1398 2197; x_wconf 79' lang='lat' dir='ltr'><strong>thimei</strong></span> <span class='ocrx_word' id='word_1_308' title='bbox 1422 2161 1486 2205; x_wconf 82' lang='lat' dir='ltr'><strong>P,·</strong></span> 
     </span>
     <span class='ocr_line' id='line_1_41' title="bbox 151 2207 1526 2257; baseline -0.007 -7"><span class='ocrx_word' id='word_1_309' title='bbox 151 2218 255 2250; x_wconf 81' lang='lat' dir='ltr'><strong>t1me1</strong></span> <span class='ocrx_word' id='word_1_310' title='bbox 280 2215 316 2250; x_wconf 90' lang='lat' dir='ltr'><em>B</em></span> <span class='ocrx_word' id='word_1_311' title='bbox 398 2217 441 2248; x_wconf 77' lang='lat'><strong>27</strong></span> <span class='ocrx_word' id='word_1_312' title='bbox 467 2214 625 2257; x_wconf 88' lang='lat' dir='ltr'><strong>quatuor</strong></span> <span class='ocrx_word' id='word_1_313' title='bbox 648 2212 684 2247; x_wconf 92' lang='lat' dir='ltr'><em>P</em></span> <span class='ocrx_word' id='word_1_314' title='bbox 763 2214 807 2246; x_wconf 82' lang='lat'><strong>29</strong></span> <span class='ocrx_word' id='word_1_315' title='bbox 832 2210 1013 2247; x_wconf 69' lang='lat' dir='ltr'><strong>foecunda</strong></span> <span class='ocrx_word' id='word_1_316' title='bbox 1038 2210 1075 2244; x_wconf 89' lang='lat' dir='ltr'><strong><em>P</em></strong></span> <span class='ocrx_word' id='word_1_317' title='bbox 1154 2210 1248 2245; x_wconf 75' lang='lat' dir='ltr'><strong>inter</strong></span> <span class='ocrx_word' id='word_1_318' title='bbox 1271 2207 1466 2244; x_wconf 81' lang='lat' dir='ltr'><strong>fecundum</strong></span> <span class='ocrx_word' id='word_1_319' title='bbox 1500 2219 1526 2251; x_wconf 53' lang='grc' dir='ltr'><strong>,ᾗ</strong></span> 
     </span>
    </p>
   </div>
   <div class='ocr_carea' id='block_1_18' title="bbox 153 2255 1178 2304">
    <p class='ocr_par' dir='ltr' id='par_1_18' title="bbox 153 2255 1178 2304">
     <span class='ocr_line' id='line_1_42' title="bbox 153 2255 1178 2304; baseline -0.005 -7.921"><span class='ocrx_word' id='word_1_320' title='bbox 153 2265 185 2298; x_wconf 83' lang='lat' dir='ltr'><strong>et</strong></span> <span class='ocrx_word' id='word_1_321' title='bbox 209 2271 251 2296; x_wconf 86' lang='lat' dir='ltr'><strong>ex</strong></span> <span class='ocrx_word' id='word_1_322' title='bbox 276 2261 393 2296; x_wconf 79' lang='lat' dir='ltr'><strong>adol.-</strong></span> <span class='ocrx_word' id='word_1_323' title='bbox 410 2261 439 2294; x_wconf 97' lang='grc' dir='ltr'>Ι</span> <span class='ocrx_word' id='word_1_324' title='bbox 467 2261 544 2304; x_wconf 84' lang='lat' dir='ltr'><strong>(hoc</strong></span> <span class='ocrx_word' id='word_1_325' title='bbox 567 2261 616 2295; x_wconf 79' lang='lat' dir='ltr'><strong>est</strong></span> <span class='ocrx_word' id='word_1_326' title='bbox 639 2258 678 2292; x_wconf 85' lang='lat' dir='ltr'><strong>1d</strong></span> <span class='ocrx_word' id='word_1_327' title='bbox 702 2257 768 2302; x_wconf 81' lang='lat' dir='ltr'><strong>eft)</strong></span> <span class='ocrx_word' id='word_1_328' title='bbox 793 2257 830 2292; x_wconf 89' lang='grc' dir='ltr'><strong><em>Β</em></strong></span> <span class='ocrx_word' id='word_1_329' title='bbox 900 2260 945 2292; x_wconf 86' lang='grc'><strong>30</strong></span> <span class='ocrx_word' id='word_1_330' title='bbox 969 2256 1118 2302; x_wconf 76' lang='lat' dir='ltr'><strong>copomt</strong></span> <span class='ocrx_word' id='word_1_331' title='bbox 1141 2255 1178 2290; x_wconf 92' lang='grc' dir='ltr'><strong><em>Β</em></strong></span> 
     </span>
    </p>
   </div>
   <div class='ocr_carea' id='block_1_19' title="bbox 1512 1733 1526 1769">
    <p class='ocr_par' dir='ltr' id='par_1_19' title="bbox 1512 1733 1526 1769">
     <span class='ocr_line' id='line_1_43' title="bbox 1512 1733 1526 1769; baseline -0.071 0"><span class='ocrx_word' id='word_1_332' title='bbox 1512 1733 1526 1769; x_wconf 64' lang='grc' dir='ltr'>ἐ</span> 
     </span>
    </p>
   </div>
   <div class='ocr_carea' id='block_1_20' title="bbox 1514 1772 1526 1812">
    <p class='ocr_par' dir='ltr' id='par_1_20' title="bbox 1514 1772 1526 1812">
     <span class='ocr_line' id='line_1_44' title="bbox 1514 1772 1526 1812; baseline 0 0"><span class='ocrx_word' id='word_1_333' title='bbox 1514 1772 1526 1812; x_wconf 63' lang='grc' dir='ltr'>Ξ</span> 
     </span>
    </p>
   </div>
   <div class='ocr_carea' id='block_1_21' title="bbox 1481 1814 1526 2277">
    <p class='ocr_par' dir='ltr' id='par_1_21' title="bbox 1481 1814 1526 2277">
     <span class='ocr_line' id='line_1_45' title="bbox 1481 1814 1526 2277; baseline 0 167"><span class='ocrx_word' id='word_1_334' title='bbox 1481 1814 1526 2277; x_wconf 95' lang='lat' dir='ltr'><strong> </strong></span> 
     </span>
    </p>
   </div>
  </div>
 </body>
</html>
