1526 2444
611 82 698 120 xm
723 86 838 119 5-13
1310 81 1397 124 457

53 194 228 236 deorum
261 193 489 235 simulacra
518 191 631 234 hunc
668 191 714 234 in
751 192 932 248 singulis
966 191 1150 247 digitum
1188 190 1396 233 confectis

53 253 257 296 odoribus
282 251 475 305 inlinere,
506 254 551 293 et
576 251 666 292 eius
697 251 760 292 rei
786 266 939 293 causas
965 251 1241 306 requisissem
1273 252 1317 291 et
1348 249 1399 292 de

52 326 198 366 neruo,
229 310 341 366 quod
372 310 460 353 iam
491 309 653 352 dictum
685 312 763 364 est,
794 310 987 366 principe
1019 324 1166 352 eorum
1196 311 1399 351 narrante

53 370 291 424 didicerim,
328 371 371 411 et
406 370 584 424 insuper
627 371 670 411 et
707 368 758 410 de
801 383 998 423 numero,
1036 369 1108 424 qui
1144 383 1222 423 per
1258 368 1399 423 ipsum

17 439 34 467 5
54 429 333 486 significatur.
412 428 680 483 conplicatus
737 428 850 470 enim
906 428 1124 470 senarium
1175 441 1400 469 numerum
1417 429 1473 472 10

54 488 215 544 digitus
252 488 334 530 iste
374 487 658 542 demonstrat,
696 487 769 542 qui
806 486 1079 529 omnifariam
1115 487 1269 542 plenus
1306 500 1400 541 per-

54 547 189 589 fectus
228 549 356 601 atque
395 546 569 588 diuinus
607 548 684 588 est.
752 560 989 601 causasque
1034 560 1108 588 cur
1154 546 1306 601 plenus
1345 545 1402 587 sit

53 606 123 648 hic
159 619 361 647 numerus
398 605 471 647 ille
508 604 658 647 multis
697 604 901 659 adseruit,
939 619 1019 660 ego
1057 618 1170 647 nunc
1201 608 1249 646 ut
1278 618 1402 660 prae-

54 664 248 707 sentibus
273 663 433 706 fabulis
458 664 600 706 minus
627 666 750 718 aptas
776 663 984 719 relinquo.
1033 664 1141 706 haec
1166 666 1268 705 sunt
1294 677 1402 717 quae

0 737 35 764 ιο
53 723 98 766 in
124 723 324 779 Aegypto
352 722 594 764 diuinarum
629 722 820 764 omnium
840 723 1167 777 disciplinarum
1192 724 1403 777 compote,

52 797 128 825 cur
160 782 312 824 anulus
345 782 443 823 huic
475 780 611 837 digito
643 781 783 836 magis
814 781 1032 823 inseratur
1064 780 1255 836 agnoui.7

171 840 289 883 Inter
320 841 424 882 haec
457 838 642 882 Caecina
673 838 858 882 Albinus
898 839 958 883 ‘si
991 839 1236 882 uolentibus
1274 839 1400 882 uobis
1420 843 1470 884 11

54 898 152 942 erit'
193 899 332 954 inquit
371 898 437 940 ‘in
469 898 656 940 medium
686 898 860 952 profero
898 913 1007 954 quae
1044 898 1095 940 de
1132 899 1216 941 hac
1253 898 1402 940 eadem

55 973 184 1002 causa
222 957 336 1014 apud
366 957 555 1000 Amvn
586 956 862 1001 CAPITONEM
892 958 1106 1014 pontificii
1143 957 1250 1000 iuris
1290 957 1405 999 inter

0 1033 34 1060 15
53 1018 215 1074 primos
248 1018 434 1073 peritum
472 1017 628 1072 legisse
666 1018 852 1060 memini.
915 1018 989 1072 qui
1028 1031 1125 1059 cum
1156 1016 1277 1059 nefas
1311 1031 1404 1059 esse

53 1076 255 1129 sanciret,
305 1075 482 1118 deorum
525 1075 687 1118 formas
730 1076 919 1132 insculpi
964 1076 1124 1131 anulis,
1175 1090 1226 1118 eo
1270 1090 1404 1131 usque

52 1135 284 1191 processit,
322 1138 372 1177 ut
402 1137 445 1177 et
476 1149 550 1177 cur
580 1135 625 1177 in
663 1134 743 1177 hoc
784 1136 920 1191 digito
959 1136 1030 1178 uel
1068 1136 1116 1177 in
1152 1135 1234 1177 hac
1272 1149 1404 1177 manu

55 1196 297 1249 gestaretur
329 1194 505 1248 anulus,
541 1208 630 1236 non
659 1197 834 1237 taceret.
894 1198 1099 1237 ueteres
1130 1194 1270 1249 inquit
1301 1208 1403 1236 non
1419 1196 1476 1238 12

53 1256 265 1296 ornatus
323 1252 408 1294 sed
463 1252 709 1308 signandi
763 1268 918 1296 causa
968 1254 1178 1296 anulum
1235 1267 1404 1296 secum

1 1312 498 1355 ”circumferebant
565 1311 695 1353 unde
737 1326 828 1354 nec
863 1313 979 1367 plus
1018 1313 1210 1354 habere
1255 1327 1405 1367 quam

55 1386 206 1413 unum
249 1371 445 1413 licebat
488 1385 577 1413 nec
620 1371 855 1426 cuiquam
898 1371 1003 1413 nisi
1046 1371 1231 1426 libero,
1280 1385 1404 1426 quos

58 1430 197 1473 solos
221 1429 355 1472 fides
383 1429 604 1484 deceret,
636 1444 763 1484 quae
796 1430 1066 1485 signaculo
1093 1429 1404 1472 continetur.

2 1531 5 1533 ,
55 1489 167 1531 ideo
205 1489 282 1531 ius
325 1489 592 1531 anulorum
632 1489 816 1531 famuli
853 1503 951 1532 non
982 1489 1258 1531 habebant.
1318 1489 1407 1531 im-

55 1548 381 1603 primebatur
425 1550 593 1590 autem
637 1548 904 1602 sculptura
953 1548 1201 1590 materiae
1248 1549 1407 1602 anuli,

0 1619 144 1652 '258311
182 1621 240 1649 ex
269 1606 408 1648 ferro
441 1621 526 1649 seu
566 1620 622 1648 ex
660 1621 782 1649 auro
822 1606 976 1661 foret,
1015 1609 1064 1648 et
1102 1607 1407 1662 gestabatur

56 1667 112 1708 ut
143 1666 357 1721 quisque
388 1665 572 1720 uellet,
610 1680 925 1720 quacumque
962 1680 1132 1721 manu,
1171 1666 1406 1721 quolibet

57 1724 235 1780 digito.
299 1727 480 1779 postea
519 1724 662 1779 inquit
697 1739 815 1767 usus
853 1724 1171 1767 luxuriantis
1211 1725 1404 1767 aetatis
1422 1727 1476 1769 13

58 1784 355 1838 signaturas
380 1783 630 1839 pretiosis
657 1784 867 1839 gemmis
894 1784 1065 1838 coepit
1090 1783 1406 1838 insculpere,

57 1845 106 1884 et
135 1843 373 1885 certatim
404 1842 527 1885 haec
565 1843 727 1885 omnis
759 1842 990 1885 imitatio
1021 1843 1312 1897 lacensiuit,
1352 1847 1406 1885 ut

2 1901 116 1946 code
162 1905 434 1957 augmento
484 1901 660 1956 pretii,
711 1916 805 1957 quo
853 1901 1158 1956 sculpendos
1207 1902 1405 1957 lapides

58 1963 352 2016 parassent,
389 1960 747 2016 gloriarentur.
814 1961 934 2003 hinc
976 1961 1168 2003 factum
1213 1965 1309 2016 est,
1352 1966 1407 2003 ut

58 2034 183 2062 usus
217 2019 484 2061 anulorum
523 2022 786 2074 exemptus
824 2020 1083 2074 dexterae,
1121 2035 1249 2076 quae
1280 2021 1405 2063 mul-

58 2081 162 2120 tum
194 2078 521 2134 negotiorum
554 2078 707 2134 gerit,
739 2078 791 2120 in
822 2079 1022 2121 laeuam
1059 2079 1406 2135 relegaretur,

59 2151 184 2191 quae
229 2137 450 2179 otiosior
491 2141 586 2193 est,
628 2151 687 2180 ne
728 2138 907 2181 crebro
953 2140 1095 2180 motu
1133 2143 1182 2181 et
1220 2138 1405 2182 officio

0 2265 1 2314 l
88 2326 102 2358 t
156 2280 191 2359 id
201 2275 372 2359 cogn'fictis
391 2276 429 2312 P
523 2280 566 2312 10
592 2278 719 2325 egipto
745 2277 782 2312 P
885 2279 1018 2323 copote
1042 2277 1080 2313 P
1174 2282 1218 2313 26
1246 2278 1414 2323 quisqms

59 2334 86 2358 u
125 2334 165 2359 m
193 2351 201 2359 .
