1526 2444
154 45 239 87 152
664 46 763 83 SAT.
788 46 917 82 LIBRI
939 46 974 82 II

154 165 248 192 esse
284 151 431 192 mallet
467 151 697 205 ancalua,
733 153 776 193 et
811 166 904 194 cum
936 153 1011 193 illa
1040 153 1327 208 respondisset
1363 167 1471 208 ego,

153 211 315 263 pater,
353 223 474 250 cana
511 223 619 250 esse
656 210 785 251 malo
824 211 884 252 sic
918 210 983 251 illi
1019 211 1283 252 mendacium
1318 211 1473 253 obiecit
1519 212 1526 250 ἑ

154 266 270 320 quid
303 280 419 320 ergo
450 266 583 307 istae
613 270 661 308 te
693 268 886 309 caluam
919 271 1018 309 tam
1050 269 1149 310 cito
1181 269 1410 310 faciunt?
1518 277 1526 325 1

113 324 141 365 8
270 324 380 364 Item
411 338 505 365 cum
537 338 710 379 grauem
741 326 922 367 amicum
953 326 1138 367 audisset
1162 325 1271 367 Iulia
1296 327 1471 367 suaden-
1518 358 1520 363 f

154 384 242 422 tem
274 381 424 422 melius
454 381 675 437 facturam,
706 384 741 423 si
775 397 818 424 se
850 384 1156 437 composuisset
1186 384 1237 424 ad
1263 385 1473 438 exemplar
1516 382 1517 386 ¹

153 443 358 493 paternae
388 439 667 493 frugalitatis,
705 441 764 481 ait
799 441 890 481 ille
927 441 1255 482 obliuiscitur
1292 440 1472 483 Caesa-

154 511 252 537 rem
287 511 338 538 se
370 511 497 551 esse,
528 511 618 551 ego
650 498 848 538 memini
880 513 951 539 me
977 497 1210 540 Caesaris
1242 499 1415 540 filiam.

115 554 142 594 9
273 553 462 608 Cumque
489 555 645 596 conscii
671 555 930 610 flagitiorum
955 556 1222 610 mirarentur,
1247 571 1329 610 quo
1350 556 1473 598 modo
1519 574 1526 615 ἐ

155 612 314 653 similes
344 612 561 678 Agrippae
597 614 709 654 filios
746 618 931 667 pareret,
967 628 1074 667 quae
1109 618 1198 655 tam
1236 615 1364 669 uulgo
1401 629 1473 680 po-
1520 617 1526 674 ξ

154 671 353 711 testatem
397 671 584 724 corporis
627 671 691 711 sui
733 672 889 712 faceret
930 672 991 712 ait
1037 686 1301 726 numquam
1344 673 1472 713 enim
1492 681 1526 728 iq

155 728 256 768 nisi
286 727 403 768 naui
434 730 583 782 plena
614 729 744 770 tollo
775 732 1043 771 uectorem.
1521 776 1526 783 1

86 786 142 827 10
272 784 418 826 Simile
445 785 604 826 dictum
630 786 833 839 Populiae
858 786 989 828 Marci
1014 787 1139 839 filiae,
1170 801 1276 841 quae
1301 787 1475 828 miranti

154 842 334 898 cuidam,
365 843 463 897 quid
489 847 613 896 esset,
643 846 900 898 quapropter
924 845 1032 885 aliae
1057 845 1219 885 bestiae
1244 859 1473 898 numquam
1522 844 1526 879 1

154 914 311 941 marem
338 900 633 954 desiderarent,
658 902 740 942 nisi
765 916 858 943 cum
883 905 1168 956 praegnantes
1193 902 1353 943 uellent
1371 902 1474 955 fieri,
1519 906 1526 958 ,ξ

153 958 373 1012 respondit
403 959 597 1000 bestiae
629 960 758 1000 enim
791 964 916 1000 sunt.
1491 967 1526 1014 iq*

82 1015 146 1057 VI
273 1015 353 1057 Sed
390 1020 437 1057 ut
473 1031 497 1057 a
527 1016 695 1057 feminis
727 1017 778 1058 ad
808 1017 924 1058 uiros
956 1019 998 1058 et
1028 1032 1053 1058 a
1082 1017 1253 1058 lasciuis
1285 1018 1389 1059 iocis
1421 1017 1471 1058 ad
1520 1020 1526 1059 ἐ

154 1073 358 1114 honestos
389 1077 590 1126 reuertar,
623 1073 904 1116 Cascellius
935 1075 1038 1115 iuris
1068 1076 1282 1116 consultus
1308 1076 1474 1116 urbani·
1520 1086 1526 1114 i

153 1131 255 1172 tatis
295 1131 424 1172 mirae
460 1131 755 1186 libertatisque
786 1132 1040 1186 habebatur,
1076 1133 1300 1186 praecipue
1330 1135 1474 1174 tamen
1516 1124 1526 1172 ‘l

152 1189 190 1230 is
221 1189 337 1230 iocus
369 1189 458 1230 eius
489 1190 687 1232 innotuit
747 1190 958 1243 lapidatus
991 1205 1015 1230 a
1045 1190 1203 1243 populo
1231 1189 1473 1232 Vatinius
1519 1194 1526 1240 1

153 1260 249 1288 cum
278 1246 581 1301 gladiatorium
606 1262 757 1288 munus
783 1249 935 1300 ederet,
965 1247 1216 1300 obtinuerat,
1247 1250 1294 1288 ut
1319 1248 1474 1289 aediles
1491 1256 1526 1300 ἢ

153 1304 376 1357 edicerent,
401 1305 551 1358 nequis
576 1306 619 1345 in
647 1319 817 1346 arenam
842 1305 925 1345 nisi
949 1319 1122 1358 pomum
1146 1306 1313 1346 misisse
1332 1306 1471 1347 uellet.
1521 1312 1526 1360 ζ

151 1361 264 1403 forte
301 1362 367 1403 his
405 1362 551 1403 diebus
589 1361 823 1404 Cascellius
862 1363 1078 1404 consultus
1115 1378 1139 1404 a
1175 1363 1376 1417 quodam,
1418 1377 1474 1404 an
1523 1370 1526 1404 ἕ

151 1433 237 1460 nux
274 1419 399 1473 pinea
429 1434 602 1473 pomum
635 1423 764 1474 esset,
798 1421 1017 1474 respondit
1054 1421 1094 1462 si
1134 1421 1183 1462 in
1214 1420 1472 1462 Vatinium
1523 1431 1526 1478 j

153 1477 398 1518 missurus
431 1492 498 1531 es,
529 1493 724 1531 pomum
756 1481 843 1519 est.
1522 1480 1526 1482 ’

112 1536 140 1576 2
269 1535 495 1576 Mercatori
538 1536 702 1589 deinde,
745 1550 869 1589 quem
912 1536 964 1576 ad
1007 1535 1178 1576 modum
1221 1550 1316 1576 cum
1358 1535 1472 1577 socio
1490 1538 1526 1588 πᾷ

151 1607 307 1634 nauem
361 1593 583 1644 diuideret,
636 1593 920 1648 interroganti
973 1593 1241 1647 respondisse
1294 1593 1475 1634 traditur
1524 1609 1526 1648 j

154 1665 330 1692 nauem
363 1651 405 1692 si
437 1651 643 1701 diuidis,
679 1665 766 1692 nec
798 1654 852 1691 tu
882 1665 970 1692 nec
1002 1651 1170 1692 socius
1201 1650 1474 1692 habebitis.
1524 1692 1526 1695 ,

111 1709 139 1750 3
269 1707 317 1749 In
350 1708 558 1749 Galbam
595 1709 836 1762 eloquentia
872 1708 1050 1762 clarum,
1087 1709 1160 1749 sed
1198 1723 1321 1762 quem
1355 1708 1474 1749 habi-

154 1768 235 1820 tus,
265 1769 313 1806 ut
343 1780 471 1819 supra
502 1766 599 1820 dixi,
625 1767 813 1819 corporis
840 1766 1094 1816 destruebat,
1125 1765 1182 1808 M.
1206 1766 1363 1808 Lollii
1391 1780 1473 1807 uox
1523 1783 1526 1787 ⁴

153 1823 529 1865 circumferebatur
570 1824 824 1878 ingenium
862 1823 1049 1865 Galbae
1092 1824 1219 1865 male
1260 1823 1471 1866 habitat.
1490 1823 1526 1870 εὴ

247 1941 266 1972 2
291 1937 355 1972 ille
381 1934 458 1971 PB'
555 1940 575 1971 5
600 1937 778 1972 facturam
809 1949 876 1972 om.
901 1938 946 1981 P,
977 1937 1147 1983 sutulram
1177 1935 1223 1971 B‘
1321 1941 1364 1972 10
1395 1949 1472 1974 cor-

150 1993 232 2028 pon
255 1982 301 2017 B'
374 1983 426 2018 ful
453 1984 615 2028 corporis
628 1984 664 2018 P
734 1988 776 2019 17
797 1983 996 2018 Cascellius
1016 1983 1231 2027 Stephanus:
1264 1994 1282 2017 c
1308 1984 1416 2018 cillul'
1428 1985 1471 2027 P,

152 2029 325 2064 caemhus
338 2030 373 2063 B
441 2034 485 2064 20
505 2033 548 2064 cfi
569 2041 633 2065 om.
653 2029 700 2064 B'
767 2031 1042 2076 gradialtormm
1061 2028 1107 2064 B'
1175 2034 1218 2064 22
1241 2040 1284 2064 ca
1315 2030 1423 2065 elhul'
1435 2031 1472 2065 B
1524 2067 1526 2070 Α

152 2075 348 2132 οοῃΙΓειΙί-,ιιΐ
367 2074 414 2110 P'
517 2080 561 2111 23
586 2076 669 2110 ess&
694 2097 736 2102 —
763 2079 808 2110 24
832 2087 980 2121 pomum
1006 2076 1059 2111 est
1082 2087 1147 2111 om.
1171 2075 1217 2110 B'
1320 2080 1364 2111 25
1389 2088 1471 2111 cum
1523 2100 1526 2108 .

150 2133 218 2158 om.
242 2120 288 2156 B'
361 2125 405 2157 26
429 2127 518 2157 naui
543 2123 579 2157 P
646 2123 805 2157 creditur
829 2124 863 2157 B
930 2126 973 2158 27
998 2127 1086 2157 naui
1110 2122 1146 2156 P
1207 2125 1252 2157 28
1277 2123 1413 2167 galbua.
1439 2123 1476 2157 P
1519 2134 1526 2171 3:

152 2191 278 2226 abitus
293 2191 330 2225 P
399 2195 442 2227 29
467 2202 582 2227 marci
600 2192 673 2227 BP
740 2180 834 2237 10111]
861 2192 903 2236 P,
929 2193 1056 2228 deinde
1078 2203 1150 2227 uox
1169 2202 1322 2226 circum·
1340 2192 1381 2227 in
1398 2201 1471 2227 ras.
1523 2216 1526 2253 !

151 2238 253 2273 inP
