1526 2444
624 30 677 68 VI
703 34 841 76 11—16
1324 27 1411 70 391

122 143 183 187 Vt
226 144 439 198 sceptrum
483 139 566 182 hoc
605 163 655 170 —
697 139 847 182 dextra
891 140 1106 194 sceptrum
1149 151 1251 240 ιὲαῑὺιι
1294 135 1410 178 forte

1055 210 1156 253 gere
1188 210 1212 238 a
1268 219 1319 226 —

121 273 356 316 numquam
386 257 537 302 fronde
569 257 668 300 leui.

65 346 110 387 et
136 343 214 386 illa
244 341 426 384 mutatio
458 339 780 396 elegantissima
811 341 896 394 est,
927 341 976 381 ut
1007 338 1058 381 de
1090 352 1174 394 quo
1205 337 1410 393 loqueba·
1428 336 1485 379 14

8 418 46 466 „⁵
65 405 151 458 tur,
184 401 328 445 subito
361 400 414 442 ad
445 400 588 455 ipsum
620 398 754 441 uerba
785 400 1056 441 conuerteret

124 487 171 527 ut
201 484 316 526 bello
349 482 544 538 egregias
575 481 690 523 idem
722 480 938 523 disiecerit
968 480 1115 535 urbes,

123 543 380 598 Troiamque
412 540 746 596 Oechaliamque
777 543 822 582 et
853 540 982 582 duros
1014 539 1131 581 mille
1162 539 1334 581 labores

123 615 223 657 rege
256 601 334 643 sub
367 599 612 655 Eurystheo
644 599 748 641 fatis
780 598 957 641 Iunonis
989 597 1164 653 iniquae

122 660 351 716 pertulerit
381 662 431 702 tu
460 659 702 713 nubigenas
731 657 892 700 inuicte
925 656 1184 699 bimembres

25 766 40 781 n
67 745 110 786 et
140 743 318 798 reliqua.
378 741 457 783 illa
487 755 589 783 uero
620 739 884 782 intermissio
1431 738 1488 781 15

125 839 231 880 quos
270 837 350 879 ego
381 847 440 853 —-
471 822 545 864 sed
582 824 722 865 motos
754 822 949 876 praestat
980 835 1223 876 conponere
1254 820 1414 863 fluctus

10 944 11 947 ,
67 910 208 949 tracta
251 909 317 947 est
360 920 385 947 a
423 904 711 946 Demosthene
749 903 844 947 ἀλλ’
880 902 976 958 ἐμοὶ
1013 902 1095 958 μέν
1125 928 1181 934 -
1215 902 1268 946 οὐ
1305 903 1413 958 βού-

24 993 28 998 -
66 968 198 1020 λομαι
243 961 451 1020 δυσχερὲς
493 961 625 1006 οὐδὲν
669 965 808 1005 εἰπεῖν
851 962 1092 1018 ἀρχόμενος
1135 968 1214 1004 τοῦ
1259 963 1412 1017 λόγου,

9 1020 35 1062 2⁴³
67 1021 196 1074 οὗτος
228 1021 266 1066 δ’
299 1023 346 1066 ἐκ
375 1025 630 1079 περιουσίας
661 1022 769 1077 ἐμοῦ
800 1029 1043 1078 κατηγορεῖ.

9 1112 41 1160 ζμ
67 1107 173 1149 haec
204 1096 311 1148 uero·
340 1120 469 1161 quam
499 1106 671 1161 poetica
699 1104 945 1161 indignatio
1430 1105 1487 1147 16

9 1166 33 1175 Α
349 1202 427 1243 pro
459 1187 653 1242 Iuppiter
683 1188 765 1229 ibit

10 1247 38 1299 ὲ
125 1247 195 1290 hic
227 1247 305 1303 ait,
807 1251 810 1254 ’

10 1324 42 1366 'e’
65 1330 171 1372 haec
202 1329 423 1371 miseratio

26 1387 35 1398 ⁴
126 1427 151 1455 o
182 1411 326 1466 patria
358 1425 382 1454 o
414 1411 527 1466 rapti
557 1410 817 1466 nequiquam
850 1424 900 1451 ex
932 1410 1057 1452 hoste
1088 1409 1290 1452 Penates!

69 1497 112 1536 et
142 1494 218 1536 illa
248 1494 480 1549 trepidatio

127 1577 236 1619 ferte
269 1576 343 1618 citi
373 1575 553 1631 ferrum,
585 1575 683 1617 date
715 1575 803 1618 tela
835 1577 878 1617 et
910 1575 1101 1617 scandite
1133 1589 1299 1630 muros,

128 1635 266 1677 hostis
297 1635 436 1690 adest,

69 1719 114 1760 et
146 1718 396 1773 conquestio

129 1814 252 1842 mene
283 1800 415 1855 igitur
447 1799 610 1842 socium
640 1798 777 1841 tantis
812 1798 1044 1854 adiungere
1077 1799 1224 1854 rebus,

14 1926 41 1969 ΞΞ
167 1926 186 1957 1
211 1922 303 1957 Aen.
329 1921 399 1956 XII
424 1925 492 1956 206
578 1924 599 1956 6
625 1919 676 1955 ib.
702 1919 788 1954 VIII
814 1923 883 1955 290
959 1923 1000 1955 11
1027 1921 1077 1956 ib.
1103 1920 1120 1954 I
1149 1924 1215 1956 135
1303 1923 1345 1955 12
1373 1920 1420 1956 de

12 2006 43 2046 Μ,
70 1973 192 2051 {quib}
210 1968 474 2051 ἔῖνΠΠΙὸΙέζθιι.
498 1967 568 2002 IIII
594 1971 662 2003 590
743 1970 786 2002 19
811 1967 862 2002 ib.
889 1967 922 2002 V
949 1972 1019 2003 632
1097 1971 1141 2003 21
1167 1968 1217 2005 ib.
1245 1967 1349 2044 VIIiI
1374 1971 1422 2003 3?

12 2152 15 2161 ,
43 2157 47 2170 ,v
166 2130 187 2162 8
213 2127 371 2163 heristeo
399 2127 436 2161 P
532 2131 572 2162 11
602 2130 783 2173 coponere
811 2125 861 2162 P'
962 2132 1003 2163 12
1030 2128 1242 2164 dcmostene
1263 2148 1271 2155 ·
1292 2129 1438 2171 MAG·-

12 2184 16 2223 ἑ
45 2208 49 2219 ¹.
72 2174 142 2210 ΜΟ
153 2173 157 2219 Ι
170 2175 736 2210 ΙΜΕΝΟΟΤΟΥΛΟΓΟΥΤΟΕΔΕ
822 2175 1421 2222 (ΥΒΟΥΛΟΓΟΥΛΔΙΔΥΕΧΕΡΕἷ

12 2230 16 2266 51
73 2219 691 2257 ΧΟΞΔΕΝΟΙΠΕΙΝΑΡΧΟΜΕΝΟ(
715 2223 960 2258 ΤΟΥΛΟΓΟΥ
983 2223 1135 2258 ΟΥΤΟ(
1161 2223 1222 2259 ΔΕ
1240 2223 1419 2267 ΠΕΡΙΟΥι

35 2284 50 2308 ῃ
74 2266 298 2304 (ΙΑΕΕΜΟΥ
324 2269 561 2304 ΚΛΤΗΓΟΡΕΙ
581 2269 650 2317 hec
671 2269 708 2304 P
766 2273 809 2304 19
836 2279 857 2304 o
876 2270 1001 2315 patna
1021 2280 1087 2306 om.
1110 2270 1147 2305 P
1204 2270 1361 2315 penetes
1374 2268 1427 2305 P'

15 2321 81 2444 ἰῇ,
