1526 2444
130 66 215 107 258
642 65 738 102 SAT.
764 65 891 101 LIBRI
916 66 948 100 V
1502 0 1526 165 1

68 175 121 218 15
136 172 207 214 sed
232 172 329 226 iam,
361 171 398 213 si
423 171 600 224 uidetur,
632 185 656 213 a
681 172 904 213 collatione
929 186 1126 214 uersuum
1150 174 1451 216 translatorum

134 230 317 282 facesso,
350 232 397 269 ut
427 243 504 270 nec
534 229 757 271 uniformis
788 231 974 271 narratio
1006 232 1146 284 pariat
1177 245 1226 272 ex
1258 232 1452 274 satietate
1521 229 1526 280 ἱ

135 287 366 340 fastidium,
392 290 434 328 et
459 301 594 328 sermo
621 287 674 328 ad
699 288 782 329 alia
807 302 894 329 non
917 288 1053 329 minus
1074 290 1286 341 praesenti
1305 303 1453 332 causae

68 349 120 391 16
136 346 236 399 apta
266 343 483 387 uertatur?
535 343 678 399 ‘perge
710 345 880 399 quaeso'
906 346 1044 399 inquit
1069 345 1258 388 Auienus
1285 346 1453 402 ‘omnia,

134 416 240 456 quae
260 401 449 444 Homero
471 403 694 456 subtraxit,
714 404 983 458 inuestigare.
1034 403 1132 457 quid
1152 404 1262 444 enim
1283 405 1453 447 suauius
1489 426 1506 453 ⁵

135 475 261 515 quam
299 460 402 501 duos
440 460 690 514 praecipuos
727 464 846 501 uates
884 460 1028 502 audire
1061 461 1172 502 idem
1203 462 1454 515 loquentes?

135 518 235 572 quia
271 532 365 559 cum
402 518 485 559 tria
522 518 625 559 haec
663 532 713 559 ex
744 532 878 572 aequo
909 518 1178 572 inpossibilia
1208 521 1455 575 iudicentur,

134 577 202 617 uel
222 575 315 617 Ioui
339 575 502 616 fulmen
526 576 593 616 uel
613 575 787 617 Herculi
813 576 976 617 clauam
995 576 1064 617 uel
1085 590 1247 618 uersum
1271 578 1454 620 Homero

136 633 396 687 subtrahere,
423 633 545 688 quod,
565 634 645 675 etsi
664 633 755 674 fieri
775 636 962 687 possent,
982 634 1111 675 alium
1129 637 1271 676 tamen
1290 637 1455 678 nullum
1522 642 1526 644 ’

136 691 302 733 deceret
336 691 405 732 uel
442 690 602 732 fulmen
633 694 798 745 praeter
828 690 973 732 Iouem
1004 692 1158 747 iacere,
1194 693 1263 733 uel
1295 697 1455 735 certare
1475 692 1526 740 ω’

135 751 303 803 praeter
344 748 569 790 Herculem
618 749 789 799 robore,
836 749 903 790 uel
952 762 1099 790 canere
1147 751 1258 804 quod
1304 751 1456 793 cecinit
1523 780 1526 781 ν

136 806 365 857 Homerus:
385 806 455 847 hic
474 809 711 861 opportune
731 806 774 847 in
795 820 900 860 opus
922 821 1056 860 suum,
1076 822 1181 861 quae
1201 809 1316 861 prior
1335 811 1454 851 uates
1520 812 1526 838 τ’

137 865 311 918 dixerat,
335 864 627 906 transferendo
653 864 764 917 fecit,
788 868 836 905 ut
862 878 939 905 sua
964 878 1054 905 esse
1080 866 1313 908 credantur.
1354 881 1455 921 ergo
1521 910 1526 913 ,

137 936 214 976 pro
245 925 346 963 uoto
379 922 566 963 omnium
596 921 757 975 feceris,
788 922 823 962 si
854 936 947 963 cum
977 922 1055 964 hoc
1081 926 1202 964 coetu
1227 925 1456 966 communi·
1522 943 1526 950 =·

138 981 234 1021 cata
265 979 389 1032 uelis,
419 993 704 1033 quaecumque
736 982 877 1021 uestro
907 982 1052 1021 noster
1083 984 1210 1034 poeta
1240 985 1454 1023 mutuatus
1476 987 1526 1026 1⁵*

71 1043 122 1083 17
140 1037 229 1078 est.²
291 1036 408 1078 ‘cedo
449 1035 596 1092 igitur'
627 1037 877 1078 Eustathius
911 1037 970 1078 ait
1000 1037 1308 1092 ‘Vergilianum
1339 1041 1456 1081 uolu-
1518 1046 1526 1099 ὲ

139 1109 245 1147 men,
277 1094 376 1149 quia
406 1095 522 1136 locos
550 1094 740 1148 singulos
768 1093 855 1136 eius
882 1094 1109 1149 inspiciens
1135 1095 1456 1139 Homericorum
1521 1100 1524 1107 ⁴

138 1167 336 1194 uersuum
377 1153 614 1206 promptius
653 1151 935 1193 admonebor?
1003 1167 1178 1207 cumque
1216 1153 1458 1208 Symmachi
1522 1152 1526 1198 ζ

138 1211 255 1252 iussu
279 1210 464 1251 famulus
490 1211 539 1251 de
565 1210 825 1251 bibliotheca
849 1211 1028 1263 petitum
1053 1211 1207 1252 librum
1227 1212 1457 1267 detulisset,
1514 1218 1526 1267 ξ

138 1271 294 1310 temere
331 1268 467 1309 uoluit
496 1267 768 1321 Eustathius,
805 1271 852 1308 ut
882 1282 1047 1323 uersus,
1084 1283 1189 1323 quos
1221 1270 1308 1311 fors
1339 1271 1455 1312 dctu-
1476 1274 1526 1331 »οξ

71 1326 270 1378 181isset,
295 1325 520 1379 inspiceret
545 1328 588 1366 et
613 1324 781 1366 ‘uidete'
805 1325 944 1379 inquit
964 1325 1148 1380 ‘portum
1169 1327 1220 1368 ad
1241 1328 1457 1370 ciuitatem
1510 1334 1526 1381 ,ξ

140 1383 318 1425 Didonis
351 1398 401 1425 ex
430 1382 577 1425 Ithaca
607 1383 861 1438 migrantem
1510 1381 1526 1435 1

199 1468 264 1505 est
292 1464 338 1505 in
370 1477 537 1505 secessu
567 1463 696 1517 longo
727 1463 859 1516 locus,
888 1464 1028 1506 insula
1059 1468 1227 1518 portum
1511 1438 1526 1531 Ξ

200 1521 330 1563 efficit
362 1521 530 1563 obiectu
561 1521 756 1574 laterum,
788 1522 939 1575 quibus
972 1523 1107 1564 omnis
1139 1525 1192 1565 ab
1225 1525 1312 1566 alto
1508 1533 1526 1587 ἐξ

198 1579 424 1633 frangitur,
453 1579 579 1633 inque
611 1579 726 1619 sinus
759 1579 912 1620 scindit
943 1594 1032 1621 sese
1063 1581 1174 1622 unda
1205 1582 1410 1623 reductos.
1475 1585 1526 1636 εεῑξ

199 1637 297 1679 hinc
329 1642 455 1691 atque
486 1636 585 1677 hinc
616 1640 762 1678 uastae
793 1651 918 1690 rupes
949 1639 1187 1693 geminique
1213 1640 1429 1681 minantur
1523 1637 1526 1641 ’

200 1696 244 1736 in
275 1696 436 1737 caelum
469 1695 642 1748 scopuli,
674 1709 850 1748 quorum
882 1695 958 1736 sub
989 1697 1145 1738 uertice
1176 1697 1261 1738 late

202 1767 385 1807 aequora
414 1754 508 1793 tuta
539 1753 682 1793 silent:
714 1754 805 1793 tum
836 1752 953 1794 siluis
986 1767 1139 1795 scaena
1170 1756 1354 1796 coruscis
1514 1794 1526 1799 ,.

201 1811 379 1864 desuper
414 1809 685 1863 horrentique
721 1811 860 1851 atrum
897 1824 1043 1853 nemus
1074 1812 1268 1854 imminet
1298 1813 1459 1854 umbra.
1511 1820 1515 1836 ³

200 1868 340 1910 fronte
373 1867 449 1908 sub
482 1867 658 1908 aduersa
691 1867 875 1921 scopulis
906 1869 1183 1921 pendentibus
1217 1873 1402 1912 antrum:
1477 1884 1526 1914 ³01

200 1926 312 1967 intus
344 1938 475 1980 aquae
508 1925 648 1966 dulces
680 1925 860 1979 uiuoque
892 1927 1038 1968 sedilia
1069 1942 1184 1979 saxo,
1516 1930 1519 1931 ⁷

236 2053 280 2084 23
305 2048 393 2084 Aen.
420 2050 435 2083 I
462 2051 527 2083 159

237 2167 258 2199 ὅ
284 2164 435 2199 homoro
464 2161 509 2198 P'
625 2168 665 2198 12
698 2166 915 2210 opportune]
947 2167 1128 2211 posterior
1157 2169 1247 2204 coni.
1278 2168 1462 2204 Bentleius

145 2211 255 2256 (Mus.
286 2210 399 2246 Rhen.
426 2213 534 2254 1881,
563 2212 649 2254 325)
747 2214 788 2245 13
820 2212 1048 2248 tansferendo
1083 2214 1131 2248 P'
1253 2217 1295 2248 16
1321 2217 1405 2262 cetu
1429 2213 1465 2249 P
1503 2219 1514 2223 ”“

147 2261 190 2293 18
215 2256 405 2292 simmachi
429 2257 464 2291 P
533 2260 575 2291 26
601 2257 760 2292 mmatur
785 2257 831 2292 P‘
906 2262 949 2294 28
974 2259 1081 2295 scena
1106 2260 1288 2296 choruscis
1307 2261 1344 2295 P
