1526 2444
642 65 675 100 11
701 69 816 102 5—15
1314 64 1400 107 589

54 189 187 230 usque
218 173 271 216 ad
310 175 405 216 octo
437 173 633 216 soliditas
672 176 738 215 est
767 172 975 228 corporis,
1005 172 1102 215 ideo
1139 173 1252 215 inter
1287 172 1403 228 prin-

30 236 37 286 'j
56 233 169 288 cipia
188 232 287 275 huic
305 246 482 274 numero
502 232 812 287 plenitudinem
826 230 1060 287 deputauit.
1097 245 1211 274 nunc
1231 233 1404 286 oportet

30 308 38 331 ς
57 307 108 335 ex
138 291 293 347 impari
332 305 501 347 quoque
532 305 712 334 numero
744 305 871 346 quem
904 290 958 333 ad
990 290 1163 333 modum
1200 290 1314 332 idem
1345 290 1403 332 ef-

57 351 244 407 finiatur,
278 350 500 405 inspicere.
562 352 606 392 et
643 350 745 406 quia
776 352 867 392 tam
898 350 1015 405 paris
1054 364 1182 405 quam
1224 349 1403 404 imparis
1419 350 1474 394 12

58 409 225 452 numeri
271 423 421 451 monas
466 409 589 465 origo
635 411 720 464 est,
761 409 977 451 ternarius
1016 423 1220 450 numerus
1262 408 1405 464 prima

57 468 172 511 linea
198 482 291 510 esse
317 467 522 510 credatur.
583 468 655 510 1110
679 468 926 534 triplicatus
951 467 1231 510 nouenarium
1256 481 1404 509 nume-

32 547 33 550 *
57 541 155 570 rum
185 527 302 582 facit,
333 527 406 582 qui
439 529 482 568 et
512 527 604 581 ipse
637 528 759 583 quasi
791 526 842 568 de
875 526 1040 569 duabus
1066 526 1193 569 lineis
1223 526 1404 582 longum

57 586 278 640 latumque
316 600 470 640 corpus
509 586 658 641 efficit,
697 586 807 628 sicut
838 586 1156 640 quaternarius,
1195 586 1406 628 secundus

0 652 31 696 ]..{
59 644 111 688 de
140 645 329 700 paribus,
355 645 497 687 efficit.
545 644 649 687 item
675 645 934 687 nouenarius
960 645 1205 699 triplicatus
1231 644 1407 686 tertiam

0 707 5 712 “
60 703 371 746 dimensionem
402 705 608 758 praestat.
666 706 709 745 et
739 704 802 745 ita
833 718 858 745 a
888 706 1010 758 parte
1035 704 1213 758 imparis
1238 703 1407 745 numeri

0 761 3 818 ζ
58 763 104 805 111
140 762 299 818 uiginti
341 765 524 816 septem,
561 777 669 818 quae
708 764 811 804 sunt
847 764 912 804 ter
942 764 1068 804 terna
1098 765 1184 816 ter,
1222 762 1407 803 solidum

0 861 3 863 ,
60 835 214 876 corpus
254 821 455 875 efficitur,
494 821 605 863 sicut
641 821 687 862 in
723 834 902 863 numero
943 820 1041 876 pari
1082 820 1149 862 bis
1188 821 1291 862 bina
1327 820 1408 875 bis,

11 878 27 929 {j
60 880 134 936 qui
165 882 231 922 est
262 880 525 934 octonarius,
558 879 819 922 soliditatem
858 880 1030 922 creauit.
1093 893 1195 935 ergo
1235 879 1288 922 ad
1321 879 1408 921 effi-
1424 882 1479 924 13

61 938 256 982 ciendum
293 938 524 994 utrobique
562 939 746 981 solidum
784 953 939 994 corpus
977 953 1128 981 monas
1164 938 1410 981 necessaria

9 975 147 1053 inest,
179 1000 223 1039 et
253 1012 327 1039 sex
359 997 434 1039 alii
463 999 632 1041 numeri
662 998 705 1039 id
743 1000 810 1039 est
841 998 955 1040 terni
986 1012 1012 1039 a
1041 997 1137 1052 pari
1168 1000 1212 1039 et
1242 997 1409 1052 impari,

11 1044 39 1171 ξ
63 1072 90 1099 a
126 1057 219 1111 pari
258 1056 428 1111 quidem
466 1057 549 1098 duo
587 1059 791 1112 quattuor
822 1059 938 1109 octo,
975 1057 1029 1098 ab
1067 1057 1225 1111 impari
1266 1059 1409 1098 autem

3 1146 6 1147 ν
62 1115 149 1158 tria
190 1129 345 1157 nouem
377 1116 535 1171 uiginti
569 1118 745 1183 septem
806 1115 1008 1158 Timaeus
1046 1115 1182 1171 igitur
1211 1115 1408 1158 Platonis
1427 1118 1482 1160 14

12 1203 32 1243 ζ
62 1175 111 1216 111
139 1173 392 1216 fabricanda.
417 1174 565 1216 mundi
592 1175 734 1217 anima
760 1174 988 1216 consilium
1014 1173 1256 1216 diuinitatis
1282 1188 1412 1216 0111111-

14 1233 179 1297 tians
218 1233 297 1287 ait,
333 1233 456 1275 illam
500 1248 576 1288 per
612 1233 692 1275 hos
729 1247 930 1275 numeros
974 1233 1112 1275 fuisse
1152 1235 1412 1286 contextam,

11 1269 54 1342 1ο
70 1291 144 1347 qui
169 1294 214 1334 et
245 1306 270 1334 a
294 1292 389 1347 pari
414 1294 457 1333 et
483 1293 536 1334 ab
562 1292 719 1348 impari
744 1293 912 1347 cubum,
941 1291 985 1334 id
1011 1294 1076 1334 est
1099 1292 1411 1347 perfectionem

14 1349 32 1394 ξ’
64 1350 309 1405 soliditatis,
335 1351 537 1406 efficiunt,
567 1365 655 1393 non
681 1351 780 1406 quia
812 1350 975 1406 aliquid
1001 1351 1265 1406 significaret
1290 1351 1413 1393 illam

18 1409 220 1452 habere
235 1423 500 1464 corporeum,
520 1410 591 1452 sed
613 1413 662 1452 ut
675 1410 816 1465 possit
829 1410 1159 1452 uniuersitatem
1179 1410 1412 1452 animando

16 1467 286 1523 penetrare
307 1471 350 1510 et
364 1469 512 1510 mundi
532 1469 718 1512 solidum
733 1483 887 1524 corpus
909 1469 1100 1524 implere,
1119 1483 1196 1524 per
1208 1483 1412 1511 numeros

11 1531 26 1578 ἶ
67 1527 300 1570 soliditatis
339 1527 495 1570 effecta
539 1530 616 1571 est.
676 1542 790 1570 nunc
828 1528 880 1569 ad
921 1528 1015 1583 ipsa
1046 1527 1243 1570 Platonis
1280 1528 1414 1570 uerba
1429 1531 1484 1573 15

0 1591 48 1635 β
65 1586 302 1629 ueniamus.
348 1601 450 1628 nam
476 1602 571 1630 cum
604 1587 655 1628 de
681 1587 760 1629 deo
787 1587 975 1629 animam
1001 1587 1149 1628 mundi
1175 1586 1413 1629 fabricante

26 1645 326 1700 loqueretur,
364 1647 425 1687 ait
468 1646 682 1701 primam
725 1660 782 1688 ex
819 1646 953 1688 omni
999 1645 1254 1688 fermento
1297 1661 1415 1700 par·
1445 1642 1526 1680 Μ’»

24 1706 166 1746 tem
200 1703 349 1746 tulit:
386 1705 505 1747 hinc
537 1705 758 1760 sumpsit
795 1704 1000 1759 duplam
1038 1707 1236 1760 partem
1280 1705 1416 1760 prio-

0 1722 33 1805 {z
66 1763 156 1817 ris,
217 1763 428 1806 tertiam
482 1778 603 1806 uero
667 1764 915 1806 secundae
977 1763 1274 1806 hemioliam
1330 1764 1416 1806 sed

0 1807 33 1907 i}
68 1821 264 1877 primae
313 1822 545 1878 triplam,
594 1824 643 1865 et
692 1825 927 1878 quartam
977 1822 1182 1878 duplam
1238 1837 1416 1865 secun-

71 1879 180 1936 dae,
234 1881 464 1935 quintam
517 1881 702 1924 tertiae
763 1882 1000 1936 triplam,
1055 1884 1251 1924 sextam
1312 1882 1414 1936 pri·

69 1953 177 1981 mae
229 1940 488 1994 octuplam
531 1942 581 1982 et
631 1940 898 1996 septimam
948 1940 1108 1983 uicies
1153 1940 1346 1996 septies
1391 1955 1415 1983 a

0 1994 36 2040 1
69 1998 233 2053 prima
275 1999 691 2054 multiplicatam.
752 2002 870 2054 post
911 1999 1006 2042 hoc
1050 2000 1244 2055 spatia,
1288 2014 1416 2055 quae

0 2126 3 2158 ξ
167 2118 188 2150 5
213 2114 402 2150 finanus
424 2114 461 2148 P
554 2119 575 2150 9
599 2114 802 2161 triplicatis
821 2115 1013 2151 12'12
1040 2115 1196 2152 efficiter
1222 2114 1272 2151 P'
1372 2119 1415 2152 17

16 2199 18 2201 ‚
70 2161 219 2206 tymeus
237 2161 275 2196 B
384 2165 428 2198 18
451 2161 596 2197 fabrica.
619 2127 675 2197 Bp
765 2165 810 2198 19
835 2163 1012 2198 contextu
1037 2162 1086 2198 P'
1193 2167 1239 2199 20
1264 2163 1360 2208 cybsx
1386 2164 1423 2199 P

71 2211 118 2244 22
143 2209 317 2245 ammado
345 2208 395 2244 P‘
499 2212 544 2244 23
569 2210 785 2254 penetraret
809 2214 851 2246 ut
875 2211 952 2246 uid.
979 2208 1026 2245 P'
1125 2222 1150 2257 p
1175 2211 1348 2246 numofos
1368 2208 1418 2246 P'

14 2254 16 2295 J
73 2258 117 2290 27
143 2254 240 2291 hanc
266 2256 300 2291 Β
373 2259 419 2292 28
445 2256 596 2292 emiolia.
622 2254 673 2292 P‘
746 2257 801 2293 fet
823 2257 861 2293 Β
934 2262 977 2293 31
1004 2257 1127 2304 u1g1es
1146 2258 1185 2293 B
1257 2262 1301 2294 32
1324 2258 1419 2293 mul-

12 2303 14 2306 ’
72 2301 243 2348 tiphcata
266 2303 304 2338 B
375 2304 447 2339 hoc
470 2314 536 2340 om.
563 2304 601 2339 B
