1526 2444
136 108 192 147 72
643 107 744 143 SAT.
769 107 897 142 LIBRI
921 107 937 142 I
1456 0 1526 228 ¹

137 213 299 267 Nonas,
330 214 439 256 sicut
462 213 606 255 Numa
637 214 867 268 constituit,
897 214 996 268 quia
1024 214 1133 256 nihil
1163 215 1208 255 in
1233 214 1301 257 his
1324 215 1458 260 Iulius
1500 244 1502 246 >

137 273 340 314 mutauit:
361 272 433 313 sed
452 271 673 313 Ianuarius
688 270 862 314 Sextilis
875 272 1119 327 December,
1139 273 1290 328 quibus
1305 272 1524 322 Caesar-a
1515 287 1518 288 ’

136 331 260 372 binos
293 330 381 371 dies
413 330 587 381 addidit,
617 330 716 371 licet
745 331 928 372 tricenos
961 331 1151 385 singulos
1183 331 1337 372 habere
1362 336 1460 386 post
1500 322 1526 383 ἒ

137 388 363 431 Caesarem
402 388 637 442 coeperint,
674 388 898 443 quintanas
934 390 1077 430 tamen
1113 389 1272 430 habent
1301 389 1460 444 Nonas,
1499 384 1526 443 ,ῗἚ

138 451 181 488 et
208 446 260 487 ab
281 445 426 487 Idibus
451 446 536 487 illis
563 449 783 500 sequentes
803 446 1048 488 Kalendae
1037 461 1082 487 m
1098 447 1460 491 undeuicesimum
1497 469 1518 492 a,

136 506 420 554 reuertuntur,
446 504 546 558 quia
571 502 739 558 Caesar,
764 518 868 558 quos
895 505 1056 546 addidit
1081 504 1180 558 dies,
1205 519 1342 560 neque
1362 509 1460 548 ante

136 562 286 604 Nonas
323 575 458 615 neque
490 563 588 603 ante
618 561 718 603 Idus
749 562 932 603 inserere
962 563 1119 614 uoluit,
1156 576 1210 603 ne
1241 561 1460 606 Nonarum

138 623 212 661 aut
247 619 394 661 Iduum
432 619 700 674 religionem,
743 633 850 674 quae
888 623 1000 662 stato
1039 623 1131 661 erat
1167 621 1250 674 die,
1291 623 1460 663 nouella
1505 641 1524 659 :2

96 677 581 732 9comperendinatione
624 683 922 732 corrumperet.
990 678 1062 719 sed
1103 692 1180 719 nec
1220 681 1319 733 post
1360 679 1459 722 Idus

137 750 237 777 mox
262 735 400 778 uoluit
423 736 619 787 inserere,
644 750 698 776 ne
723 735 924 777 feriarum
950 749 1210 791 quarumque
1229 737 1460 780 uiolaretur

137 794 335 847 indictio,
379 793 451 834 sed
493 793 678 847 peractis
722 794 920 847 cuiusque
962 794 1120 835 mensis
1160 794 1276 835 feriis
1320 795 1459 838 locum
1506 818 1510 828 ι’

137 851 286 893 diebus
324 851 498 892 aduenis
535 851 646 893 fecit.
708 854 750 892 et
779 851 976 893 Ianuario
1014 852 1181 907 quidem
1212 853 1318 906 dies,
1355 867 1460 907 quos

137 910 334 963 dicimus,
383 911 583 963 quartum
632 912 674 950 et
722 909 897 951 tertium
945 909 1161 951 Kalendas
1210 909 1460 954 Februarias
1496 918 1500 926 ”

137 967 268 1022 dedit,
308 967 447 1021 Aprili
484 970 649 1008 sextum
686 961 902 1009 Kalendas
937 966 1090 1022 Maias,
1126 967 1247 1010 Iunio
1285 970 1459 1011 tertium

137 1025 355 1067 Kalendas
375 1025 520 1075 Iulias,
544 1024 742 1080 Augusto
769 1028 968 1079 quartum
992 1028 1035 1067 et
1052 1026 1226 1067 tertium
1245 1025 1460 1069 Kalendas
1477 1035 1521 1069 1'

140 1082 194 1125 Se
196 1084 428 1138 ptembres,
477 1081 718 1136 Septembri
766 1084 940 1125 tertium
983 1083 1197 1125 Kalendas
1241 1084 1462 1140 Octobres,
1497 1087 1523 1138 3

138 1140 377 1183 Nouembri
395 1141 569 1182 tertium
587 1139 804 1182 Kalendas
823 1141 1093 1196 Decembres,
1117 1141 1342 1183 Decembri
1360 1157 1460 1186 uero
1502 1159 1522 1186 a

70 1202 126 1244 10
139 1201 337 1254 quartum
375 1202 417 1240 et
452 1198 624 1240 tertium
661 1198 877 1240 Kalendas
913 1199 1146 1241 Ianuarias.
1204 1201 1267 1241 ita
1303 1200 1462 1242 factum
1495 1215 1524 1247 ff

138 1260 206 1299 est
247 1260 315 1310 ut,
358 1271 453 1298 cum
491 1271 636 1298 omnes
673 1257 719 1298 hi
754 1271 935 1311 menses,
971 1258 1124 1311 quibus
1163 1257 1251 1299 dies
1289 1258 1463 1313 addidit,
1494 1257 1508 1311 'J

139 1318 238 1357 ante
274 1315 385 1356 hanc
423 1314 735 1356 ordinationem
771 1315 1024 1356 habuissent
1054 1316 1211 1356 mensis
1244 1318 1460 1370 sequentis
1484 1329 1511 1359 τ’,

138 1373 351 1415 Kalendas
391 1372 444 1414 ad
482 1372 710 1427 septimum
748 1373 954 1414 decimum
990 1375 1271 1427 reuertentes,
1313 1377 1462 1428 postea
1503 1386 1510 1422 j

139 1446 190 1472 ex
222 1433 452 1486 augmento
490 1430 733 1472 additorum
764 1431 925 1473 dierum
955 1430 1018 1485 hi,
1057 1432 1129 1485 qui
1161 1431 1265 1473 duos
1296 1445 1462 1487 aocepe·
1497 1466 1521 1486 .>

138 1492 251 1544 runt,
281 1490 334 1530 ad
357 1503 517 1530 nonum
543 1488 763 1543 decimum,
794 1489 865 1542 qui
891 1502 992 1530 uero
1018 1503 1161 1544 unum,
1186 1489 1239 1531 ad
1265 1493 1463 1532 octauum
1495 1534 1498 1540 ,

71 1550 123 1590 11
140 1548 348 1589 decimum
398 1547 608 1588 haberent
655 1546 840 1588 reditum
887 1546 1190 1588 Kalendarum.
1260 1546 1462 1590 feriarum
1494 1583 1495 1587 ,

138 1609 286 1647 tamen
317 1605 519 1658 cuiusque
550 1605 709 1645 mensis
743 1605 845 1646 ordo
877 1607 1070 1646 seruatus
1101 1607 1176 1646 est.
1229 1620 1329 1647 nam
1355 1606 1459 1648 sicui
1483 1614 1501 1660 ιζ

139 1663 227 1705 fere
258 1663 410 1704 tertius
441 1663 495 1703 ab
526 1661 670 1703 Idibus
701 1662 789 1704 dies
819 1663 955 1704 festus
987 1665 1061 1703 aut
1089 1663 1266 1704 feriatus
1296 1663 1390 1718 fuit,
1421 1667 1463 1706 et
1494 1679 1510 1717 {24

137 1725 241 1763 tunc
285 1735 321 1762 a.
364 1721 402 1761 d.
446 1722 612 1762 sextum
656 1720 865 1762 decimum
908 1721 1143 1774 dicebatur,
1191 1721 1322 1762 etiam
1363 1725 1463 1776 post
1494 1753 1498 1759 .

140 1780 419 1834 augmentum
444 1778 604 1818 dierum
630 1778 776 1818 eadem
800 1778 953 1832 religio
977 1781 1147 1820 seruata
1166 1781 1243 1832 est,
1267 1782 1316 1820 ut
1333 1781 1461 1822 tertio
1492 1788 1518 1822 ,ᾗ

140 1838 193 1878 ab
224 1836 371 1877 Idibus
409 1835 475 1876 die
513 1835 817 1890 celebraretur,
854 1836 954 1878 licet
990 1837 1043 1878 ab
1080 1835 1341 1879 incremento
1376 1852 1461 1879 non

138 1895 226 1936 iam
263 1908 299 1936 a.
330 1894 367 1936 d.
405 1895 571 1935 sextum
609 1893 817 1935 decimum
848 1893 1062 1936 Kalendas
1095 1895 1167 1936 sed
1200 1909 1235 1936 a.
1266 1895 1303 1936 d.
1335 1896 1458 1950 septi·

233 1990 253 2020 2
279 1995 484 2019 lanuarlum
508 1981 555 2018 B'
671 1983 748 2019 sext
776 1985 818 2020 in
841 1984 978 2020 sextilis
998 1986 1039 2020 in
1062 1995 1133 2020 ras.
1159 1985 1287 2020 deinde
1311 1985 1342 2020 8⁶
1364 1986 1405 2020 in
1429 1986 1466 2021 P
1490 2011 1494 2015 »

137 2037 161 2066 4
186 2032 350 2076 coeperit
373 2030 421 2066 P'
512 2030 631 2065 nonas
650 2041 716 2066 om.
742 2031 779 2065 P
865 2035 886 2065 5
910 2043 947 2066 1n
973 2042 1038 2067 om.
1064 2032 1139 2066 BP
1218 2036 1237 2066 7
1263 2042 1308 2066 ne
1333 2042 1462 2066 norum
1492 2042 1494 2047 ’

137 2076 188 2113 Β’
275 2081 296 2111 8
315 2077 431 2112 1d1um
455 2076 502 2111 B‘
585 2078 690 2112 erant
715 2077 749 2111 P
826 2081 867 2112 12
893 2077 973 2112 dies
992 2089 1058 2113 om.
1083 2078 1120 2112 P
1196 2082 1237 2112 13
1263 2078 1467 2113 febroarlal'

138 2124 185 2160 B'
191 2124 227 2159 P
297 2127 341 2158 14
366 2123 496 2168 aprllls
515 2122 561 2158 B'
636 2127 678 2157 15
704 2125 856 2158 tertlum
881 2125 919 2158 et
943 2129 1113 2168 quartum
1137 2121 1184 2157 B'
1258 2127 1394 2159 16--18
1420 2125 1463 2159 kt
1487 2148 1490 2150 -

138 2171 175 2206 Ρ
260 2174 305 2205 20
330 2170 389 2214 seq
391 2170 521 2205 nentes
540 2170 577 2204 Β
659 2173 702 2204 22
729 2171 936 2216 auclmento
962 2171 999 2205 B
1081 2173 1127 2204 24
1149 2169 1388 2205 kalendarem
1413 2170 1460 2205 B'
1492 2179 1494 2182 ’

138 2220 184 2252 26
208 2216 302 2251 ferre
367 2182 534 2251 qtertmm
559 2213 605 2250 B
690 2221 733 2251 27
761 2217 807 2251 ad
832 2217 906 2251 BP
978 2220 1022 2252 28
1046 2217 1176 2261 rel1g10
1196 2226 1219 2251 *
1239 2217 1276 2251 P
1350 2216 1482 2252 refer-⁷

137 2264 227 2298 uata
247 2257 287 2298 Β
376 2267 420 2298 29
444 2263 530 2298 idus
550 2263 586 2297 Β
669 2267 714 2298 30
739 2263 787 2298 ad
811 2263 886 2298 BP
963 2264 1010 2298 ad
1034 2263 1078 2308 P,
1104 2273 1126 2298 a
1149 2263 1185 2297 B
1266 2262 1461 2308 septimum

136 2309 319 2345 decimum
344 2309 391 2343 P.
417 2309 611 2354 septimum
635 2309 671 2343 Β
