1526 2444
637 50 691 87 111
714 53 807 87 3-8
1001 14 1002 17 Ἴ
1309 46 1395 90 169

110 164 264 206 sancta
306 161 359 203 ad
401 175 480 204 uos
522 160 683 214 anima,
725 162 853 215 atque
895 158 1020 201 istius
1061 157 1196 200 inscia
1232 157 1399 212 culpae,

111 221 378 264 descendam.

54 319 142 347 non
183 303 295 346 enim
334 317 455 345 sacro
494 304 569 344 aut
605 301 814 357 religioso
852 301 943 343 eius
982 300 1128 343 anima
1157 299 1398 353 tenebatur,

56 378 185 419 quam
217 364 424 416 sanctam,
453 361 535 403 hoc
568 363 634 402 est
663 361 970 416 incorruptam,
1002 360 1140 402 uoluit
1164 357 1399 412 ostendere,

16 438 34 464 ⁶
52 425 102 464 ut
131 422 178 464 in
207 421 283 464 illo
316 434 483 476 quoque

335 505 468 558 tuque
500 517 525 544 o
558 502 834 545 sanctissima
865 502 1050 544 coniunx

335 562 438 604 felix
470 563 607 604 morte
638 564 726 604 tua.

53 646 97 688 in
124 660 208 702 quo
234 644 447 687 castitatis
471 643 682 686 honorem
706 643 980 699 incorruptae
1004 642 1149 684 uxoris
1176 641 1399 696 amplexus

54 707 136 747 est:
162 704 274 746 unde
294 707 338 746 et
363 706 572 745 sanctae
597 703 757 757 leges,
783 716 891 757 quae
916 716 1004 744 non
1030 701 1214 742 debeant
1237 713 1400 754 poenae

1 780 37 806 ιο
56 764 277 806 sanctione
315 762 542 816 corrumpi.
604 761 719 816 quod
757 764 900 802 autem
938 760 992 802 ad
1023 759 1213 815 priorem
1244 758 1442 814 speciei?

56 822 348 865 definitionem
385 820 436 862 de
473 822 621 863 sancto
659 819 842 871 adtinet,
879 819 924 861 id
963 823 1046 874 est,
1083 820 1132 860 ut
1163 832 1251 860 non
1284 817 1402 860 aliud

57 883 114 924 sit
144 895 270 937 quam
305 893 474 922 sacrum
505 881 580 921 aut
609 879 859 935 religiosum

269 976 364 1004 ecce
396 961 505 1004 leuis
538 975 705 1004 summo
738 961 789 1002 de
819 961 979 1003 uertice
1010 961 1130 1003 uisus
1162 959 1248 1002 Iuli

266 1020 442 1063 fundere
474 1021 619 1063 lumen
650 1035 776 1075 apex,

3 1121 38 1149 15
57 1108 100 1148 et
131 1105 260 1160 paulo
290 1105 392 1159 post

117 1202 197 1230 nos
229 1186 374 1241 pauidi
404 1186 620 1241 trepidare
651 1187 768 1228 metu
800 1185 1044 1240 crinemque
1076 1185 1330 1240 flagrantem

117 1248 314 1289 excutere
346 1247 389 1286 et
421 1247 593 1288 sanctos
624 1245 890 1300 restinguere
920 1245 1115 1287 fontibus
1147 1244 1283 1298 ignes.

57 1329 129 1371 hic
172 1328 287 1370 enim
331 1330 540 1370 sanctos
584 1342 634 1370 ac
678 1327 715 1369 si
758 1341 932 1369 sacros
978 1327 1254 1382 accipiemus,
1303 1325 1405 1380 quia

59 1388 265 1430 diuinitus
298 1387 584 1443 contigerunt.
644 1386 749 1428 item

6 1487 42 1514 80
343 1471 475 1525 tuque
507 1483 532 1511 o
565 1468 838 1511 sanctissima
868 1469 990 1510 uates

343 1528 536 1583 praescia
567 1527 739 1570 uenturi

59 1625 146 1654 non
175 1610 291 1653 aliud
316 1611 401 1652 nisi
427 1624 622 1652 sacram
655 1612 795 1664 uocat,
828 1624 957 1664 quam
988 1608 1190 1651 uidelicet
1221 1611 1408 1664 uatem,

64 1672 108 1712 et
138 1670 216 1712 deo
247 1670 421 1725 plenam
454 1671 497 1711 et
529 1669 808 1711 sacerdotem.

181 1728 396 1785 Superest,
426 1731 475 1770 ut
506 1728 608 1784 quid
641 1728 698 1770 sit
727 1727 1052 1783 religiosum,
1083 1741 1181 1769 cum
1212 1725 1451 1782 Vergilio8

7 1804 42 1832 25
62 1788 438 1830 communicemus.
479 1785 680 1830 SERVIVS
702 1785 941 1830 SVLPICIVS
962 1785 1269 1841 religionem
1295 1799 1408 1828 esse

158 1908 176 1939 1
203 1903 293 1939 Aen.
320 1903 390 1938 XII
415 1906 483 1939 648
576 1908 597 1939 6
622 1903 670 1938 ib.
696 1903 749 1938 XI
776 1906 842 1938 158
931 1906 973 1937 13
999 1902 1050 1938 ib.
1075 1902 1109 1936 II
1134 1905 1202 1938 682
1288 1905 1331 1937 16
1357 1901 1407 1937 ib.

61 1950 96 1986 II
121 1955 189 1987 685
263 1955 308 1985 20
333 1950 383 1985 ib.
409 1950 460 1985 VI
487 1955 530 1986 65

157 2061 178 2091 3
205 2056 318 2092 estius
336 2054 383 2091 B'
464 2059 485 2091 6
511 2067 644 2093 comnx
669 2055 716 2091 B'
803 2060 824 2092 8
850 2056 1044 2092 castitates
1062 2053 1110 2091 P'
1196 2058 1216 2089 9
1242 2065 1314 2101 pen
1363 2055 1409 2099 P,

60 2115 179 2149 paene
203 2101 250 2139 B'
321 2108 361 2138 11
390 2104 527 2139 attmet
551 2103 588 2138 P
650 2107 692 2139 17
719 2104 886 2139 extutere
914 2102 963 2138 P'
1027 2107 1071 2138 22
1093 2114 1205 2148 quam
1231 2102 1317 2138 uide
1333 2102 1411 2138 icet

62 2152 189 2187 uatem
220 2151 258 2186 et
289 2151 358 2186 deo
385 2151 538 2186 Iunius:
572 2154 644 2195 qua
675 2151 831 2186 u1debat
855 2150 885 2186 ὣ
910 2151 958 2187 df>
982 2150 1027 2195 P,
1063 2161 1176 2195 quam
1199 2149 1356 2186 uidebat
1379 2149 1411 2184 8⁶

61 2201 190 2234 uatem
215 2197 246 2233 85
270 2197 339 2233 deo
365 2198 413 2243 Β,
438 2209 551 2244 quam
576 2198 730 2234 uidebat
754 2199 797 2233 ut
820 2198 947 2234 uatem
973 2199 1012 2233 et
1036 2198 1105 2233 deo
1131 2197 1340 2241 Bitschofsk
1368 2207 1411 2232 us

62 2245 378 2328 dizn'linymnas.
403 2245 590 2282 Austriac.
616 2248 729 2290 1878,
753 2247 830 2281 260
910 2249 955 2280 24
980 2245 1131 2291 uirgilio
1157 2245 1193 2280 B
1266 2247 1311 2279 25
1336 2208 1393 2278 Izi·

62 2303 112 2327 uu
