1526 2444
112 81 198 122 492
409 83 555 120 oomM.
581 84 632 120 IN
657 84 799 122 sonu.
825 85 936 122 SCIP.
961 87 1087 134 Lisai
1111 88 1129 122 1
1492 0 1526 180 1

1507 190 1521 245 Ξ,

112 189 256 229 tamen
291 189 461 243 proprie
498 190 612 243 pleni
649 193 853 233 uocantur
889 193 1116 234 secundum
1153 193 1231 235 hos
1269 194 1428 248 modos,

113 245 184 298 qui
220 246 431 299 praesenti
470 247 671 289 tractatui
708 250 935 291 necessarii
971 253 1086 305 sunt,
1123 251 1194 305 qui
1231 254 1304 293 aut
1340 253 1427 294 uim

114 302 308 344 obtinent
344 303 627 358 uinculorum,
664 308 736 347 aut
778 321 956 362 corpora
997 322 1141 349 rursus
1179 308 1427 363 efficiuntur,
1507 292 1526 338 »52

113 362 186 401 aut
205 374 356 414 corpus
382 360 580 415 efficiunt,
606 363 678 404 sed
697 377 864 419 corpus,
889 365 1000 418 quod
1019 365 1315 421 intellegendo,
1340 381 1428 409 non

29 454 52 463 ,x
113 417 330 459 sentiendo
373 419 599 473 concipias.
665 422 804 462 totum
847 421 926 463 hoc
969 424 1016 463 ut
1054 423 1324 466 obscuritatis
1361 425 1426 466 de·
1463 436 1479 463 5

110 477 304 528 precetur
340 476 562 530 offensam,
603 478 729 531 paulo
768 479 895 520 altius
938 480 1119 533 repetita
1159 495 1298 523 rerum
1335 482 1428 524 luce

110 533 377 586 pandendum
407 536 483 575 est.

70 589 99 630 5
228 590 381 632 Omnia
418 606 594 644 corpora
631 594 850 647 superficie
879 594 1099 648 finiuntur,
1136 597 1178 636 et
1213 596 1256 637 in
1293 596 1429 650 ipsam

112 662 256 689 eorum
304 663 402 702 pars
450 649 602 691 ultima
649 651 912 694 terminatur.
983 652 1028 693 hi
1078 655 1216 695 autem
1256 654 1426 695 termini

111 720 206 747 cuni
238 706 324 746 sint
354 720 520 760 semper
550 708 660 749 circa
685 722 872 764 corpora,
904 724 1082 764 quorum
1112 710 1284 752 termini
1316 715 1425 764 sunt,
1445 723 1479 750 ιο
1511 717 1526 786 1

109 764 347 816 incorporei
371 767 513 805 tamen
538 765 850 820 intelleguntur.
892 781 991 808 nam
1018 782 1100 821 quo
1119 782 1250 822 usque
1275 782 1426 823 corpus

110 835 201 862 esse
239 821 398 862 dicetur
432 821 610 863 necdum
646 824 850 865 terminus
892 824 1171 880 intellegitur,
1208 826 1426 880 cogitatio,

66 877 96 918 6
112 892 217 932 quae
236 879 476 932 conceperit
493 880 733 936 terminum,
753 895 903 935 corpus
922 882 1103 936 reliquit.
1140 896 1241 938 ergo
1261 883 1424 937 primus

110 951 135 977 a
154 936 398 989 corporibus
425 936 476 977 ad
499 937 746 991 incorporea
769 939 974 980 transitus
1001 939 1178 982 offendit
1202 954 1423 995 corporum

108 994 331 1047 terminos,
368 995 409 1034 et
444 994 546 1035 haec
584 998 648 1036 est
683 996 821 1048 prima
855 996 1102 1050 incorporea
1137 1002 1289 1039 natura
1325 1001 1423 1052 post
1442 1010 1475 1037 15
1513 999 1526 1056 «i

109 1064 295 1104 corpora,
321 1052 392 1092 sed
417 1065 502 1092 non
527 1066 629 1106 pure
654 1067 732 1094 nec
757 1053 808 1095 ad
827 1054 1040 1108 integrum
1065 1068 1212 1096 carens
1238 1069 1424 1110 corpore,
1516 1057 1526 1072 “’

108 1122 208 1149 nam
243 1108 343 1150 licet
380 1112 496 1150 extra
533 1124 683 1163 corpus
719 1113 874 1152 natura
916 1112 1005 1153 eius
1043 1112 1116 1166 sit,
1152 1114 1296 1154 tamen
1337 1127 1424 1155 non
1512 1074 1526 1172 'l

107 1166 191 1207 nisi
215 1166 326 1207 circa
351 1180 502 1221 corpus
530 1172 716 1221 apparet.
776 1182 871 1210 cum
900 1171 1035 1211 totum
1064 1169 1242 1224 denique
1273 1184 1422 1224 corpus
1514 1169 1526 1207 ἕ

107 1223 323 1276 nominas,
360 1224 486 1265 etiam
524 1225 765 1278 superficies
807 1226 886 1268 hoc
922 1227 1128 1268 uocabulo
1165 1228 1421 1270 continetur:
1511 1276 1514 1285 τ

13 1326 16 1328 ,
108 1281 158 1322 de
189 1282 435 1335 corporibus
467 1296 559 1323 eam
589 1285 731 1324 tamen
761 1283 843 1325 etsi
872 1298 957 1325 non
987 1298 1054 1325 res
1085 1284 1158 1326 sed
1184 1285 1422 1327 intellectus
1441 1298 1476 1324 20

69 1338 356 1392 7scquestrat.
416 1339 519 1381 haec
556 1340 814 1394 superficies,
845 1341 954 1383 sicut
985 1344 1050 1383 est
1085 1356 1307 1395 corporum
1343 1345 1423 1384 ter·
1511 1345 1515 1352 '

108 1396 260 1448 minus,
285 1396 347 1438 ita
369 1396 492 1438 lineis
517 1397 781 1451 terminatur,
806 1413 911 1453 quas
937 1413 1012 1440 suo
1031 1400 1203 1440 nomine
1227 1400 1424 1454 γραμμάς

108 1452 286 1495 Graecia
314 1454 567 1496 nominauit:
603 1456 770 1509 punctis
806 1456 943 1498 lineae
973 1456 1187 1499 finiuntur.
1247 1461 1289 1499 et
1318 1458 1422 1500 haec

108 1513 207 1552 sunt
237 1525 425 1567 corpora,
455 1527 562 1566 quae
592 1513 892 1556 mathematica
927 1516 1148 1569 uocantur,
1185 1514 1235 1556 de
1267 1515 1420 1569 quibus
1518 1550 1520 1553 ,

56 1568 93 1610 78
108 1569 270 1610 sollerti
310 1569 520 1611 industria
558 1572 814 1625 geometriae
857 1572 1107 1626 disputatur.
1172 1586 1272 1627 ergo
1316 1573 1420 1615 haec
1440 1583 1474 1611 ²⁵
1514 1580 1519 1625 J

107 1627 347 1680 superficies
390 1641 484 1668 cum
527 1642 577 1669 ex
620 1628 763 1683 aliqua
804 1631 925 1684 parte
967 1630 1155 1683 corporis
1199 1630 1421 1684 cogitatur,

105 1698 183 1738 pro
208 1684 345 1726 forma
370 1685 548 1727 subiecti
573 1687 760 1740 corporis
786 1687 939 1741 accipit
961 1701 1179 1729 numerum
1203 1686 1421 1730 linearum.

105 1755 203 1783 nam
224 1757 298 1783 seu
315 1742 443 1783 trium
463 1746 510 1784 ut
531 1744 760 1798 trigonum,
780 1759 854 1786 seu
872 1747 1071 1798 quattuor
1090 1747 1138 1786 ut
1156 1745 1421 1799 quadratum,

107 1812 179 1840 seu
220 1800 406 1853 plurium
443 1800 498 1841 sit
540 1802 812 1856 angulorum,
851 1802 1031 1844 totidem
1073 1802 1196 1844 lineis
1235 1817 1325 1844 sese
1369 1803 1421 1844 ad

197 1950 218 1981 2
243 1947 381 1981 tractui
406 1948 443 1982 Β
525 1953 545 1983 3
572 1949 716 1993 optinet
739 1949 776 1984 Β
852 1953 873 1983 5
898 1948 1157 1984 obscurilitatis
1175 1948 1221 1984 B'
1299 1952 1320 1984 8
1345 1950 1420 2031 sug]

105 1992 154 2027 fie
185 1989 231 2027 B'
350 1993 426 2037 ipsa
456 1994 491 2028 Β
610 1999 654 2029 10
685 1996 784 2039 (post
814 1998 983 2039 quorum)
1012 1996 1169 2030 termina
1198 1999 1239 2031 ut
1267 1996 1343 2031 uid.

106 2042 148 2073 12
173 2039 392 2082 intelligitur
418 2040 455 2072 P
570 2043 612 2074 13
638 2040 812 2085 relinquit
835 2041 872 2076 P
985 2044 1030 2075 14
1054 2042 1100 2076 ad
1124 2041 1360 2087 inicorporib3
1385 2043 1422 2077 B
1504 2068 1518 2084 „

104 2084 262 2119 ostendit
284 2085 329 2127 P,
354 2087 371 2118 1
394 2085 547 2120 offendit
566 2097 594 2130 p
703 2090 745 2121 15
770 2088 966 2122 terminum
990 2087 1038 2122 B'
1151 2090 1196 2122 20
1219 2088 1298 2123 tam
1317 2098 1361 2122 ea
1385 2089 1421 2124 Β
1495 2131 1506 2137 ¹

104 2134 148 2165 22
173 2131 321 2175 guimas
341 2131 410 2166 PB
537 2132 712 2175 formulas
735 2133 897 2177 marqini
920 2134 1050 2169 codicis
1074 2133 1112 2168 P
1130 2135 1294 2179 appictas
1317 2135 1422 2170 omisi

97 2179 148 2211 ‘25
173 2176 315 2212 sorlerti
333 2177 496 2212 induti-ia
515 2175 560 2213 B'
640 2179 865 2226 geometrice
884 2178 927 2221 P,
951 2180 1174 2224 geometrice
1193 2180 1230 2215 B
1302 2180 1419 2226 dlspu-

102 2224 167 2302 tei-'I‘
193 2223 322 2304 PB,113
338 2224 395 2259 tat
415 2235 443 2268 p
539 2228 583 2259 26
608 2224 749 2271 aliqua]
774 2225 849 2260 alia
872 2225 908 2259 Β
995 2229 1038 2261 28
1064 2227 1219 2270 quatuor
1246 2225 1284 2260 P
1373 2230 1418 2262 29

95 2281 126 2314 p
144 2281 261 2304 urimu
