1526 2444
168 104 254 146 406
657 105 755 141 SAT.
779 105 907 141 LIBRI
930 105 998 140 VII

168 225 293 265 quae
335 225 578 264 praesens
620 211 757 265 inquit
798 212 937 253 locus
981 214 1028 253 et
1070 214 1266 266 tempus
1310 211 1486 266 exigit,

167 282 257 323 ego
283 282 382 309 non
409 268 593 323 calleo,
624 283 748 323 quae
774 282 863 324 ego
889 270 1072 324 calleo,
1100 283 1187 311 nec
1211 269 1320 311 loco
1346 283 1485 324 prae·

167 326 297 367 senti
329 328 445 367 sunt
478 328 595 380 apta
625 341 712 368 nec
742 326 986 381 tempori?

125 383 152 424 5
283 383 351 425 Ad
382 384 487 425 haec
516 383 770 426 Eustathius
802 384 967 438 ‘probo,
999 383 1263 439 Symmache,
1293 385 1486 439 proposi-

164 444 257 482 tum
287 444 427 495 tuum,
459 455 541 496 quo
572 442 891 496 philosophiam
921 457 970 484 ea
1001 456 1126 496 quam
1157 443 1383 483 maximam
1413 457 1486 497 pu·
1508 460 1526 487 r1

164 501 231 540 tas
282 499 578 541 obseruatione
626 500 860 554 ueneraris,
909 502 957 541 ut
998 501 1168 541 tantum
1209 501 1322 541 intra
1364 514 1486 541 suum

163 556 359 610 penetral
402 558 598 599 aestimes
636 557 912 612 adorandam,
955 557 1026 599 sed
1065 558 1101 599 si
1136 560 1308 612 propter
1343 558 1424 599 hoc
1461 572 1486 599 a

165 615 371 656 conuiuiis
409 615 613 670 exulabit,
650 616 797 670 procul
834 615 932 657 hinc
967 616 1180 657 facessant
1217 618 1259 657 et
1289 615 1484 657 alumnae

164 672 271 725 eius,
309 673 579 714 honestatem
611 673 703 715 dico
736 675 777 714 et
807 672 1077 728 modestiam,
1111 688 1187 715 nec
1217 674 1358 714 minus
1389 688 1485 715 cum

163 730 393 772 sobrietate
416 730 631 785 pictatem.
681 746 805 785 quam
831 731 941 772 enim
966 731 1118 773 harum
1144 731 1319 772 dixerim
1344 731 1482 773 minus
1503 749 1526 774 ια

163 802 254 829 esse
285 788 601 830 uenerabilem?
649 789 711 830 ita
741 789 801 842 fit,
831 792 879 830 ut
909 789 962 830 ab
994 788 1119 830 huius
1150 789 1265 831 modi
1295 789 1485 831 coetibus

161 846 375 901 relegatus
413 849 703 888 matronarum
740 846 890 888 talium
927 846 1077 888 chorus
1114 847 1357 889 libertatem
1388 861 1484 889 con-

162 903 375 945 uiuiorum
406 904 509 946 solis
541 904 806 958 concubinis,
837 904 880 945 id
911 906 977 945 est
1005 904 1120 946 uitiis
1151 907 1195 946 et
1226 904 1486 959 criminibus,

125 961 345 1003 6addicat.
412 961 483 1002 sed
522 962 651 1015 absit,
693 964 741 1004 ut
776 962 1063 1016 philosophia,
1102 976 1208 1016 quae
1244 962 1288 1003 in
1327 962 1484 1004 scholis

161 1019 248 1060 suis
299 1019 482 1061 sollicite
529 1021 689 1061 tractat
737 1019 785 1060 de
831 1020 982 1061 officiis
1031 1020 1340 1074 conuiualibus,
1389 1020 1483 1074 ipsa
1503 1036 1526 1062 ιι

160 1077 355 1119 conuiuia
391 1076 653 1131 reformidet,
698 1079 919 1132 tamquam
955 1091 1041 1119 non
1077 1077 1215 1131 possit
1250 1077 1375 1118 rebus
1413 1078 1482 1118 ad-

160 1148 314 1188 serere,
351 1149 458 1189 quae
497 1135 606 1176 solet
643 1135 785 1176 uerbis
817 1135 983 1189 docere,
1020 1139 1094 1176 aut
1123 1135 1286 1176 nesciat
1316 1149 1482 1177 seruare

158 1193 348 1247 modum,
397 1194 515 1235 cuius
564 1193 610 1234 in
658 1193 855 1234 omnibus
904 1193 1113 1234 humanae
1161 1193 1275 1234 uitae
1319 1193 1482 1235 actibus

158 1251 365 1292 terminos
401 1251 495 1304 ipsa
533 1250 766 1292 constituit.
827 1264 962 1304 neque
1000 1251 1112 1291 enim
1143 1251 1204 1292 ita
1235 1250 1288 1292 ad
1317 1265 1482 1292 mensas

157 1308 293 1349 inuito
325 1308 660 1362 philosophiam,
690 1310 738 1349 ut
767 1322 849 1349 non
884 1322 927 1349 se
957 1308 1052 1362 ipsa
1082 1308 1336 1364 moderetur,
1366 1309 1482 1350 euius
1500 1322 1526 1352 2(

160 1365 383 1420 disciplina
425 1368 490 1407 est
532 1381 675 1407 rerum
719 1365 907 1407 omnium
951 1366 1282 1407 moderationem
1325 1367 1482 1410 docere.
1522 1385 1526 1415 j

122 1424 145 1464 7
162 1426 209 1465 ut
242 1437 342 1478 ergo
374 1424 485 1465 inter
514 1426 557 1464 te
586 1426 628 1465 et
653 1422 845 1465 Vettium
868 1423 987 1465 uelut
1012 1424 1205 1465 arbitrali
1228 1423 1482 1466 iudicatione

164 1495 420 1535 conponam,
469 1481 611 1536 aperio
657 1481 826 1535 quidem
867 1481 1161 1535 philosophiae
1202 1482 1482 1524 tricliniorum

162 1538 288 1593 fores,
315 1539 387 1581 sed
408 1539 595 1593 spondeo
617 1539 677 1580 sic
695 1539 1005 1590 interfuturam,
1023 1553 1076 1580 ne
1096 1553 1337 1581 mensuram
1355 1542 1482 1582 notae
1520 1552 1526 1566 ⁷·

165 1597 247 1638 sibi
279 1612 326 1639 ac
357 1597 637 1639 sectatoribus
669 1597 756 1639 suis
787 1597 1112 1651 dispensationis
1144 1597 1342 1639 exeedat'.
1498 1568 1526 1642 εἰ

124 1656 148 1697 8
281 1655 397 1697 Tunc
431 1654 583 1697 Furius
629 1654 741 1708 ‘quia
782 1657 824 1696 te
863 1655 1050 1705 unicum,
1091 1654 1310 1696 Eustathi'
1346 1655 1483 1709 inquit
1512 1653 1526 1721 ’ς

160 1712 432 1755 ‘sectatorem
462 1713 758 1767 philosophiae
782 1715 931 1754 nostra
957 1714 1075 1754 aetas
1099 1713 1209 1766 tulit,
1241 1715 1386 1755 oratus
1413 1713 1482 1767 sis,
1512 1744 1526 1781 ,ἓ

161 1772 209 1811 ut
250 1771 420 1812 modum
465 1771 815 1825 dispensationis,
859 1785 985 1824 quam
1028 1770 1101 1812 das
1145 1771 1183 1812 ei
1226 1771 1482 1826 conuiuanti,
1511 1779 1526 1803 Α

158 1828 283 1870 nobis
315 1829 406 1883 ipse
436 1828 696 1882 patefacias'.
1510 1813 1526 1842 ’ἱ

118 1887 144 1927 9
275 1885 335 1927 Et
359 1885 613 1928 Eustathius
645 1886 844 1940 ‘primum
871 1886 952 1927 hoc
977 1900 1069 1927 eam
1095 1886 1182 1928 scio
1208 1847 1526 1980 scruaturam,÷

160 1944 208 1985 ut
251 1958 391 1985 secum
436 1945 629 1985 aestimet
665 1945 950 1998 praesentium
987 1944 1159 1999 ingenia
1196 1944 1481 1998 conuiuarum,

158 2003 202 2042 et
239 2002 275 2042 si
310 2002 452 2055 plures
488 2002 647 2055 peritos
683 2003 751 2043 uel
793 2002 942 2044 saltem
976 2004 1185 2043 amatores
1217 2002 1283 2043 sui
1312 2001 1358 2042 in
1388 2016 1482 2044 con·
1506 2004 1526 2050 4

157 2058 264 2100 uiuii
307 2059 507 2100 societate
549 2060 800 2114 reppererit,
844 2073 1083 2101 sermonem
1127 2059 1176 2100 de
1217 2074 1261 2101 se
1297 2050 1526 2127 patietur{

252 2212 274 2241 4
297 2206 506 2251 iustaffithms
529 2205 577 2241 P'
680 2207 884 2253 symmache
910 2208 946 2242 P
1048 2210 1068 2241 5
1093 2207 1326 2253 philosophm.
1349 2219 1431 2243 mea
1449 2164 1526 2337 P{

161 2255 202 2287 12
227 2252 357 2287 tahum
381 2254 512 2287 talium
536 2253 573 2287 P
638 2256 680 2287 14
705 2253 811 2288 scolis
831 2253 868 2287 P
930 2256 974 2288 20
999 2253 1032 2288 se
1057 2264 1122 2288 om.
1148 2254 1185 2289 P
1246 2257 1289 2289 22
1315 2254 1426 2289 uelud
1447 2254 1484 2289 P
1524 2271 1526 2273 ·

159 2302 203 2334 23
229 2302 407 2345 coponam
432 2300 468 2334 P
537 2303 581 2335 30
605 2299 700 2335 hanc
725 2300 761 2335 P
829 2303 871 2334 31
898 2299 1101 2344 praesentia
1125 2300 1162 2334 P
1485 2337 1526 2444 ᾗ
