1526 2444
610 81 679 116 XV
703 84 818 116 2-11
1335 78 1391 120 75

0 170 5 259 3
43 192 212 236 cedenti
242 191 379 234 mensi
409 191 553 246 plures
584 190 688 245 dies,
718 192 795 232 aut
819 204 915 232 cum
943 187 1133 244 celerius,
1163 188 1389 244 pauciores

44 253 264 306 darentur,
301 254 345 292 et
382 250 567 306 singulis
606 250 846 305 quibusque
883 248 1104 291 mensibus
1135 249 1389 303 perpetuam

0 280 4 345 3
42 311 212 354 numeri
247 311 387 366 legem
425 308 589 364 primus
628 323 753 351 casus
786 308 962 350 addixit.
1026 307 1088 350 sic
1118 307 1280 350 factum
1313 309 1390 362 est,

0 399 2 405 ι
42 373 92 413 ut
123 370 196 413 alii
227 370 409 425 triginta
440 372 483 410 et
513 383 663 423 unum,
695 368 770 410 alii
800 367 1099 422 undetriginta
1130 366 1391 409 sortirentur

0 423 25 473 {5
43 429 145 473 dies.
194 429 392 471 omnibus
423 430 569 470 tamen
601 427 823 469 mensibus
857 441 909 469 ex
940 426 1007 468 die
1031 425 1257 468 Nonarum
1287 425 1430 467 Idus?

0 490 2 534 ἱ
42 503 156 531 nono
195 488 262 529 die
299 486 615 542 repraesentari
651 486 834 542 placuit,
871 489 915 527 et
951 486 1066 527 inter
1095 485 1198 527 Idus
1237 499 1286 527 ac
1325 499 1389 526 se-

0 552 3 588 ἶ»
42 550 219 604 quentes
250 546 469 589 Kalendas
508 546 794 588 constitutum
830 547 915 600 est,
953 545 1138 587 sedecim
1172 543 1262 586 dies
1295 558 1389 586 esse

41 606 340 649 numerandos.
400 605 496 648 ideo
529 605 689 647 mensis
726 605 901 646 uberior
935 604 1043 646 duos
1074 603 1194 655 illos,
1232 603 1388 658 quibus

42 666 282 721 augebatur
308 665 410 719 dies,
436 665 549 706 inter
573 664 791 707 Kalendas
817 678 918 705 suas
945 666 988 705 et
1007 661 1158 705 Nonas
1183 637 1387 704 babebat.

0 743 23 770 ,ο
40 724 142 767 hinc
167 725 262 767 aliis
289 724 465 779 quintus
486 738 511 765 a
529 723 735 766 Kalendis
756 722 858 778 dies,
884 722 980 764 aliis
1007 723 1216 777 septimus
1236 719 1387 763 Nonas

41 784 157 827 facit.
218 782 379 825 Caesar
413 786 577 838 tamen,
614 785 663 824 ut
699 796 830 836 supra
868 781 1070 836 diximus,
1109 783 1225 823 stata
1263 781 1426 822 sacra8

41 843 283 885 custodiens
314 856 393 884 nec
422 842 467 883 in
498 841 586 884 illis
618 841 853 895 mensibus,
885 841 1040 895 quibus
1074 841 1198 883 binos
1228 839 1388 882 adiecit

40 902 149 958 dies,
187 901 377 944 ordinem
414 900 554 943 uoluit
583 903 750 942 mutare
782 898 1026 954 Nonarum,
1065 900 1166 955 quia
1198 900 1385 954 peractis

38 961 173 1004 totius
211 961 369 1002 mensis
406 959 525 1001 feriis
564 960 653 1002 dies
692 974 793 1001 suos
830 961 893 1001 rei
931 959 1103 1001 diuinae
1138 962 1288 1002 cautus
1320 959 1386 1000 in-

0 1038 22 1065 ,5
40 1021 183 1064 seruit.
255 1019 409 1075 priscis
457 1033 559 1074 ergo
603 1019 890 1073 temporibus,
941 1021 1171 1074 antequam
1213 1018 1316 1060 fasti
1361 1019 1426 1060 a9
1474 1063 1490 1073 ,fi

40 1079 121 1123 Cn.
141 1079 320 1122 Flauio
347 1077 489 1121 scriba
513 1078 661 1120 inuitis
682 1078 884 1120 Patribus
904 1077 951 1119 in
970 1079 1162 1120 omnium
1181 1076 1386 1119 notitiam
1488 1058 1526 1138 ml

38 1138 333 1194 proderentur,
365 1138 561 1193 pontifici
592 1137 749 1179 minori
772 1137 880 1179 haec
904 1137 1130 1193 prouincia
1155 1137 1386 1192 delegaba-

39 1203 128 1248 tur,
177 1201 225 1239 ut
268 1211 405 1239 nouae
448 1198 576 1239 lunae
620 1197 807 1252 primum
852 1197 1107 1239 obseruaret
1151 1199 1386 1251 aspectum,

39 1257 263 1311 uisamque
298 1256 392 1311 regi
429 1256 667 1298 sacrificulo
702 1256 933 1297 nuntiaret.
993 1256 1139 1311 itaque
1172 1256 1384 1298 sacrificio
1402 1259 1457 1300 10

0 1334 23 1359 :o
42 1330 68 1358 a
108 1329 209 1371 rege
255 1318 297 1356 et
339 1313 503 1357 minore
540 1315 743 1370 pontifice
786 1315 1001 1357 celebrato
1039 1315 1154 1357 idem
1190 1315 1387 1371 pontifex

41 1375 228 1428 calata,
249 1374 292 1415 id
314 1377 379 1416 est
398 1376 565 1428 uocata,
584 1374 630 1415 in
650 1372 916 1429 Capitolium
935 1374 1061 1429 plebe
1080 1376 1202 1416 iuxta
1222 1374 1386 1416 curiam

41 1432 282 1487 Calabram,
301 1448 409 1488 quae
429 1447 552 1475 casae
572 1432 750 1474 Romuli
768 1433 964 1487 proxima
984 1436 1061 1488 est,
1082 1436 1188 1488 quot
1206 1447 1385 1475 numero

41 1493 132 1534 dies
170 1507 195 1534 a
225 1491 434 1534 Kalendis
472 1493 525 1534 ad
562 1491 714 1535 Nonas
753 1494 1027 1546 superessent
1062 1493 1387 1547 pronuntiabat,

41 1555 83 1594 et
107 1551 336 1606 quintanas
364 1551 534 1606 quidem
560 1552 675 1593 dicto
700 1551 925 1606 quinquies
944 1551 1076 1594 uerbo
1095 1552 1228 1606 καλῶ,
1255 1552 1386 1606 septi-

0 1627 21 1655 >5
39 1624 189 1653 manas
232 1611 414 1665 repetito
459 1611 620 1665 septies
662 1610 953 1665 praedicabat.
1021 1611 1201 1652 uerbum
1239 1613 1385 1653 autem
1403 1613 1455 1655 11

35 1670 156 1712 καλῶ
183 1668 394 1711 Graecum
427 1672 504 1724 est,
535 1669 579 1711 id
612 1672 676 1711 est
707 1683 828 1724 uoco,
858 1672 902 1711 et
931 1669 1047 1711 hunc
1079 1669 1204 1725 diem,
1236 1671 1307 1725 qui
1334 1685 1386 1712 ex

36 1729 104 1771 his
137 1728 305 1784 diebus,
337 1729 410 1784 qui
442 1729 705 1782 calarentur,
735 1729 901 1784 primus
934 1731 1059 1783 esset,
1090 1729 1255 1784 placuit
1287 1729 1384 1771 Ka-

37 1787 213 1830 lendas
250 1788 407 1831 uocari.
469 1788 569 1829 hinc
606 1790 650 1829 et
685 1788 770 1843 ipsi
806 1788 966 1839 curiae,
1005 1788 1058 1830 ad
1096 1803 1226 1843 quam
1258 1803 1384 1831 uoca-

0 1872 3 1876 -
36 1847 208 1901 bantur,
239 1846 490 1890 Calabrae
522 1861 680 1888 nomen
713 1847 862 1889 datum
895 1849 980 1902 est,
1011 1850 1056 1889 et
1088 1848 1236 1903 classi,
1270 1848 1383 1904 quod

133 1973 150 2003 1
179 1971 244 2013 aut
268 1969 304 2004 Β
366 1973 387 2005 3
411 1969 560 2015 *legem
586 1970 623 2005 P
680 1972 701 2004 5
727 1969 900 2005 omnibus
919 1969 998 2005 taffi
1023 1970 1092 2006 s1b1
1116 1981 1161 2006 ex
1186 1971 1246 2006 dle
1271 1982 1386 2006 nona-

36 2028 118 2051 rum
142 2016 182 2052 1d
207 2018 265 2051 est
289 2028 385 2052 nono
413 2017 450 2051 P
551 2022 571 2052 6
596 2018 656 2052 die
682 2016 976 2062 derepresentari
999 2018 1035 2052 Β
1133 2021 1152 2053 7
1179 2018 1311 2053 sedeci'i
1336 2017 1384 2053 B‘

37 2063 109 2099 esse
140 2075 207 2099 om.
238 2064 276 2099 P
368 2068 389 2099 9
421 2064 588 2100 habebat
619 2065 656 2100 b·
687 2064 852 2100 faciebat
880 2068 924 2100 ut
950 2067 1028 2101 uid.
1053 2065 1102 2109 Β,
1133 2066 1324 2101 habebant
1351 2067 1389 2101 P

39 2115 82 2146 10
108 2110 204 2146 ahur
224 2110 402 2157 sept1mus
421 2111 468 2146 B‘
540 2115 584 2146 14
609 2113 666 2147 uit
688 2113 731 2147 i‘n
754 2111 908 2147 inseruit
925 2113 969 2148 in
986 2124 1060 2149 ras.
1079 2114 1122 2148 in
1141 2113 1178 2148 Β
1248 2117 1290 2148 16
1312 2107 1376 2148 GN

37 2176 115 2212 BP
172 2177 215 2219 b;
239 2177 281 2212 in
303 2175 447 2222 p3atr1b
473 2177 516 2212 in
533 2188 606 2213 ras.
632 2177 674 2212 in
693 2177 730 2211 P
788 2162 1386 2225 17AEu1dent1aP,prou1nt1aB

37 2226 84 2258 20
108 2223 147 2258 id
179 2202 234 2258 eit
263 2224 306 2258 ni
303 2189 447 2267 psallor
463 2223 512 2258 B‘
626 2224 796 2279 pfunfex
820 2226 858 2260 P
969 2229 1013 2260 21
1040 2226 1164 2261 colata
1194 2230 1236 2261 ut
1259 2227 1338 2262 uid.
1364 2227 1385 2261 b

39 2274 83 2304 29
109 2270 192 2305 cala
216 2270 312 2316 (cale
337 2270 402 2316 P')
427 2272 470 2306 in
495 2271 646 2319 calabre
665 2273 706 2307 εἴη
724 2283 797 2308 ras.
817 2274 859 2308 in
878 2273 922 2317 P,
940 2273 1094 2321 kalebre
1115 2274 1151 2308 Β
1225 2275 1263 2308 et
1283 2272 1386 2308 classi

39 2337 83 2342 —
108 2319 304 2354 uocaretur
328 2328 395 2354 om.
424 2319 461 2353 P
