1526 2444
125 56 211 97 322
637 55 734 92 SAT.
753 55 882 91 LIBRI
906 56 939 91 V
1498 0 1526 125 Ἰ

59 163 113 204 10
127 163 267 205 audite
298 175 409 204 nunc
438 160 619 216 Vergilii
649 176 817 216 uersus,
848 163 898 203 ut
926 161 1148 204 inchoasse
1179 175 1274 203 eum
1304 161 1444 204 uerius

61 786 172 828 nin
208 786 416 840 principio
453 785 659 826 Pindarus
695 785 868 827 ueritati
906 785 1131 826 obsecutus
1169 783 1293 838 dixit,
1336 784 1447 838 quod
1517 830 1520 834 Δ

61 1075 113 1116 12
127 1074 358 1117 confundit.
423 1076 549 1128 atque
585 1074 660 1115 ille
698 1073 882 1115 Graecus
920 1072 1089 1127 quidem
1124 1072 1265 1114 fontes
1301 1072 1447 1114 imitus

62 1536 151 1578 13
129 1552 308 1592 ακυρως
365 1536 446 1578 hoc
477 1550 578 1578 uero
609 1537 679 1577 uel
708 1510 989 1577 inenarrabile
1020 1537 1097 1588 est,
1128 1534 1239 1588 quod
1269 1535 1446 1575 nubem
1510 1563 1514 1577 =

126 235 252 275 quam
282 219 507 275 perfecisse
538 219 688 261 dicatis

184 302 330 355 portus
364 300 416 341 ab
449 314 619 342 accessu
649 302 873 342 uentorum
902 299 1089 341 inmotus
1122 302 1164 341 et
1193 299 1343 365 ingens

185 360 296 413 ipse.
328 358 401 399 sed
431 357 637 400 horrificis
668 358 786 399 iuxta
816 360 938 399 tonat
968 358 1108 399 Aetna
1138 357 1285 411 ruinis,

184 415 479 470 interdumque
511 418 648 457 atram
678 415 919 481 prorumpit
950 415 1003 457 ad
1034 415 1207 457 aethera
1235 415 1403 466 nubem,
1480 404 1526 458 si

184 474 352 515 turbine
383 474 619 515 fumantem
649 473 768 528 piceo
801 476 842 514 et
872 473 1077 514 candente
1107 472 1267 526 fauilla,

185 531 434 585 adtollitque
467 531 619 586 globos
649 531 917 572 flammarum
949 533 992 571 et
1022 530 1159 572 sidera
1189 530 1354 572 lambit.
1514 523 1526 615 i

184 590 394 631 interdum
426 589 622 643 scopulos
655 589 884 643 auulsaque
915 589 1077 630 uiscera
1108 588 1265 630 montis
1511 600 1515 607 ²

185 648 311 702 erigit
341 649 549 699 eructans,
579 647 889 701 liquefactaque
921 661 1023 687 saxa
1055 646 1133 687 sub
1165 660 1288 687 auras

185 719 279 747 cum
312 706 472 760 gemitu
504 705 723 760 glomerat,
754 703 967 758 fundoque
999 706 1218 745 exaestuat
1247 704 1344 745 imo.
1465 706 1518 744 ω’

127 858 194 885 res
227 846 336 897 erat,
372 843 564 897 quodque
600 843 689 884 illic
721 843 854 884 oculis
886 842 1227 897 deprehenditur,
1263 842 1447 884 interdiu

126 901 290 943 fumare
321 901 522 951 Aetnam,
557 902 686 942 noctu
722 900 994 955 fiammigare.
1053 898 1268 954 Vergilius
1307 902 1447 941 autem
1514 910 1521 913 “

127 960 224 1001 dum
280 959 326 1000 in
380 958 562 1013 strepitu
616 958 839 1012 sonituque
887 958 1114 999 uerborum
1164 957 1446 1011 conquirendo

128 1017 360 1071 laborauit,
406 1019 630 1070 utrumque
673 1018 838 1069 tempus
881 1015 999 1057 nulla
1040 1015 1291 1056 discretione
1333 1015 1447 1057 facta
1466 1027 1499 1054 15

126 1133 238 1186 ignis
282 1134 472 1173 eructare
515 1134 558 1173 et
581 1131 726 1172 ‘fluere
769 1145 914 1172 amnes
956 1130 1063 1171 fumi
1105 1132 1148 1171 et
1181 1130 1447 1171 flammarum

127 1190 246 1232 fulua
294 1194 336 1231 et
383 1192 575 1231 tortuosa
617 1188 837 1231 uolumina
878 1188 923 1229 in
965 1188 1115 1242 plagas
1158 1188 1287 1229 maris
1326 1188 1448 1242 ferre,
1507 1230 1510 1232 ,

128 1249 247 1302 quasi
278 1247 481 1302 quosdam
513 1247 660 1300 igneos
693 1259 863 1301 angues,
893 1246 1102 1287 luculente
1134 1245 1251 1287 dixit.
1310 1247 1354 1287 at
1379 1245 1447 1287 hic
1511 1287 1516 1299 ,7

128 1308 269 1347 uester
318 1308 476 1346 atram
519 1305 699 1345 nubem
742 1303 947 1345 turbine
989 1304 1130 1357 piceo
1174 1309 1222 1344 et
1262 1303 1512 1345 fauillam

128 1363 352 1404 fumante
402 1362 508 1418 ῥόον
556 1367 723 1404 καπνοῦ
773 1365 944 1403 αἴθωνα
985 1361 1257 1415 interpretari
1298 1361 1447 1402 uolens
1509 1358 1514 1395 '.

129 1435 267 1463 crasse
299 1423 341 1462 et
371 1420 578 1462 inmodice
604 1420 828 1474 congessit,
859 1419 1039 1474 globos
1065 1421 1189 1472 atque
1220 1419 1447 1461 flamma·
1509 1442 1512 1447 ·

128 1494 251 1532 rum,
294 1478 404 1532 quod
445 1478 517 1519 ille
560 1478 774 1532 κρουνούς
811 1477 989 1527 dixerat,
1035 1476 1194 1518 duriter
1229 1477 1371 1530 posuit
1407 1479 1448 1518 et

130 1598 291 1637 atram
339 1594 531 1635 fumare
575 1593 682 1635 dixit
728 1593 933 1634 turbine
981 1592 1123 1646 piceo
1167 1595 1216 1634 et
1263 1591 1511 1633 fauillam

130 1653 385 1694 candente.
439 1665 527 1693 non
558 1652 669 1693 enim
700 1650 860 1692 fumare
892 1650 1031 1692 solent
1060 1663 1198 1704 neque
1226 1651 1319 1691 atra
1345 1663 1448 1704 esse,
1508 1679 1512 1699 ,2

130 1725 236 1766 quae
278 1713 378 1752 sunt
414 1709 653 1776 candentia,
689 1708 774 1750 nisi
809 1708 919 1749 forte
956 1707 1191 1750 candenti
1221 1707 1327 1748 dixit
1356 1721 1448 1762 per·
1504 1724 1521 1739 «

130 1769 305 1823 uulgate
343 1770 385 1809 et
414 1767 630 1821 inproprie
660 1781 736 1821 pro
768 1766 969 1818 feruenti,
1007 1779 1094 1807 non
1124 1779 1201 1820 pro
1233 1764 1475 1816 relucenti,

223 1903 243 1933 3
269 1899 378 1942 Verg.
405 1898 493 1933 Aen.
519 1898 569 1932 ΙΠ
595 1901 661 1933 570

82 2057 86 2061 ,
223 2019 404 2064 3pontus
423 2020 460 2054 P
532 2019 706 2054 immotus
724 2019 761 2054 P
828 2023 851 2054 4
875 2019 979 2053 &bna
1005 2017 1043 2052 P
1113 2021 1154 2052 11
1175 2017 1283 2061 obfeq
1283 2016 1394 2051 uutur
1415 2017 1452 2051 P
1490 2054 1493 2058 ,

133 2071 173 2101 13
200 2066 305 2101 &bna
328 2066 365 2100 P
435 2070 476 2100 16
496 2066 645 2109 qu1dem
663 2076 729 2100 om.
750 2063 796 2100 P'
868 2064 995 2099 imitus
1008 2064 1158 2109 Lipsius
1177 2064 1275 2108 apud
1294 2063 1450 2098 Gellium
1495 2079 1501 2106 ς,

132 2112 272 2155 XVII
292 2111 620 2154 10,13:1m1tatus
633 2111 670 2145 P
733 2114 776 2146 17
797 2114 986 2146 eructuare
1007 2111 1044 2144 P
1108 2113 1150 2144 19
1170 2109 1299 2155 1gneos
1313 2109 1401 2144 anes
1417 2109 1454 2144 P
1511 2126 1517 2129 ν

130 2163 173 2194 21
202 2159 319 2194 ΡΟΥΝ
348 2158 385 2192 P
499 2161 542 2192 22
575 2157 770 2192 immodice
798 2159 834 2192 P
949 2155 1102 2202 globos!
1124 2167 1231 2200 quoq.
1258 2155 1378 2190 ferarsi
1402 2154 1452 2200 qd
1492 2171 1495 2178 v

129 2205 193 2240 ille
217 2205 254 2239 P
334 2208 378 2239 26
404 2208 464 2239 eni
489 2204 567 2239 mfu
589 2206 593 2248 Ι
614 2213 716 2239 mare
743 2204 779 2238 P
860 2208 903 2239 27
930 2203 1024 2238 d1xlt
1047 2213 1111 2239 om.
1137 2203 1182 2247 P,
1207 2203 1290 2238 add.
1317 2201 1452 2238 G'anta-
1490 2233 1493 2236 Α

130 2252 318 2296 briqiensis
