1526 2444
581 58 684 94 V1111
710 61 847 94 16—-27
1317 58 1405 100 443

56 168 309 211 ministrans
353 167 577 224 odorandi,
621 169 773 223 quarta
818 167 1012 222 palatum
1050 169 1187 222 tenet,
1231 181 1315 222 quo
1353 167 1404 210 de

56 226 300 283 gustatibus
336 227 567 282 iudicatur,
606 227 756 282 quinta
794 227 838 269 ui
870 241 948 269 sua
980 241 1105 269 omne
1137 241 1292 282 corpus
1325 226 1403 268 im-

54 287 162 341 plet3
212 285 351 328 omnis
402 286 517 328 enim
565 300 667 340 pars
718 285 909 340 corporis
958 286 1110 328 mollia
1154 288 1198 328 et
1240 299 1405 341 aspera,

53 344 212 400 frigida
257 347 299 387 et
337 345 473 387 calida
511 345 724 387 discernit.
792 347 913 387 sexta
952 345 1002 387 de
1042 345 1215 387 cerebro
1252 359 1402 387 means
1417 345 1474 387 22

17 423 34 449 5
55 403 327 446 stomachum
358 404 487 459 petit,
523 404 591 446 cui
622 403 810 446 maxime
843 418 993 447 sensus
1025 406 1092 446 est
1123 403 1404 458 necessarius,

53 465 102 504 ut
156 477 263 518 quae
319 462 477 505 desunt
527 463 719 518 adpetat,
778 463 991 518 superflua
1040 465 1220 518 respuat
1268 466 1311 504 et
1359 462 1405 505 in

52 521 226 563 homine
268 522 414 564 sobrio
453 536 498 564 se
539 523 632 577 ipse
670 521 928 564 moderetur.
997 522 1182 578 septima
1220 523 1404 576 συζυγία

52 595 282 622 neruorum
315 580 504 623 infundit
536 595 710 623 sensum
743 581 899 636 spinali
929 581 1154 636 medullae,
1186 596 1295 636 quae
1321 581 1404 623 hoc

54 641 120 681 est
156 639 348 694 animali,
387 639 500 695 quod
540 642 605 682 est
641 639 745 681 naui
783 640 945 694 carina,
986 642 1029 682 et
1066 639 1171 683 adeo
1209 655 1290 683 usu
1328 643 1403 682 aut

0 717 35 744 ιο
54 697 262 754 dignitate
288 699 519 754 praecipua
544 701 621 753 est,
647 701 696 740 ut
721 699 901 754 longum
927 699 1148 741 cerebrum
1176 713 1200 740 a
1224 698 1400 742 medicis

52 757 109 798 sit
151 759 315 799 uocata.
389 771 440 799 ex
481 757 564 800 hac
607 757 786 812 denique
830 759 880 799 ut
924 772 975 800 ex
1019 758 1194 799 cerebro
1239 757 1399 800 diuersi
1414 757 1471 799 23

51 818 286 858 nascuntur
323 818 508 870 meatus,
547 816 753 858 uirtutem
790 816 928 858 tribus
964 816 1134 858 animae
1165 817 1401 871 propositis

52 874 358 916 ministrantes.
425 874 509 916 tria
548 877 648 917 sunt
686 875 816 928 enim,
861 889 970 930 quae
1008 889 1060 917 ex
1098 875 1265 918 animae
1302 890 1400 931 pro-

52 933 242 975 uidentia
280 933 436 989 accipit
473 947 624 988 corpus
658 934 874 976 animalis:
915 936 964 976 ut
996 934 1136 990 uiuat,
1168 937 1217 976 ut
1248 934 1402 977 decore

1 1011 36 1038 15
54 992 190 1047 uiuat,
235 994 279 1034 et
321 994 371 1035 ut
406 992 710 1035 immortalitas
749 993 814 1034 illi
852 994 1120 1036 successione
1160 996 1403 1049 quaeratur.

52 1050 120 1093 his
161 1051 301 1093 tribus
338 1051 593 1106 propositis,
633 1054 682 1094 ut
718 1051 824 1107 dixi,
867 1052 1035 1094 animae
1073 1067 1150 1107 per
1189 1053 1401 1106 spinalem
1415 1050 1474 1093 24

52 1109 286 1152 medullam
322 1110 553 1165 praebetur
585 1110 773 1154 effectus.
833 1126 935 1153 nam
968 1111 1086 1154 cordi
1118 1114 1161 1153 et
1192 1112 1324 1154 iecori
1358 1114 1401 1154 et

53 1168 245 1224 spirandi
290 1169 559 1224 ministeriis,
603 1184 712 1224 quae
756 1171 899 1213 omnia
944 1170 998 1213 ad
1035 1171 1268 1213 uiuendum
1306 1186 1401 1227 per-

51 1229 207 1279 tinent,
245 1228 359 1270 uires
400 1227 450 1270 de
489 1228 749 1284 spinalibus,
786 1244 893 1284 quos
931 1229 1036 1284 dixi,
1074 1230 1290 1272 meatibus
1322 1230 1399 1272 mi-

0 1287 302 1333 nonistrantur.
368 1287 514 1329 neruis
556 1288 688 1329 etiam
726 1303 931 1330 manuum
966 1289 1124 1343 pedum
1161 1289 1399 1332 aliarumue

51 1346 255 1401 partium,
285 1360 362 1402 per
394 1360 499 1400 quas
532 1346 684 1389 decore
710 1347 884 1402 uiuitur,
914 1347 1053 1390 uirtus
1082 1348 1183 1390 inde
1208 1351 1401 1403 praesta-

51 1412 134 1460 tur,
165 1407 208 1446 et
237 1407 286 1448 ut
317 1419 368 1446 ex
395 1404 463 1446 his
492 1406 704 1448 successio
729 1409 993 1460 procuretur,
1024 1407 1148 1449 nerui
1174 1422 1225 1449 ex
1251 1407 1400 1449 eadem

52 1464 210 1519 spinali
251 1463 438 1506 medulla
476 1464 685 1518 pudendis
730 1469 773 1506 et
810 1465 999 1520 matrici,
1043 1469 1093 1507 ut
1129 1481 1253 1508 suum
1292 1481 1399 1521 opus

51 1523 274 1578 impleant,
305 1523 620 1566 ministrantur.
676 1524 739 1565 ita
763 1525 883 1566 nulla
907 1524 952 1566 in
977 1525 1154 1567 homine
1179 1539 1280 1580 pars
1307 1540 1398 1568 cor·
1413 1521 1470 1564 25

0 1599 32 1627 ιε
49 1582 167 1637 poris
201 1582 292 1624 sine
325 1582 603 1637 spiramento,
635 1582 747 1637 quod
772 1583 820 1625 in
845 1586 995 1626 uentre
1021 1584 1185 1626 cerebri
1210 1585 1399 1627 locatum

52 1643 134 1695 est,
172 1643 214 1682 et
252 1640 343 1682 sine
380 1641 560 1696 spinalis
598 1641 811 1684 medullae
848 1643 1058 1685 beneficio
1091 1645 1274 1686 constat.
1338 1644 1399 1686 sic

51 1713 151 1754 ergo
184 1700 250 1754 fit,
287 1702 353 1754 ut,
390 1715 486 1742 cum
518 1700 663 1755 ipsum
695 1702 915 1743 cerebrum
949 1716 1077 1744 sensu
1109 1706 1274 1757 careat,
1306 1717 1399 1745 sen-

50 1773 120 1801 sus
152 1761 298 1801 tamen
331 1773 356 1801 a
387 1759 560 1802 cerebro
593 1759 638 1801 in
670 1775 795 1803 omne
827 1775 981 1816 corpus
1013 1760 1339 1816 proficiscatur.2

167 1817 311 1873 ‘Euge
362 1816 596 1860 Graeculus
652 1819 821 1862 noster'
871 1819 1123 1876 Euangelus
1174 1820 1236 1863 ait
1285 1817 1468 1863 ε11311126

0 1893 33 1922 ιο
50 1877 179 1931 plane
222 1876 347 1919 nobis
393 1877 580 1919 ostendit
621 1892 690 1919 res
735 1882 889 1933 opertu
932 1882 1114 1922 naturae
1151 1882 1307 1934 tectas,
1350 1883 1399 1922 ut

50 1936 252 1992 quicquid
302 1950 443 1978 sermo
494 1935 738 1992 descripsit,
789 1938 924 1980 oculis
974 1938 1118 1981 uidere
1161 1938 1396 1982 uideamur.

50 1994 124 2036 sed
173 1994 408 2037 Eustathio
457 1995 543 2037 iam
594 1996 714 2050 cedo,
765 1997 832 2039 cui
881 1998 1098 2053 praeripui
1147 1998 1397 2041 consulendi
1410 1996 1466 2038 27

48 2052 226 2095 locum.'
287 2053 546 2096 Eustathius
579 2052 729 2098 ‘modo
762 2056 832 2097 uel
858 2056 926 2098 uir
951 2057 1142 2099 omnium
1167 2057 1396 2100 disertissi-

142 2161 162 2192 6
188 2169 211 2194 a
237 2157 336 2204 p&at
368 2159 405 2194 P
525 2163 567 2194 15
592 2160 808 2209 pcqueraff·
835 2162 876 2205 (q
906 2172 997 2197 corr.
1031 2165 1073 2197 ut
1103 2162 1182 2198 uid.
1214 2174 1258 2198 ex
1288 2163 1327 2207 u)
1363 2162 1400 2196 P

49 2206 92 2239 19
118 2216 209 2249 quos
252 2205 351 2251 quod
379 2206 417 2241 P
543 2210 587 2243 22
615 2219 660 2243 ex
684 2207 744 2243 hir
764 2218 832 2244 om.
858 2208 895 2242 P
1016 2212 1061 2243 23
1089 2208 1223 2255 l'pmah
1248 2220 1315 2245 om.
1344 2209 1394 2244 P'

46 2252 221 2335 ξιᾰέζιὲῡ
231 2249 301 2335 PP'
424 2258 468 2289 25
495 2265 513 2298 c
537 2266 577 2290 111
602 2254 640 2290 P
755 2259 799 2291 29
825 2255 1012 2302 greiculus
1032 2256 1070 2291 P
1181 2259 1224 2292 31
1252 2257 1396 2302 uidere]
