1526 2444
662 50 696 86 V
720 54 835 86 5—11
1333 50 1421 94 493

89 163 280 203 extrema
320 159 598 215 tangentibus
643 158 848 215 planities
893 159 986 202 eius
1024 158 1269 202 includitur,
1337 159 1419 203 hoc
1434 161 1462 203 9

78 219 174 261 loco
201 218 454 262 admonendi
480 233 640 273 sumus,
665 216 780 274 quod
806 232 932 261 omne
959 232 1112 274 eorpus
1138 218 1420 275 longitudinis

77 277 318 320 latitudinis
344 279 387 320 et
412 276 652 320 altitudinis
678 277 1018 319 dimensionibus
1045 279 1226 320 constat.
1275 292 1328 320 ex
1351 277 1423 320 his

0 386 2 390 v
78 336 218 378 tribus
249 337 295 378 in
326 336 464 378 lineae
497 336 627 378 ductu
658 350 745 378 una
778 335 989 378 dimensio
1022 338 1088 378 est
1111 361 1169 366 —
1194 336 1423 392 longitudo

42 405 58 432 5
79 397 143 437 est
169 395 283 437 enim
309 395 399 437 sine
425 395 650 437 latitudine
680 418 730 425 —-
753 395 954 450 planities
979 409 1094 448 uero,
1120 409 1250 450 quam
1270 395 1423 438 Graeci

78 452 336 509 ἐπιφάνειαν
355 456 523 509 uocant,
546 454 677 509 longo
696 454 870 508 latoque
891 453 1160 508 distenditur,
1186 455 1273 496 alto
1294 458 1424 510 caret,

78 516 120 555 et
139 513 246 555 haec
265 513 464 567 planities
486 514 658 567 quantis
683 512 811 555 lineis
832 512 1103 555 contineatur
1122 513 1422 568 expressimus,

78 571 270 613 soliditas
316 573 457 613 autem
502 586 730 626 corporum
774 573 962 626 constat,
1005 586 1101 614 cum
1144 572 1212 614 his
1257 573 1421 614 duabus

78 629 247 672 additur
286 630 489 683 altitudo;
531 630 582 671 fit
624 630 738 672 enim
781 630 920 672 tribus
964 630 1300 673 dimensionibus
1344 632 1421 673 im-

27 700 61 726 io
78 688 206 743 pletis
232 702 384 743 corpus
411 689 608 742 solidum,
640 687 755 744 quod
780 690 958 742 στερεόν
982 692 1153 744 uocant,
1185 690 1324 744 qualis
1356 692 1423 732 est

80 754 256 802 tessera,
287 762 395 803 quae
421 748 555 802 κύβος
585 750 775 789 uocatur.
826 748 862 789 si
893 762 996 790 uero
1020 762 1109 790 non
1133 748 1259 790 unius
1284 749 1422 803 partis
1441 750 1495 792 10

79 806 152 848 sed
191 806 325 848 totius
364 807 473 848 uelis
517 805 708 861 eorporis
754 805 1019 860 superficiem
1057 806 1267 862 cogitare,
1309 807 1423 861 quod

79 878 369 920 proponamus
396 878 489 907 esse
515 863 786 920 quadratum,
809 867 859 906 ut
890 864 940 906 de
965 879 1063 920 uno,
1088 866 1201 921 quod
1228 866 1423 921 exemplo

81 922 276 978 sufficiet,
301 923 581 978 disputemus,
604 923 693 965 iam
711 937 800 965 non
825 926 1030 978 quattuor
1056 925 1130 966 sed
1157 927 1254 967 octo
1275 924 1424 980 anguli

25 992 59 1019 1⁵
80 982 353 1038 colliguntur.
415 981 529 1037 quod
561 981 889 1037 animaduertis,
927 983 964 1024 si
997 997 1125 1038 super
1155 998 1291 1025 unum
1323 999 1423 1039 qua-

77 1040 266 1095 dratum,
315 1041 441 1096 quale
491 1041 608 1096 prius
659 1041 862 1096 diximus,
913 1041 1096 1084 alterum
1150 1043 1237 1084 tale
1291 1043 1421 1085 altius

77 1099 330 1154 impositum
374 1102 516 1142 mente
560 1099 817 1155 conspicias,
858 1102 907 1142 ut
956 1100 1160 1156 altitudo,
1205 1115 1314 1156 quae
1357 1101 1422 1143 illi

76 1158 207 1213 plano
241 1158 404 1213 deerat,
441 1158 670 1213 adiciatur,
705 1158 867 1213 fiatque
904 1159 1043 1201 tribus
1082 1159 1421 1203 dimensionibus

78 1216 271 1272 impletis
321 1231 475 1272 eorpus
526 1217 731 1273 solidum,
778 1217 889 1272 quod
940 1219 1118 1275 στερεόν
1161 1222 1319 1262 uocant
1368 1219 1422 1261 ad

23 1275 362 1318 mimitationem
406 1280 614 1331 tesserae,
662 1290 771 1331 quae
815 1276 949 1331 κύβος
999 1280 1190 1320 uocatur.
1258 1293 1310 1320 ex
1351 1278 1420 1320 his
1438 1281 1488 1322 11

77 1337 271 1390 apparet,
302 1334 568 1377 octonarium
600 1349 826 1377 numerum
858 1335 1042 1378 solidum
1068 1350 1221 1391 eorpus
1254 1340 1297 1379 et
1328 1351 1422 1379 esse

75 1396 119 1434 et
161 1391 330 1448 haberi,
372 1393 408 1435 si
452 1392 623 1449 quidem
666 1407 800 1436 unum
837 1394 950 1449 apud
988 1397 1231 1450 geometras
1271 1397 1422 1450 puncti

74 1452 216 1494 locum
242 1451 421 1507 obtinet,
447 1451 530 1494 duo
555 1453 695 1494 lineae
720 1452 895 1494 ductum
920 1452 1096 1508 faciunt,
1120 1468 1229 1508 quae
1254 1454 1420 1497 duobus

73 1510 264 1566 punctis,
300 1512 350 1553 ut
388 1525 518 1565 supra
558 1511 761 1566 diximus,
799 1514 1036 1566 coercetur,
1074 1515 1280 1567 quattuor
1318 1527 1419 1556 uero

21 1579 56 1618 ab
74 1571 235 1624 puncta
275 1569 504 1612 aduersum
548 1584 592 1612 se
635 1569 682 1611 in
725 1570 892 1612 duobus
937 1570 1160 1614 ordinibus
1201 1571 1305 1614 bina
1344 1586 1422 1627 per

0 1624 51 1700 fl
75 1627 268 1670 ordinem
301 1628 444 1683 posita
475 1629 720 1683 exprimunt
752 1628 904 1684 quadri
936 1630 1140 1685 speciem,
1180 1645 1205 1673 a
1237 1631 1420 1686 singulis

73 1687 245 1741 punctis
293 1687 339 1729 in
389 1687 617 1730 aduersum
666 1690 872 1743 punctum
923 1689 1057 1731 eiecta
1109 1688 1235 1732 linea.
1314 1690 1422 1732 haec

74 1748 297 1799 quattuor,
338 1748 388 1788 ut
430 1745 633 1801 diximus,
682 1745 901 1802 duplicata
945 1749 988 1789 et
1035 1749 1131 1789 octo
1174 1747 1293 1791 facta
1337 1748 1421 1791 duo

73 1803 235 1857 quadra
272 1804 431 1847 similia
461 1805 734 1861 describunt,
777 1820 887 1860 quae
925 1805 1009 1848 sibi
1041 1807 1312 1863 superposita
1349 1807 1416 1849 ad-

170 1957 188 1987 1
215 1953 454 2000 tamlgentib;
481 1955 518 1990 Β
636 1959 657 1990 2
682 1955 884 1992 amonendi
908 1957 983 1992 BP
1103 1961 1124 1992 3
1149 1958 1361 1993 latitudinis
1382 1960 1420 1993 et

73 1999 285 2035 altitudinis
305 2011 372 2037 om.
398 2001 435 2036 Β
520 2004 542 2037 5
566 2001 643 2038 fine
667 2002 705 2037 B
794 2003 940 2049 plames
960 2001 1006 2040 B‘
1100 2008 1120 2039 6
1147 2006 1349 2050 epiphania
1374 2006 1418 2050 P,

74 2056 120 2092 ep
120 2046 248 2092 yfama
272 2047 310 2082 B
394 2050 438 2083 10
461 2047 607 2084 stereon
631 2049 674 2094 P,
699 2049 862 2094 strereon
886 2050 924 2086 B
1017 2054 1057 2086 11
1086 2055 1119 2086 et
1143 2055 1189 2086 20
1214 2052 1330 2087 cubos
1350 2053 1419 2087 PB

76 2096 119 2129 12
120 2058 309 2140 ycorporis
327 2094 423 2130 uelis
435 2094 473 2130 Β
547 2100 590 2131 13
610 2095 746 2142 ponam
762 2097 800 2132 Β
873 2101 917 2133 14
937 2097 1015 2144 disp
1018 2099 1167 2135 utemB
1240 2102 1285 2134 15
1305 2099 1419 2135 collo-

73 2140 211 2186 gnntur
234 2151 298 2185 qui
322 2139 368 2177 B‘
490 2142 522 2178 si
543 2154 570 2190 p
595 2147 671 2179 unsi
698 2144 772 2180 PB
893 2149 936 2182 19
962 2145 1107 2182 stereon
1131 2146 1176 2190 P,
1201 2145 1240 2191 sp
1244 2156 1356 2182 epeon
1381 2147 1419 2181 Β

75 2190 120 2223 20
144 2188 407 2225 immitatiB-em
432 2188 470 2224 Β
540 2193 585 2225 21
612 2189 703 2226 esset
721 2189 769 2226 B'
842 2195 887 2227 22
909 2193 1015 2228 aberi
1036 2192 1084 2227 P'
1160 2197 1205 2228 23
1226 2204 1273 2238 op
1275 2193 1363 2228 tin&
1382 2195 1419 2229 Β

74 2234 218 2316 ἑζοιὶιέὓ
242 2246 313 2284 que
329 2236 454 2318 gu⁰b³
477 2236 484 2281 Ι
505 2236 649 2273 faciunt
671 2239 709 2273 Β
793 2243 839 2275 27
868 2242 966 2276 eicta
989 2237 1037 2275 B'
1130 2243 1175 2276 28
1202 2242 1362 2284 quatuor
1386 2241 1423 2275 P

159 2293 172 2317 1
199 2293 213 2317 i
236 2292 302 2318 om.
