1526 2444
146 73 233 115 552
445 73 591 109 COMM.
616 73 669 109 IN
693 73 835 110 SOMN.
861 74 972 110 SCIP.
997 73 1126 109 LIBRI
1149 75 1166 109 I

149 193 325 233 sperus
347 180 395 220 et
413 180 660 221 salutaris
681 180 771 221 ille
790 179 978 236 fulgor,
1003 181 1085 235 qui
1106 180 1293 222 dicitur
1311 179 1467 234 Iouis,

145 239 249 278 tum
275 237 463 278 rutilus
489 237 856 292 horribilisque
875 239 1045 293 terris,
1071 252 1212 292 quem
1231 237 1463 279 Martium

147 294 338 348 dicitis,
381 294 556 336 deinde
601 295 774 337 subter
815 296 1028 338 mediam
1067 297 1171 338 fere
1210 296 1463 349 regionem

148 353 223 393 sol
278 351 493 405 optinet,
548 352 643 393 dux
697 355 744 394 et
799 354 1033 407 princeps
1082 356 1130 395 et
1182 353 1465 395 moderator

147 409 390 451 luminum
421 410 751 464 reliquorum,
782 424 918 452 mens
950 411 1118 452 mundi
1149 418 1196 452 et
1219 414 1463 465 tempera·
1498 422 1516 448 ⁶

145 468 234 519 tio,
289 469 438 508 tanta
485 468 850 522 magnitudine,
899 471 952 509 ut
1000 470 1177 510 cuncta
1226 483 1313 510 sua
1360 469 1465 509 luce

146 526 334 567 lustret
374 528 422 566 et
465 526 710 579 conpleat.
777 525 904 567 hunc
947 528 1000 567 ut
1042 526 1251 568 comites
1296 539 1465 568 conse-

147 585 328 624 cuntur
352 582 568 625 Veneris
594 584 742 637 alter,
773 584 901 625 alter
926 583 1164 626 Mercurii
1195 597 1386 638 cursus,
1417 584 1466 624 in

146 640 424 694 infimoque
456 641 576 683 orbe
608 641 727 682 luna
756 641 914 682 radiis
953 642 1078 683 solis
1110 655 1321 683 accensa
1351 655 1465 683 con-

104 698 383 740 4uertitur.
458 698 594 740 infra
655 701 819 740 autem
880 713 984 740 eam
1043 699 1174 740 nihil
1234 703 1310 740 est
1368 698 1519 740 nisim

146 756 360 798 mortale
404 759 453 798 et
496 756 732 798 caducum
773 760 975 811 praeter
1024 758 1215 798 animos
1266 769 1467 797 munere

147 814 349 855 deorum
389 814 644 855 hominum
687 814 860 869 generi
903 814 1063 856 datos:
1111 829 1261 869 supra
1300 814 1469 855 lunam

147 875 265 912 sunt
302 874 508 913 aeterna
547 873 727 914 omnia.
785 886 895 913 nam
927 886 998 923 ea,
1036 887 1160 926 quae
1197 875 1273 913 est
1307 871 1468 912 media

147 931 196 970 et
234 943 381 982 nona,
417 930 575 971 tellus
613 943 773 983 neque
809 933 1036 971 mouetur
1073 934 1122 971 et
1157 930 1337 971 infima
1373 931 1468 984 est,

147 989 195 1027 et
238 987 288 1027 in
334 1000 439 1028 eam
481 987 715 1028 feruntur
752 987 916 1028 omnia
953 990 1075 1029 nutu
1111 1001 1198 1028 suo
1235 986 1466 1041 pondera.
1486 998 1520 1025 1⁵

105 1044 277 1086 5totius
327 1044 472 1086 mundi
515 1059 540 1085 a
582 1059 746 1086 summo
788 1046 831 1086 in
874 1045 1006 1086 imum
1049 1044 1228 1100 diligens
1272 1045 1316 1086 in
1357 1045 1469 1086 hunc

146 1102 285 1144 locum
329 1102 510 1144 collecta
547 1102 775 1156 descriptio
813 1105 893 1157 est,
931 1105 973 1144 et
1009 1102 1222 1157 integrum
1260 1102 1469 1156 quoddam

146 1160 436 1201 uniuersitatis
477 1174 629 1214 corpus
667 1161 904 1215 effingitur,
942 1160 1053 1214 quod
1090 1160 1255 1215 quidem
1291 1160 1340 1201 τὸ
1371 1165 1469 1211 πᾶν,

144 1218 187 1259 id
232 1220 297 1259 est
339 1232 484 1273 omne,
526 1218 738 1272 dixerunt,
775 1218 885 1259 unde
935 1221 978 1259 et
1019 1217 1089 1259 hic
1138 1218 1240 1260 dicit
1283 1231 1469 1260 conexa
1524 1222 1526 1235 ¹

147 1277 262 1317 sunt
289 1276 466 1317 omnia.
526 1274 742 1330 Vergilius
768 1290 868 1317 uero
894 1289 1096 1330 magnum
1122 1290 1273 1329 corpus
1297 1276 1468 1317 uocauit
1485 1258 1526 1336 24

454 1358 496 1397 et
525 1369 679 1411 magno
711 1370 755 1397 se
786 1370 960 1410 corpore
990 1357 1150 1399 miscet.

106 1436 226 1478 sshoc
269 1439 410 1477 autem
453 1436 547 1478 loco
592 1435 737 1478 Cicero
789 1451 928 1478 rerum
971 1437 1302 1492 quaerendarum
1347 1437 1468 1478 iactis
1521 1426 1526 1443 ⁴

76 1541 77 1544 Ἴ
146 1494 378 1535 seminibus
410 1495 545 1536 multa
575 1495 698 1536 nobis
730 1495 957 1536 excolenda
995 1495 1166 1550 legauit.
1227 1495 1277 1536 de
1308 1497 1469 1549 septem

73 1549 75 1551 ’
146 1552 347 1593 subiectis
378 1552 519 1607 globis
557 1553 634 1594 ait:
672 1553 754 1606 qui
791 1555 1066 1594 uersantur
1101 1555 1235 1594 retro
1273 1555 1468 1594 contra-

107 1610 221 1652 'zrio
253 1612 390 1651 motu
421 1612 571 1664 atque
604 1610 806 1653 caelum.
855 1611 965 1665 quod
991 1625 1084 1652 cum
1117 1610 1228 1664 dicit,
1260 1611 1467 1664 admonet,

239 1739 282 1769 21
309 1734 418 1780 Verg.
444 1735 534 1770 Aen.
559 1734 610 1770 VI
637 1738 702 1770 727

239 1853 259 1884 3
286 1851 427 1897 subter]
458 1850 557 1896 septe
585 1851 621 1885 P
737 1854 757 1886 7
787 1850 973 1896 compleat
999 1850 1036 1885 P
1150 1852 1420 1895 consequuntur
1438 1862 1469 1895 Ρ

145 1899 166 1930 8
191 1896 228 1930 in
254 1907 320 1932 om.
345 1897 382 1930 P
451 1900 492 1932 15
517 1897 723 1932 referuntur
748 1897 784 1931 P
852 1901 894 1932 16
914 1900 998 1941 post
1017 1897 1227 1942 d111gensm
1245 1897 1341 1932 hunc
1359 1898 1372 1942 n
1390 1898 1466 1942 (fol.
1506 1919 1507 1922 =

143 1945 190 1976 11
216 1944 267 1986 u.)
299 1943 460 1988 sequitur
484 1944 525 1978 iu
555 1944 592 1978 P
619 1944 693 1987 (fol.
721 1947 769 1980 12
801 1946 844 1987 r.)
877 1944 904 1978 Ι
926 1945 992 1987 20,
1019 1947 1041 1979 7
1073 1954 1183 1987 quam
1207 1954 1285 1978 iure
1311 1953 1373 1978 cor
1397 1942 1468 1990 celi

143 1989 312 2024 uocetur:
332 1991 373 2023 in
391 1990 556 2034 maryine
572 1990 743 2033 inferiore
761 1991 846 2025 haec
863 1990 1050 2034 adscripta
1067 1993 1152 2025 sunt
1169 2000 1281 2025 mauu
1298 1990 1340 2024 ui
1357 1990 1468 2033 fallor

145 2034 273 2070 Iacobi
296 2035 457 2081 Augusti
482 2036 630 2071 Thuam·
655 2036 788 2071 desunt
808 2036 948 2080 aliqua:
974 2036 1048 2070 imo
1070 2037 1076 2080 Ι
1097 2035 1243 2070 folium:
1268 2039 1357 2071 certe
1373 2036 1467 2071 idem

145 2082 245 2116 homo
282 2081 369 2116 haec
403 2083 550 2126 scripsit
585 2086 690 2126 atque
725 2084 775 2126 is,
811 2083 874 2128 qui
909 2083 1159 2126 quaterniones
1193 2083 1400 2117 numerauit
1434 2086 1468 2118 et

143 2127 326 2171 signauit:
345 2128 405 2170 fol.
427 2132 545 2163 autem
562 2129 788 2163 undecimum
805 2139 886 2164 cum
903 2130 1085 2173 siynatum
1100 2130 1147 2164 sit
1164 2128 1194 2163 B
1215 2138 1220 2174 ι
1238 2127 1244 2174 Ι
1263 2129 1267 2174 Ι
1290 2132 1322 2163 et
1337 2129 1466 2172 folium

145 2174 392 2209 duodecimum
429 2173 458 2207 B
481 2174 562 2221 ΗΗ,
603 2175 705 2210 hodie
746 2175 946 2210 diiudicari
986 2175 1120 2219 nequit,
1156 2185 1241 2210 num
1274 2175 1341 2209 illa
1377 2185 1467 2218 quae

143 2221 395 2256 desiderantur
425 2225 508 2257 ante
543 2220 692 2256 Thuani
721 2225 881 2266 tempora
903 2222 1081 2266 perierint
1109 2232 1159 2256 om
1188 2221 1331 2257 omnino
1362 2231 1464 2256 num-

144 2278 252 2312 quam
276 2270 427 2302 exarata
451 2267 589 2310 fuerint
