1526 2444
139 66 225 108 438
637 64 733 101 SAT.
753 64 881 100 LIBRI
905 64 973 99 VII

140 175 231 215 tam
262 172 443 214 facunda
473 171 632 212 Disarii
663 171 863 213 doctrina.
919 170 997 224 dic,
1028 184 1101 212 oro
1133 172 1188 220 te,
1219 182 1325 224 quae
1355 168 1459 211 facit

142 245 286 281 causa,
329 233 376 271 ut
419 229 559 283 sinapi
601 231 644 270 et
684 229 823 283 piper,
867 229 903 270 si
939 227 1133 281 adposita
1170 227 1254 269 cuti
1291 227 1459 280 fuerint,

141 289 297 330 uulnus
323 287 508 329 excitent
532 288 575 328 et
597 287 692 328 loca
709 286 936 340 perforent,
961 286 1162 327 deuora-ta
1181 299 1281 327 uero
1299 284 1461 326 nullam

102 346 304 389 8uentris
359 344 527 399 corpori
579 344 765 386 inferant
818 342 1098 385 laesionem‘?'
1178 345 1220 384 et
1267 341 1459 383 Disarius

145 402 349 458 ‘species'
380 403 519 456 inquit
556 401 621 443 ‘et
657 416 773 443 acres
811 403 852 443 et
883 400 1043 443 calidae
1075 400 1357 454 superficiem,
1394 400 1461 441 cui
1496 418 1513 444 5

141 461 426 515 adponuntur,
458 459 716 513 exulcerant,
747 460 847 514 quia
876 459 1045 512 integra
1074 458 1231 500 uirtute
1264 472 1340 499 sua
1372 457 1460 498 sine

141 519 314 560 alterius
350 519 413 559 rei
450 518 708 559 admixtione
739 519 917 558 utuntur
948 516 1000 558 ad
1030 530 1202 569 noxam,
1244 515 1315 557 sed
1348 515 1383 556 si
1414 515 1462 556 in

140 579 334 618 uentrem
375 578 569 630 receptae
607 575 711 629 sint,
757 574 937 616 soluitur
974 574 1038 615 uis
1077 587 1221 615 earum
1257 572 1461 614 uentralis

139 634 332 676 humoris
372 634 601 684 alluuione,
639 647 721 687 qua
757 633 865 674 fiunt
896 631 1134 686 dilutiores‚
1169 630 1314 672 deinde
1344 630 1462 684 prius

139 694 364 734 uertuntur
394 692 438 732 in
470 705 614 733 sucum
644 691 807 732 uentris
839 691 995 744 calore,
1033 703 1160 743 quam
1190 691 1238 730 ut
1268 689 1459 743 integrae
1481 704 1514 730 ιο

140 749 306 804 possint
336 748 513 791 nocere?

99 809 125 850 9
255 806 435 849 Caecina
478 806 656 848 subiecit
693 805 814 847 ‘dum
852 805 901 846 de
939 805 1077 847 calore
1115 804 1344 858 loquimur,
1389 803 1458 844 ad·

143 879 317 907 moneor
359 865 439 918 rei,
482 879 608 919 quam
651 878 815 917 semper
858 863 1051 917 quaesitu
1091 862 1261 916 dignam
1298 861 1460 914 putaui,

144 937 217 964 cur
253 923 299 964 in
337 922 553 977 Aegypto,
591 936 697 976 quae
732 921 954 976 regionum
991 920 1169 961 aliarum
1206 919 1465 961 calidissima

147 983 229 1034 est,
264 980 408 1022 uinum
441 995 528 1022 non
558 980 693 1021 calida
725 979 796 1021 sed
827 992 958 1032 paene
989 977 1165 1019 dixerim
1195 976 1351 1030 frigida
1381 976 1463 1017 uir·
1485 992 1518 1018 1⁵

75 1040 130 1081 10
147 1041 237 1080 tute
280 1037 527 1080 nascatur?'
595 1038 648 1079 ad
688 1037 770 1078 hoc
806 1035 999 1078 Disarius
1043 1034 1143 1076 ‘usu
1184 1034 1267 1075 tibi
1306 1033 1463 1075 Albine

148 1099 410 1150 compertum
448 1098 529 1150 est,
567 1109 715 1149 aquas,
753 1109 859 1148 quae
896 1094 964 1135 uel
1001 1093 1050 1133 de
1088 1092 1186 1133 altis
1222 1091 1364 1146 puteis
1395 1091 1463 1132 uel

145 1155 195 1195 de
232 1154 423 1196 fontibus
460 1153 730 1207 hauriuntur,
764 1152 926 1193 fumare
956 1151 1112 1205 hieme,
1148 1152 1309 1191 aestate
1340 1149 1468 1204 frige-

146 1226 273 1254 scere.
323 1212 434 1266 quod
466 1212 515 1252 fit
543 1225 629 1252 non
660 1211 744 1252 alia
775 1210 825 1251 de
856 1223 995 1263 causa,
1024 1208 1108 1249 nisi
1136 1207 1247 1261 quod
1271 1221 1366 1248 aere
1398 1206 1470 1260 qui

144 1270 267 1311 nobis
322 1269 601 1311 circumfusus
658 1270 722 1309 est
775 1269 949 1321 propter
1002 1265 1207 1320 temporis
1255 1265 1470 1306 rationem
1489 1264 1526 1318 sq*

145 1327 309 1368 calente
345 1327 480 1381 frigus
517 1327 563 1367 in
593 1330 803 1367 terrarum
839 1326 926 1366 ima
965 1323 1224 1378 demergitur
1262 1325 1304 1363 et
1335 1336 1467 1376 aquas
1522 1323 1526 1375 ζ

148 1385 301 1439 inficit,
332 1399 509 1439 quarum
540 1385 585 1425 in
615 1384 700 1425 imo
733 1385 798 1424 est
830 1382 1077 1436 scaturrigo‚
1108 1383 1150 1422 et
1181 1382 1341 1434 contra,
1372 1394 1467 1422 cum
1521 1381 1526 1427 j

144 1457 214 1484 aer
255 1443 437 1484 hiemem
479 1442 682 1496 praefert,
727 1442 844 1483 calor
885 1441 931 1482 in
969 1439 1172 1480 inferiora
1218 1438 1463 1492 demergens
1518 1437 1526 1496 ᾖ

77 1502 126 1543 11
144 1501 263 1555 aquis
306 1501 350 1542 in
386 1501 472 1541 imo
508 1499 780 1542 nascentibus
818 1499 892 1540 dat
927 1511 1141 1551 uaporem.
1209 1496 1320 1550 quod
1359 1507 1461 1549 ergo

142 1559 296 1614 ubique
328 1559 560 1600 alternatur
589 1558 796 1599 uarietate
826 1556 1044 1611 temporis,
1072 1555 1155 1598 hoc
1184 1554 1229 1595 in
1260 1554 1459 1608 Aegypto
1481 1569 1497 1594 2

150 1631 315 1670 semper
350 1619 430 1671 est,
468 1617 584 1658 cuius
623 1630 694 1657 aer
731 1629 895 1668 semper
932 1615 996 1654 est
1031 1614 1077 1654 in
1113 1612 1262 1654 calore.
1327 1611 1464 1665 frigus

152 1675 263 1716 enim
293 1675 380 1716 ima
410 1677 558 1728 petens
589 1673 740 1715 uitium
771 1671 984 1714 radicibus
1013 1670 1248 1712 inuoluitur
1273 1671 1314 1710 et
1337 1668 1468 1710 talem

145 1733 218 1773 dat
268 1733 516 1786 qualitatem
565 1745 664 1773 suco
712 1730 808 1772 inde
857 1729 1059 1771 nascenti.
1130 1728 1224 1768 ideo
1274 1726 1462 1782 regionis

151 1791 312 1831 calidae
342 1790 444 1831 uina
474 1790 612 1831 calore
644 1787 896 1831 caruerunt.9

82 1848 136 1889 12
268 1847 514 1890 ‘Tractatus
550 1846 715 1889 noster'
747 1846 928 1887 Albinus
959 1845 1098 1898 inquit
1129 1842 1280 1885 ‘semel
1311 1843 1469 1897 ingres·

150 1920 220 1947 sus
264 1906 449 1947 calorem
492 1919 576 1947 non
618 1904 746 1946 facile
789 1904 872 1946 alio
910 1902 1154 1958 digreditur,
1214 1900 1328 1942 dicas
1366 1913 1466 1954 ergo

147 1963 263 2018 uolo,
295 1977 368 2004 cur
400 1963 471 2016 qui
501 1963 547 2004 in
577 1977 730 2016 aquam
761 1961 978 2003 descendit
1008 1959 1207 2014 calidam,
1243 1959 1279 2000 si
1310 1971 1353 1999 se
1383 1971 1467 1998 non
1500 2004 1502 2006 v

148 2021 341 2075 mouerit,
371 2021 511 2061 minus
542 2021 691 2074 uritur,
723 2019 795 2061 sed
827 2019 863 2061 si
894 2019 1059 2073 agitatu
1091 2031 1165 2059 suo
1198 2030 1350 2071 aquam
1382 2029 1470 2056 mo-

243 2126 263 2156 3
290 2123 452 2157 excitant
475 2120 522 2156 P'
609 2126 629 2156 6
655 2122 884 2166 adponentur
909 2118 955 2155 P'
1040 2120 1183 2166 integre
1209 2119 1244 2153 P
1331 2121 1349 2152 7
1375 2118 1471 2152 ulte·
1496 2146 1498 2150 Α

149 2169 225 2204 nus
247 2169 283 2203 P
351 2172 371 2203 8
395 2171 544 2214 recepta
567 2167 621 2203 est
645 2168 681 2202 P
749 2171 791 2202 10
815 2166 972 2212 mtcssgra
997 2166 1033 2200 P
1101 2169 1144 2200 14
1168 2167 1200 2200 et
1224 2167 1267 2199 25
1293 2165 1419 2210 eg1pto
1439 2163 1475 2198 P

151 2219 193 2251 17
221 2218 373 2260 copertfi
401 2215 437 2249 P
538 2226 607 2262 que
634 2215 679 2250 de
704 2214 740 2248 P
831 2216 874 2247 26
901 2212 1004 2248 cuius
1023 2223 1085 2248 aer
1109 2211 1248 2255 semper
1272 2210 1326 2245 est
1349 2221 1414 2247 om.
1439 2209 1491 2247 1²2

151 2266 193 2296 31
220 2262 424 2307 ingreditur
449 2261 485 2296 P
