1526 2444
21 423 38 450 5

5 767 39 792 10

5 1060 38 1088 15

659 36 677 70 Ι
702 38 819 71 5--14
1319 35 1408 78 249

59 146 153 201 quis
190 144 290 188 fons
327 144 423 200 quis
459 147 631 188 torrens
669 144 782 200 quod
821 159 938 187 mare
969 146 1038 187 tot
1066 144 1269 188 fluctibus
1302 147 1409 200 quot

57 205 128 247 hic
164 204 307 246 uerbis
338 204 594 246 inundauit?
656 204 758 247 cedo
790 219 906 246 nunc
938 204 1099 247 siccum
1130 204 1237 247 illud
1269 218 1405 260 genus
1426 206 1476 247 11

59 263 312 307 elocutionis

117 345 284 388 Tamus
316 348 365 388 ut
396 348 497 388 ante
528 346 681 388 uolans
712 346 883 388 tardum
915 349 1209 401 praecesserat
1239 360 1408 403 agmen,

117 405 275 460 uiginti
306 405 429 447 lectis
461 405 654 460 equitum
686 406 915 448 comitatus
948 408 991 448 et
1021 406 1118 448 urbi

117 464 376 520 improuisus
409 464 548 506 adest:
581 465 761 506 maculis
795 479 919 520 quem
951 465 1160 508 Thracius
1194 465 1306 507 albis

116 525 264 578 portat
295 537 429 578 equus
462 524 679 579 cristaque
710 524 822 580 tegit
856 525 981 579 galea
1013 539 1144 567 aurea
1174 524 1319 566 rubra.

55 605 139 648 hoc
169 605 283 648 idem
315 621 400 661 quo
432 606 551 649 cultu
584 621 713 662 quam
744 607 897 649 florida
929 607 1137 662 oratione,
1169 621 1266 649 cum
1297 607 1404 649 libu·
1425 607 1479 649 12

62 665 156 719 erit,
186 664 435 719 profertur?
1460 670 1475 679 ⁸

116 746 229 789 forte
261 761 381 790 sacer
413 747 599 803 Cybelae
632 746 823 790 Choreus
856 748 1044 804 olimque
1078 748 1275 790 sacerdos

116 806 301 861 insignis
332 807 459 862 longe
493 806 694 862 Phrygiis
725 807 923 863 fulgebat
953 807 999 849 in
1031 807 1176 859 armis,

117 867 473 920 spumantemque
511 866 708 921 agitabat
746 881 921 921 equum,
960 881 1088 921 quem
1124 866 1255 921 pellis
1288 867 1406 909 aenis

115 923 161 965 in
191 924 382 978 plumam
414 925 606 980 squamis
638 939 743 966 auro
776 927 978 967 conserta
1010 926 1198 982 tegebat.

115 982 208 1037 ipse
238 983 466 1039 peregrina
496 983 713 1039 ferrugine
745 984 888 1026 clarus
920 988 964 1027 et
995 987 1114 1027 ostro

117 1042 282 1096 spicula
311 1043 543 1099 torquebat
573 1043 704 1098 Lycio
737 1042 947 1098 Gortynia
979 1059 1123 1087 cornu.
1150 1078 1158 1086 .
1185 1077 1194 1087 .

116 1101 257 1156 pictus
291 1115 369 1143 acu
400 1102 566 1144 tunicas
598 1105 642 1145 et
672 1103 859 1145 barbara
889 1105 1084 1159 tegmina
1116 1118 1300 1146 crurum.

57 1182 132 1224 sed
168 1183 274 1225 haec
313 1183 486 1238 quidem
522 1184 635 1226 inter
671 1200 716 1228 se
754 1188 955 1241 separata
987 1188 1100 1229 sunt.
1161 1187 1228 1228 uis
1262 1189 1406 1230 autem
1423 1189 1477 1230 13

56 1241 213 1296 uidere,
246 1256 372 1297 quem
405 1242 459 1284 ad
489 1243 662 1285 modum
688 1244 794 1287 haec
826 1247 1031 1300 quattuor
1057 1259 1215 1301 genera
1241 1246 1406 1289 dicendi

57 1299 276 1357 Vergilius
320 1302 412 1356 ipse
455 1303 715 1356 permisceat
759 1306 802 1346 et
845 1303 980 1346 faeiat
1018 1319 1151 1347 unum
1190 1305 1406 1360 quoddam

4 1380 38 1407 20
57 1373 107 1402 ex
152 1360 271 1402 omni
314 1360 567 1404 diuersitate
610 1363 950 1417 pulcherrimum
988 1365 1405 1419 temperamentum?

117 1457 245 1497 saepe
275 1443 408 1485 etiam
440 1445 607 1486 steriles
639 1445 863 1487 incendere
896 1445 1059 1500 profuit
1090 1460 1218 1502 agros
1423 1449 1478 1490 14

117 1504 245 1557 atque
282 1502 423 1545 leuem
460 1503 668 1558 stipulam
701 1505 1016 1560 crepitantibus
1047 1520 1170 1548 urere
1200 1506 1405 1549 flammis:

117 1561 208 1602 siue
239 1561 339 1603 inde
371 1562 562 1604 occultas
594 1564 706 1606 uires
739 1569 782 1605 et
811 1564 973 1619 pabula
1004 1567 1145 1606 terrae

115 1620 294 1676 pinguia
324 1621 584 1677 concipiunt,
616 1622 706 1664 siue
739 1623 827 1665 illis
860 1637 988 1665 omne
1019 1638 1096 1678 per
1127 1624 1272 1678 ignem

117 1679 370 1735 excoquitur
400 1681 566 1735 uitium,
598 1685 727 1737 atque
761 1682 918 1724 exudat
948 1683 1116 1725 inutilis
1147 1683 1314 1738 humor,

117 1752 191 1780 seu
222 1738 366 1793 plures
398 1740 516 1782 calor
547 1741 618 1783 ille
651 1742 744 1783 uias
777 1744 820 1783 et
851 1755 977 1784 caeca
1007 1742 1174 1784 relaxat

117 1798 392 1854 spiramenta,
423 1813 559 1842 nouas
590 1801 738 1843 ueniat
769 1815 854 1856 qua
880 1815 1006 1844 sucus
1038 1802 1084 1843 in
1115 1802 1286 1858 herbas,

149 1952 172 1983 4
197 1949 287 1985 Aen.
314 1949 417 1986 VIIII
442 1954 488 1987 46
564 1954 608 1988 10
632 1952 682 1988 ib.
708 1951 759 1987 XI
784 1956 851 1989 768
926 1957 969 1988 21
997 1953 1129 2000 Georg.
1155 1953 1172 1988 I
1198 1958 1244 1990 84

151 2094 172 2125 2
197 2091 365 2127 *ssillud
387 2093 480 2138 (uid.
506 2093 620 2137 fuisse
646 2094 699 2139 et)
724 2094 761 2130 P
836 2098 856 2129 3
883 2095 1138 2140 eloquutioml'
1161 2096 1198 2131 P
1282 2101 1302 2132 6
1327 2098 1404 2132 tra-

56 2136 135 2172 eml'
156 2138 193 2173 P
285 2143 305 2173 7
337 2139 520 2185 cristaque
551 2141 650 2187 tegit
679 2141 789 2186 galea
820 2153 933 2177 aurea
963 2143 1085 2179 rubra.
1136 2143 1207 2178 hac
1240 2144 1305 2180 ide
1331 2156 1404 2189 quo

57 2183 160 2242 cultu
183 2186 321 2232 ἴκτερον
344 2187 548 2223 uersiculus
573 2189 737 2233 (praeter
763 2191 830 2234 cn)
851 2190 894 2225 in
918 2201 991 2225 ras.
1017 2191 1059 2226 in
1082 2190 1119 2225 P
1191 2194 1234 2226 10
1254 2191 1405 2227 choreaI

207 2236 248 2268 11
281 2233 405 2279 frigus
435 2234 471 2269 P
542 2237 586 2270 13
617 2246 656 2270 in
687 2235 842 2282 pluman
873 2236 1036 2282 squamss'
1062 2238 1146 2274 add.
1175 2238 1405 2285 Cantabria,

57 2287 123 2314 om.
150 2279 188 2314 P
259 2283 302 2316 15
327 2282 415 2316 hoio
439 2282 604 2327 gott-mia
628 2282 664 2318 P
