1526 2444
613 32 682 68 Vn
707 35 847 68 28-34
1345 33 1407 76 35

18 160 21 162 ·
58 141 271 184 ensibus
320 140 505 183 incolis
544 153 862 195 occupauere
905 139 1166 196 regionem
1212 141 1406 184 decima

58 200 275 255 praedae
307 199 582 242 secundum
613 213 915 253 responsum
947 199 1188 254 Apollini
1225 214 1405 243 conse-

57 261 215 314 crata,
251 258 540 313 erectisque
571 257 681 299 Diti
718 258 914 299 sacello
953 261 1003 299 et
1041 256 1261 301 Saturno
1301 274 1405 314 ara,

57 319 198 360 cuius
231 317 418 360 festum
452 315 753 359 Saturnalia
790 316 1136 360 nominarunt.
1193 319 1473 373 cumque3l

19 376 139 421 adiu
177 376 413 418 humanis
453 374 715 431 capitibus
747 374 915 417 Ditem
956 378 1004 418 et
1041 377 1268 419 uirorum
1300 378 1404 420 uic-

17 468 21 471 *
53 435 195 477 timis
234 434 507 477 Saturnum
544 435 749 489 placare
789 435 1156 492 selcrederent
1192 439 1405 491 propter

55 493 335 548 oraculum,
366 493 417 534 in
449 507 543 548 quo
577 497 681 535 erat

111 574 183 618 καὶ
213 575 406 630 κεφαλὰς
426 573 554 631 ’Ἅιδῃ
585 573 658 617 καὶ
688 580 748 632 τῷ
780 574 911 631 πατρὶ
942 573 1128 630 πέμπετε
1158 583 1305 631 φῶτα,

52 657 322 700 Herculem
365 658 509 700 ferunt
546 659 729 713 postea
771 672 879 700 cum
918 657 1173 712 Geryonis
1219 674 1402 713 pecore

16 731 141 772 oper
169 716 379 759 Italiam
410 718 754 758 reuertentem
789 716 1017 758 suasisse
1048 717 1258 759 illorum
1289 733 1403 773 pos-

52 775 198 830 teris,
236 778 284 817 ut
319 775 514 817 faustis
553 774 835 817 sacrificiis
873 774 1104 818 infausta
1143 779 1403 820 mutarent

51 834 333 876 inferentes
376 833 488 876 Diti
529 848 629 876 non
671 833 932 876 hominum
975 835 1149 890 capita
1192 836 1279 878 sed
1323 851 1400 879 os-

51 893 176 934 cilla
213 892 272 934 ad
314 893 578 934 humanam
622 892 855 948 effigiem
894 895 1004 936 arte
1050 894 1312 950 simulata,
1352 898 1400 938 et

51 965 163 993 aras
202 950 472 993 Saturnias
509 966 608 994 non
645 951 910 994 mactando
948 953 1062 995 uiro
1101 953 1190 996 sed
1223 969 1400 997 accen-

51 1010 120 1051 sis
145 1010 426 1052 luminibus
448 1011 760 1065 excolentes,
787 1011 905 1066 quia
925 1025 1025 1054 non
1051 1013 1215 1055 solum
1234 1014 1398 1056 uirum

0 1062 1 1120 J
50 1068 133 1110 sed
164 1071 214 1110 et
244 1068 440 1111 lumina
471 1069 598 1124 φῶτα
637 1069 920 1125 significat.
964 1070 1062 1112 inde
1094 1085 1188 1113 mos
1218 1086 1297 1127 per
1327 1071 1398 1115 Sa·
1413 1074 1470 1116 32

50 1127 238 1170 turnalia
268 1127 535 1170 missitandis
567 1128 720 1184 coepit.

169 1186 258 1228 Alii
281 1201 425 1229 cereos
449 1201 538 1230 non
564 1187 618 1229 ob
647 1187 766 1229 aliud
791 1187 908 1229 mitti
933 1189 1101 1243 putant,
1127 1203 1257 1244 quam
1284 1191 1398 1246 quod

49 1244 131 1287 hoc
166 1245 358 1300 principe
403 1246 456 1288 ab
500 1246 660 1288 incomi
698 1248 742 1288 et
780 1246 1013 1289 tenebrosa
1050 1248 1143 1290 uita
1181 1251 1305 1305 quasi
1344 1250 1397 1292 ad

0 1320 31 1346 ιο
48 1303 188 1346 lucem
218 1306 261 1345 et
284 1304 496 1346 bonarum
522 1305 683 1347 artium
709 1305 937 1347 scientiam
963 1306 1068 1348 editi
1100 1322 1258 1351 sumus.
1289 1309 1396 1351 illud
1411 1311 1468 1353 33

48 1376 216 1418 quoque
255 1363 300 1404 in
338 1363 492 1405 litteris
529 1363 701 1405 inuenio
739 1363 871 1419 quod,
910 1378 1018 1406 cum
1062 1366 1216 1408 multi
1255 1382 1397 1410 oeca-

48 1421 192 1463 sione
232 1419 650 1463 Saturnaliorum
687 1437 775 1477 per
812 1423 1088 1465 auaritiam
1127 1440 1152 1467 a
1189 1426 1397 1469 clienti-

46 1479 139 1521 bus
187 1480 460 1522 ambitiose
504 1495 713 1522 munera
755 1482 1042 1536 exigerent,
1078 1482 1230 1538 idque
1269 1500 1396 1528 onus

45 1538 311 1581 tenuiores
355 1541 616 1594 grauaret,
661 1539 926 1582 Publicius
970 1541 1211 1585 tribunus
1254 1545 1395 1599 plebi

0 1597 188 1648 ntulit,
227 1611 325 1639 non
355 1598 458 1639 nisi
490 1598 623 1640 cerei
655 1598 935 1640 ditioribus
974 1600 1394 1646 missitarentur.'

160 1654 245 1698 Hic
276 1656 461 1698 Albinus
494 1655 679 1698 Caecina
716 1657 900 1700 subiecit
941 1657 1127 1712 ‘qualem
1157 1675 1270 1703 nunc
1300 1677 1392 1717 per·
1408 1665 1466 1707 34

42 1714 328 1756 mutationem
360 1715 569 1770 sacrificii,
599 1715 883 1770 Praetextate,
915 1720 1184 1774 memorasti,
1214 1721 1388 1764 inuenio

40 1775 194 1828 postea
242 1772 622 1829 Compitalibus
673 1775 950 1831 celebratam,
1000 1791 1095 1819 cum
1145 1779 1251 1820 ludi
1299 1795 1389 1835 per

41 1831 215 1874 urbem
257 1832 307 1873 in
352 1833 590 1888 compitis
623 1833 976 1891 agitabantur,
1011 1837 1249 1879 restituti
1293 1840 1388 1881 sci-

0 1889 171 1934 nolicet
208 1905 233 1933 a
263 1891 542 1946 Tarquinio
575 1891 802 1947 Superbo
834 1892 1054 1937 Laribus
1094 1910 1150 1938 ac
1187 1896 1387 1940 Maniae

135 2032 156 2064 2
175 2029 407 2076 responlpum
423 2027 470 2065 B‘
521 2035 542 2066 8
562 2032 679 2066 ΑΙΔΗΙ
695 2031 738 2077 Ρ,
757 2033 852 2067 ΑΔΗ
870 2052 877 2059 ·
893 2033 930 2068 Β
978 2035 1246 2072 ΠΗΜΠΕΤΕ*
1259 2036 1389 2072 <boffa

41 2076 132 2120 (uid.
151 2077 266 2119 fuisse
284 2078 322 2122 C)
342 2077 379 2112 B
451 2081 472 2112 9
498 2078 662 2123 gerloms
681 2080 713 2124 b,
739 2080 905 2124 reglonls
923 2081 960 2115 B
1035 2085 1078 2115 12
1099 2082 1274 2118 hominus
1285 2085 1391 2128 ap1ta

38 2126 81 2158 ut
102 2123 180 2160 uid.
201 2121 247 2158 B‘
324 2128 368 2160 14
387 2124 489 2160 uiros
502 2136 532 2171 p
604 2125 775 2171 accensos
788 2124 836 2161 B'
913 2131 955 2163 16
975 2127 1054 2164 fota
1074 2129 1155 2164 BP
1224 2133 1267 2166 17
1288 2142 1307 2165 c
1331 2132 1389 2176 p1t

41 2169 79 2204 P
154 2174 201 2206 20
226 2170 318 2206 edSn
343 2171 389 2206 Β
470 2176 514 2208 22
542 2171 750 2209 cleentibus
772 2171 817 2208 P'
892 2177 936 2210 23
962 2176 1085 2211 honus
1104 2176 1152 2211 B‘
1231 2181 1275 2213 25
1327 2179 1387 2212 1t1—

39 2217 167 2300 ogffiigs
186 2228 283 2300 οἶοι
310 2216 359 2253 P'
455 2223 500 2254 28
526 2231 609 2255 cnm
635 2220 901 2267 compitahbus
919 2217 958 2257 ’Β
1055 2227 1099 2258 29
1127 2224 1336 2270 agebantur
1355 2225 1392 2259 P

38 2274 58 2298 r
142 2276 182 2300 u1

1054 2330 1102 2364 3*
