1526 2444
635 64 686 102 VI
710 68 828 102 3-14
1322 63 1408 106 431

63 173 277 217 Venerem
313 175 553 229 prouocant·
588 176 632 216 et
665 187 809 215 semen
842 174 1033 216 excitant
1065 175 1109 216 et
1140 173 1409 228 generationi

62 233 232 290 fauent,
279 232 436 275 hausto
489 234 632 275 autem
681 247 798 274 mero
846 232 1033 288 plurimo
1076 231 1187 275 fiunt
1229 231 1313 274 uiri
1356 232 1409 274 ad

65 292 224 335 coitum
255 291 481 348 pigriores,
513 291 587 334 sed
611 306 690 334 nec
715 291 918 334 idoneum
948 291 1222 346 conceptioni
1247 293 1409 344 serunt,

1 359 4 362 ⁴
64 351 163 406 quia
205 350 295 393 uini
338 350 537 393 nimietas
581 352 630 392 ut
674 350 849 407 frigidi
865 350 972 392 facit
1009 365 1156 394 semen
1193 350 1302 392 exile
1338 351 1408 392 uel

27 421 44 447 5
64 409 215 451 debile.
282 409 363 452 hoc
406 424 509 452 uero
550 410 619 452 uel
655 408 1053 452 manifestissimam
1093 409 1450 452 aestimationis9

63 483 183 511 meae
226 468 358 510 habet
398 468 703 524 adsertionem,
748 468 860 524 quod
900 483 1190 524 quaecumque
1227 468 1410 510 nimium

63 527 325 582 algentibus,
364 527 512 569 eadem
544 527 801 583 contingunt
832 527 976 570 ebriis.
1038 527 1149 570 fiunt
1179 527 1293 570 enim
1325 529 1410 568 tre-

63 587 167 628 muli
194 599 346 641 graues
371 586 523 640 pallidi
550 589 592 628 et
618 586 734 628 saltu
759 586 1065 628 tumultuantis
1086 586 1267 642 spiritus
1289 588 1407 628 artus

63 659 162 687 suos
207 648 250 686 et
293 645 486 686 membra
531 645 794 700 quatiuntur.
867 645 980 687 idem
1025 645 1216 700 corporis
1260 648 1411 700 torpor

9 715 44 742 xo
63 704 292 757 ambobus,
329 704 476 746 eadem
513 704 685 759 linguae
722 704 940 746 titubatio.
1003 703 1150 746 multis
1190 706 1336 745 autem
1368 707 1411 745 et

62 763 237 805 morbus
265 762 350 816 ille,
382 777 508 817 quem
532 762 782 818 παράλυσιν
808 761 960 804 Graeci
985 765 1154 817 uocant,
1188 762 1249 804 sic
1273 762 1407 804 nimio

61 821 164 863 uino
196 823 245 863 ut
276 821 413 863 multo
447 821 592 876 algore
624 821 846 876 contingit.
896 821 1097 876 respicite
1124 821 1267 876 etiam,
1298 835 1406 875 quae
1425 821 1481 864 10

62 894 220 936 genera
264 880 498 922 curationis
540 879 824 921 adhibeantur
862 880 1005 923 ebriis.
1071 895 1212 922 nonne
1251 880 1408 922 cubare

62 939 140 981 sub
178 938 326 980 multis
367 938 647 994 operimentis
685 938 905 990 iubentur,
943 942 990 981 ut
1021 939 1259 982 exstinctus
1293 938 1409 981 calor

8 1009 43 1050 ³⁵
60 997 336 1040 refoueatur?
390 1012 478 1040 non
510 999 554 1039 et
585 997 637 1039 ad
663 997 803 1040 calida
829 998 1002 1040 lauaera
1028 998 1271 1040 ducuntur?
1320 1012 1408 1040 non

60 1056 146 1098 illis
178 1056 430 1099 unctionum
462 1058 610 1111 tepore
638 1057 754 1099 calor
780 1058 971 1112 corporis
999 1057 1238 1100 excitatur?
1292 1059 1406 1112 post·
1426 1058 1476 1100 11

60 1129 177 1158 remo
216 1115 290 1170 qui
324 1116 435 1157 fiunt
466 1116 616 1158 crebro
648 1116 767 1171 ebrii,
799 1116 884 1158 cito
917 1120 1164 1171 senescunt,
1203 1116 1276 1158 alii
1309 1118 1408 1158 ante

0 1206 2 1234 i
59 1176 230 1229 tempus
272 1175 542 1228 conpetentis
593 1175 749 1217 aetatis
799 1175 869 1217 uel
919 1175 1094 1218 caluitio
1137 1175 1207 1217 uel
1253 1175 1408 1217 canitie

61 1233 373 1288 insigniuntur,
418 1247 526 1288 quae
566 1247 654 1275 non
691 1233 776 1275 nisi
811 1234 962 1289 inopia
999 1234 1154 1277 caloris
1193 1234 1408 1277 eueniunt.

9 1302 44 1331 2⁰
63 1292 167 1347 quid
193 1294 313 1334 aceto
338 1292 554 1347 frigidius,
582 1292 695 1347 quod
720 1292 939 1346 culpatum
964 1293 1112 1335 uinum
1133 1293 1226 1335 est‘?
1268 1293 1406 1335 solum
1424 1294 1479 1336 12

62 1351 176 1393 enim
206 1350 288 1393 hoc
320 1365 371 1392 ex
398 1351 597 1393 omnibus
624 1351 877 1393 humoribus
903 1355 1165 1395 crescentem
1189 1352 1407 1394 flammam

59 1410 273 1452 uiolenter
323 1409 554 1465 extinguit,
605 1410 706 1452 dum
750 1424 825 1465 per
868 1410 1006 1466 frigus
1052 1426 1176 1453 suum
1222 1411 1406 1453 calorem

60 1469 196 1511 uincit
226 1468 436 1512 elementi.
494 1483 574 1511 nee
598 1469 680 1510 hoc
705 1471 942 1524 praetereo,
976 1469 1089 1525 quod
1116 1485 1168 1512 ex
1192 1469 1404 1512 fructibus
1422 1469 1475 1512 13

22 1541 26 1543 ’
61 1527 263 1569 arborum
303 1527 368 1569 illi
405 1529 505 1570 sunt
535 1527 798 1583 frigidiores,
837 1543 1020 1583 quorum
1054 1543 1179 1571 sucus
1211 1529 1407 1571 imitatur

60 1587 150 1628 uini
183 1600 399 1641 saporem,
435 1589 484 1629 ut
515 1587 630 1629 mala
663 1601 737 1629 seu
769 1587 982 1641 simplicia
1014 1602 1088 1630 seu
1122 1590 1306 1644 granata
1335 1588 1406 1630 uel

62 1645 256 1700 cydonia,
287 1660 395 1700 quae
427 1646 599 1688 cotonia
630 1648 759 1688 uocat
790 1645 910 1689 Cato.

178 1703 296 1746 Haec
344 1704 439 1747 ideo
489 1704 688 1759 dixerim,
739 1705 853 1760 quod
897 1719 964 1747 me
1010 1719 1136 1760 saepe
1180 1706 1318 1748 mouit
1362 1707 1404 1747 et
1422 1706 1476 1747 14

61 1763 252 1805 exercuit
293 1777 459 1806 mecum
497 1764 807 1819 disputantem,
851 1764 952 1819 quia
994 1764 1039 1806 in
1083 1764 1271 1807 medium
1309 1778 1406 1819 pro-

59 1821 171 1864 ferre
208 1822 348 1876 uolui,
392 1821 494 1878 quid
532 1822 582 1864 de
619 1823 721 1865 uino
761 1823 1081 1865 aestimauerim
1120 1823 1403 1866 sentiendum.

30 1882 251 1923 ‚ceterum
301 1881 663 1924 consultationem
712 1881 820 1923 mihi
870 1881 1060 1924 debitam
1107 1897 1196 1925 non
1240 1882 1406 1925 omitto.

60 1945 104 1981 te
137 1941 269 1995 enim,
300 1939 462 1994 Disari,
496 1940 720 1995 conuenio,
751 1943 800 1983 ut
832 1941 946 1995 quod
979 1941 1268 1996 quaerendum
1299 1941 1407 1983 mihi

156 2081 200 2114 26
227 2078 318 2114 Cato
344 2078 390 2113 de
413 2089 454 2115 re
478 2080 568 2115 rust.
598 2083 630 2124 7,
656 2084 677 2115 3

155 2212 175 2243 3
202 2208 328 2244 1d0ne1
354 2208 608 2254 conceptmmr
629 2210 735 2245 erunt
760 2209 798 2244 P
872 2213 893 2243 4
918 2209 1058 2255 frigida
1086 2210 1122 2245 P
1195 2213 1236 2245 11
1262 2210 1405 2245 ΠΑΡΑ-

61 2255 170 2290 ΛΙΕΙΝ
197 2255 234 2290 Ρ
327 2259 370 2291 15
397 2255 445 2290 ad
470 2266 536 2292 om.
562 2256 599 2291 P
692 2260 736 2292 25
762 2258 805 2292 ut
828 2257 929 2292 mala
953 2268 1018 2294 om.
1046 2258 1084 2293 P
1176 2260 1220 2293 26
1247 2257 1406 2302 cydonia

67 2300 217 2339 Veneta:
242 2303 381 2338 c1toma
406 2302 445 2338 P
