1526 2444
565 57 703 93 XVIIII
726 61 841 93 8--17
1303 57 1390 100 333

45 170 120 210 aut
162 167 371 209 deuouere
414 168 489 208 aut
525 166 707 222 denique
745 166 915 222 exigere
955 166 1131 209 morbos
1168 166 1389 209 uolebant.

44 228 166 269 taceo
198 225 305 268 illud
337 225 616 268 PLAVTINVM
649 239 744 267 eum
777 225 840 267 ait
1408 227 1463 270 12

162 322 328 350 meeum
359 308 489 350 habet
519 309 704 364 patagus
737 308 913 353 morbus
948 322 1037 363 308,

0 395 17 426 ¹12
46 393 89 432 et
119 389 232 445 quod
265 390 370 432 alibi
400 389 624 446 Vergilius

3 470 28 520 {a
166 471 370 515 Curetum
403 473 571 516 sonitus
603 473 942 527 crepitantiaque
975 487 1090 527 aera,

47 554 121 596 sed
145 555 172 606 †
199 553 390 597 Carmini
423 555 700 597 curiosissimi
733 557 776 597 et
807 555 922 598 docti
954 554 1087 597 uerba
1114 569 1287 610 ponam,
1319 556 1390 611 qui
1409 557 1464 600 13

46 615 91 654 in
132 613 244 655 libro
283 613 333 655 de
363 613 495 655 Italia
533 614 717 656 secundo
757 615 818 656 810
857 614 917 656 ait
953 614 1096 668 prius
1134 614 1310 669 itaque
1343 617 1393 656 et

47 671 239 714 Tuscos
290 686 445 714 aeneo
495 687 696 715 uomere
745 673 839 726 uti,
892 686 998 714 cum
1046 669 1394 715 'conderentur

47 731 218 783 urbes,
267 731 473 784 solitos,
511 731 561 774 in
600 731 865 785 Tageticis
905 745 1076 773 eorum
1115 731 1277 773 830118
1316 732 1391 774 in-

0 789 202 836 muenio
247 792 296 832 et
337 790 385 831 in
432 788 638 832 Sabinis
683 805 739 831 ex
783 804 897 831 aere
942 789 1155 844 cultros,
1206 790 1390 845 quibus

49 849 346 891 sacerdotes
396 849 744 891 tonderentur.
817 850 918 903 post
967 848 1073 891 11300
1122 849 1153 904 †
1200 848 1464 894 Carmini14

47 907 182 949 uerba
211 908 389 962 longum
420 907 514 962 fiat,
553 907 590 949 si
620 908 751 949 uelim
782 921 1051 962 percensere,
1084 922 1212 962 qua-m
1245 908 1393 951 multis

48 966 93 1008 in
123 966 230 1008 locis
256 965 519 1008 Graecorum
550 966 835 1008 uetustissimi
868 967 979 1009 aeris
1011 980 1140 1008 sonos
1172 969 1394 1023 tamquam

10 1041 19 1047 >⁴
49 1039 139 1066 rem
171 1025 485 1067 ualidissimam
518 1025 720 1068 adhibere
753 1025 873 1068 soliti
905 1028 1016 1067 sunt.
1075 1025 1148 1067 sed
1179 1015 1396 1081 praesenti

0 1084 168 1141 poperi
212 1084 407 1126 docuisse
450 1098 530 1127 nos
575 1084 779 1139 sufficiat,
827 1085 959 1127 falces
1004 1098 1159 1127 aeneas
1203 1084 1396 1128 Maronis

51 1143 242 1197 exemplo
278 1142 431 1186 Graeci
463 1143 649 1186 auctoris
681 1143 891 1186 inductas.

165 1213 219 1255 In
251 1213 362 1256 libro
394 1229 510 1256 nono
541 1213 760 1270 Vergilius
791 1214 937 1269 posuit
966 1213 1046 1256 hos
1078 1228 1228 1257 uersus
1414 1217 1468 1259 15

111 1297 258 1338 stabat
288 1296 335 1338 in
367 1296 553 1352 egregiis
586 1295 787 1339 Arcentis
819 1296 934 1338 filius
968 1297 1098 1339 armis

108 1355 249 1410 pictus
282 1369 360 1397 acu
393 1355 666 1410 chlamydem
697 1358 742 1397 et
773 1355 992 1410 ferrugine
1024 1356 1164 1398 clarus
1196 1355 1362 1398 Hibera

0 1415 36 1447 Ν
111 1414 293 1470 insignis
324 1414 454 1468 facie,
487 1414 654 1470 genitor
687 1429 814 1469 quem
845 1414 1024 1456 miserat
1058 1414 1220 1456 Arcens

0 1478 2 1487 '
112 1473 312 1515 eductum
346 1473 499 1515 matris
530 1473 626 1515 luco
660 1471 911 1528 Symaethia
943 1473 1103 1515 circum

112 1532 288 1574 flumina
319 1531 493 1588 pinguis
525 1532 600 1574 ubi
631 1534 674 1573 et
703 1532 931 1587 placabilis
965 1547 1041 1574 ara
1071 1531 1221 1575 Palici.

54 1613 150 1669 quis
187 1614 256 1656 hic
286 1614 490 1656 Palicus
529 1614 631 1656 deus
672 1614 743 1656 uel
779 1614 923 1669 potius
963 1615 1036 1670 qui
1071 1614 1114 1656 di
1145 1614 1310 1657 Palici
1341 1618 1470 1661 —16

54 1687 155 1715 nam
176 1672 258 1715 duo
280 1675 380 1715 sunt
394 1698 450 1703 ——-
465 1673 579 1728 apud
597 1673 764 1715 nullum
778 1674 950 1728 penitus
965 1675 1183 1716 auctorem
1195 1673 1401 1717 Latinum

8 1774 9 1777 ,
56 1732 168 1786 quod
207 1732 357 1787 sciam,
394 1733 581 1787 repperi,
619 1732 693 1774 sed
731 1732 782 1774 de
815 1732 1075 1775 Graecorum
1115 1734 1399 1788 penitissimis

8 1845 9 1849 Ἰ
55 1790 212 1833 litteris
249 1791 359 1833 hanc
394 1791 620 1834 historiam
660 1792 771 1833 eruit
801 1791 937 1834 Maro.
999 1806 1101 1834 nam
1132 1793 1321 1848 primum
1352 1796 1469 1839 ut17

151 1933 171 1965 3
196 1930 329 1976 fragm.
355 1931 484 1967 incert.
511 1934 556 1966 53
582 1930 706 1966 Weise
781 1934 824 1966 17
850 1930 961 1977 Verg.
989 1933 1080 1967 Aen.
1106 1931 1211 1967 VIIII
1237 1935 1305 1969 581

153 2066 170 2096 1
197 2061 271 2096 aud
290 2060 338 2095 P‘
361 2062 459 2107 (ante
478 2060 679 2107 deuouere)
741 2061 898 2106 exxgeba
913 2061 950 2098 R
1023 2066 1043 2097 2
1064 2062 1135 2098 11111
1150 2063 1187 2099 R
1260 2068 1280 2098 3
1295 2064 1402 2109 pata-

12 2135 13 2140 ,
59 2117 127 2152 gus
154 2108 331 2144 nanterus
361 2120 442 2146 uar.
476 2110 567 2145 lectt.
592 2109 621 2143 Ι
636 2111 701 2145 50.-
731 2108 875 2162 peagus
895 2110 941 2153 P,
967 2110 1110 2155 peaguf
1130 2110 1166 2146 R
1240 2114 1263 2145 4
1288 2123 1404 2157 uirgi-

11 2169 13 2187 1
58 2153 128 2189 11111
158 2155 195 2191 R
298 2161 318 2191 5
344 2166 428 2191 aere
453 2156 490 2191 R
594 2160 614 2191 6
641 2156 770 2192 Granii
800 2157 892 2192 coni.
919 2157 1109 2194 Meursius
1212 2162 1231 2193 7
1257 2159 1348 2203 1taq.
1375 2158 1405 2193 &

59 2201 199 2238 truscos
221 2203 257 2237 P
328 2206 348 2237 9
374 2203 535 2239 tmetroii
558 2203 629 2239 PR
705 2207 747 2239 10
769 2215 828 2239 ere
851 2203 1180 2250 Cantabriqiensis:
1208 2215 1252 2240 ea
1271 2217 1310 2240 re
1333 2205 1404 2240 PR

13 2264 15 2268 v
62 2251 104 2282 11
130 2260 282 2296 carmin)
307 2250 344 2285 P
438 2254 481 2286 15
507 2250 609 2286 suffic
638 2250 674 2286 R
774 2255 815 2286 17
842 2250 1026 2297 V1rg1hus
1046 2252 1082 2287 R
1175 2255 1217 2287 19
1244 2252 1402 2287 clamide

14 2320 15 2329 1
62 2294 132 2331 PR
209 2301 253 2332 21
280 2297 460 2343 symethia
485 2298 555 2334 PR
628 2302 674 2333 24
699 2297 874 2343 poemtus
894 2299 930 2334 R
1012 2304 1056 2335 25
1083 2298 1348 2345 poenltifhmls
1369 2299 1405 2335 R
