1526 2444
597 68 664 103 XX
690 71 829 103 21—29
1304 67 1391 109 569

45 191 255 231 mensura,
282 191 409 231 quam
435 179 574 218 terrae
599 177 669 218 uel
696 176 884 218 ambitus
909 176 978 218 uel
997 175 1228 222 diametros
1246 175 1390 231 habet,

46 235 119 278 sed
158 237 202 277 et
238 235 386 277 circuli
424 235 594 290 modus,
631 249 707 290 per
747 248 873 290 quem
912 235 976 277 sol
1015 235 1164 290 currit,
1201 235 1272 277 uel
1305 234 1390 277 dia-

44 294 170 336 metri
207 294 297 336 eius
335 294 598 336 ostenditur:
635 308 749 335 nunc
787 309 917 349 quam
957 293 1060 336 solis
1097 308 1191 336 esse
1222 307 1391 336 mensu·

42 367 148 404 ram,
178 353 248 394 uel
282 367 409 408 quem
442 353 495 394 ad
521 353 694 394 modum
720 353 782 394 illi
808 352 1135 407 prudentissimi
1161 353 1390 408 deprehen-

5 422 23 452 5
43 412 197 464 derint,
227 412 475 454 indicemus.
530 426 631 454 nam
661 412 772 454 siout
797 426 849 454 ex
873 414 1044 454 terrena
1068 412 1223 454 umbra
1246 413 1391 467 potuit

43 471 204 522 circuli,
235 485 311 526 per
345 485 471 526 quem
498 471 562 513 sol
589 474 715 523 meat,
747 471 1005 526 deprehendi
1031 471 1296 527 magnitudo,
1327 472 1391 514 ita

41 544 118 584 per
143 530 284 584 ipsum
312 530 516 572 circulum
542 544 745 572 mensura
770 530 874 572 solis
899 530 1077 572 inuenta
1103 532 1181 585 est,
1205 530 1251 571 in
1276 530 1390 573 hunc

42 588 216 630 modum
242 588 500 644 procedente
526 589 818 644 inquisitionis
844 589 1033 645 ingenio.
1085 589 1388 645 aequinoctiali
1404 591 1461 634 26

41 647 108 688 die
141 651 240 689 ante
273 647 378 689 solis
411 652 550 690 ortum
583 648 868 702 aequabiliter
898 649 1084 690 locatum
1117 652 1184 690 est
1215 663 1389 691 saxeum

0 716 120 748 muas
152 707 197 748 in
228 706 536 761 hemisphaerii
568 707 753 761 speciem
786 709 938 748 cauata
970 707 1205 749 ambitione
1237 722 1389 749 curua-

39 769 150 819 tum,
187 765 300 807 infra
337 780 414 819 per
451 766 588 807 lineas
627 765 854 820 designato
895 766 1117 808 duodecim
1150 766 1234 808 diei
1265 767 1390 809 hora·

39 838 134 865 rum
165 838 354 878 numero,
387 839 493 879 quas
525 824 614 866 stili
644 823 930 878 prominentis
963 824 1119 866 umbra
1150 839 1247 867 cum
1272 828 1387 867 tran-

40 883 125 924 situ
168 883 270 925 solis
302 883 610 938 praetereundo
642 882 880 939 distinguit.
943 883 1025 926 hoc
1057 886 1123 926 est
1154 886 1310 938 autem,
1342 888 1390 927 ut
1403 886 1459 928 27

40 941 218 996 scimus,
256 941 382 984 huius
414 941 532 984 modi
562 941 679 983 uasis
713 941 922 997 officium,
957 945 1006 984 ut
1037 945 1160 985 tanto
1193 946 1388 998 tempore

0 1010 21 1038 ⁸
40 1015 65 1042 a
95 1001 236 1055 priore
262 1001 353 1042 eius
379 1001 651 1043 extremitate
678 1001 732 1042 ad
759 1001 938 1043 alteram
964 1016 1100 1057 usque
1122 1002 1214 1044 stili
1234 1003 1388 1045 umbra

36 1062 276 1114 percurrat,
319 1063 479 1115 quanto
525 1060 590 1102 sol
633 1061 908 1102 medietatem
955 1062 1062 1102 caeli
1107 1061 1161 1103 ab
1207 1064 1306 1103 ortu
1343 1063 1387 1104 in

38 1132 250 1172 occasum,
281 1119 407 1160 unius
438 1117 601 1161 scilicet
626 1119 932 1175 hemisphaerii
957 1119 1241 1162 conuersione
1267 1122 1387 1163 meti-

36 1179 120 1219 tur.
175 1192 277 1219 nam
308 1177 443 1219 totius
475 1178 584 1220 caeli
609 1179 780 1233 integra
805 1179 1031 1220 conuersio
1058 1178 1171 1220 diem
1196 1182 1384 1222 noctem-

0 1248 118 1291 que
150 1236 378 1290 concludit,
410 1239 454 1280 et
485 1237 579 1279 ideo
613 1239 784 1279 constat
815 1240 1024 1292 quantum
1057 1239 1121 1280 sol
1153 1239 1198 1280 in
1223 1239 1383 1282 circulo

0 1305 125 1356 psuo,
156 1298 325 1337 tantum
357 1296 402 1337 in
434 1295 514 1338 hoc
544 1310 648 1338 uase
679 1296 878 1338 umbram
910 1311 1062 1339 meare
1119 1297 1220 1340 huic
1245 1296 1385 1353 igitur
1399 1300 1454 1342 28

35 1354 319 1408 aequabiliter
361 1355 571 1396 collocato
615 1355 729 1397 circa
771 1358 941 1409 tempus
987 1356 1090 1398 solis
1133 1357 1248 1398 ortui
1288 1372 1384 1412 pro-

33 1412 284 1468 pinquantis
330 1413 519 1455 inhaesit
561 1413 745 1469 diligens
784 1414 1057 1456 obseruantis
1097 1415 1295 1471 obtutus,
1342 1419 1385 1458 et

3 1470 19 1529 ζ
35 1485 130 1513 011111
156 1472 208 1514 ad
234 1473 421 1526 primum
448 1473 553 1515 solis
579 1474 758 1524 radium,
785 1487 911 1528 quem
939 1473 989 1514 de
1017 1488 1062 1515 se
1082 1474 1226 1516 emisit
1245 1476 1384 1529 prima

6 1531 261 1573 ffsummitas
306 1531 422 1573 orbis
467 1546 707 1587 emergens,
749 1533 903 1574 umbra
946 1532 997 1574 de
1047 1532 1136 1574 stili
1187 1533 1383 1576 decidens

17 1589 284 1632 *summitate
327 1590 512 1645 primam
556 1590 677 1633 curui
717 1590 831 1632 labri
869 1591 1148 1633 eminentiam
1185 1593 1383 1660 contigit,

34 1647 152 1690 locus
190 1649 299 1704 ipse,
344 1649 417 1704 qui
454 1649 630 1691 umbrae
667 1649 882 1704 primitias
921 1650 1106 1705 excepit,
1150 1653 1281 1693 notae
1319 1653 1381 1694 in-

33 1708 255 1761 pressione
282 1708 476 1764 signatus
503 1711 580 1763 est,
606 1709 982 1775 obseruatumque,
1007 1724 1135 1764 quam
1160 1710 1234 1752 diu
1255 1725 1383 1778 super

34 1767 197 1808 terram
228 1767 292 1809 ita
323 1767 428 1809 solis
462 1767 580 1809 orbis
611 1767 779 1823 integer
810 1772 1056 1823 appareret,
1093 1771 1142 1810 ut
1172 1769 1259 1811 ima
1291 1771 1380 1812 eius

34 1825 262 1867 summitas
302 1825 440 1868 adhuc
472 1826 686 1868 horizonti
717 1826 938 1869 uideretur
969 1827 1172 1882 insidere,
1210 1831 1254 1870 et
1283 1844 1381 1872 mox
1397 1830 1454 1872 29

34 1883 172 1938 locus,
212 1885 265 1926 ad
304 1899 429 1940 quem
464 1886 618 1927 umbra
648 1888 749 1928 tunc
781 1886 827 1927 in
858 1900 960 1928 uase
993 1886 1275 1944 migrauerat,
1313 1889 1380 1930 ad-

126 2050 144 2082 1
173 2046 355 2082 ambitum
381 2046 429 2082 B'
514 2051 534 2082 2
560 2047 615 2083 set
640 2047 686 2083 B'
775 2052 818 2083 10
842 2060 936 2084 uuas
961 2053 1003 2085 ut
1026 2050 1103 2086 uid.
1130 2049 1178 2085 P'
1262 2052 1378 2087 hemi-

29 2092 140 2141 sperii
164 2094 202 2129 P
319 2098 362 2129 11
388 2094 486 2130 linas
505 2092 551 2130 B'
675 2099 718 2130 12
745 2095 922 2131 transitus
942 2095 990 2132 P'
1109 2101 1154 2132 14
1180 2098 1303 2134 officio
1330 2099 1378 2134 B'

30 2143 75 2175 15
101 2140 183 2176 elus
203 2142 439 2177 extremitate
465 2142 544 2177 eius
562 2142 600 2177 B
677 2142 769 2178 stilli
793 2143 830 2178 P
904 2143 1074 2179 umbram
1101 2145 1122 2180 b
1196 2148 1239 2180 17
1265 2145 1380 2182 heml-

27 2186 137 2233 sperii
162 2189 198 2223 Β
330 2193 376 2224 20
401 2187 614 2225 suo*meat
635 2191 640 2234 Ι
661 2190 809 2225 tantum
838 2190 875 2225 P
1005 2195 1049 2226 21
1075 2193 1304 2240 ,ppinqantis
1327 2191 1377 2228 P'

28 2238 76 2270 24
99 2235 181 2271 stile
206 2235 244 2271 P
349 2238 394 2270 25
419 2246 581 2281 primam
605 2247 672 2273 om.
698 2237 735 2272 P
842 2249 956 2273 curua
981 2239 1016 2273 P
1115 2240 1316 2286 contetigit
1345 2241 1382 2275 P

29 2307 74 2340 28
101 2304 131 2340 ὦ
155 2317 231 2341 nna
260 2306 297 2340 P
367 2309 411 2341 29
437 2306 590 2342 rumitar
611 2307 648 2342 B
721 2296 876 2354 orizgnti
904 2308 951 2353 P,
976 2310 1133 2345 orizonti
1157 2310 1194 2344 B
