1526 2444
478 63 565 101 VIII
590 67 705 100 6-12
743 62 847 98 VIIII
874 66 965 98 1-3
1338 62 1394 105 39

52 175 202 217 cuncta
233 173 433 228 deinceps
465 173 757 229 gignerentur.
824 173 1036 227 propter
1075 171 1433 215 abscisorum9

51 232 397 288 pudendorum
439 231 667 274 fabulam
706 230 837 273 etiam
886 230 1024 273 nostri
1075 244 1171 272 eum
1216 229 1392 273 Satur-

50 305 164 333 num
199 291 497 334 uocitauerunt
532 287 651 344 παρὰ
688 286 770 344 τὴν
802 286 966 344 σάθην,
1006 303 1114 345 quae
1151 289 1392 331 membrum

0 345 1 386 l
50 349 172 391 uirile
222 349 426 402 declarat,
476 349 639 392 ueluti
689 347 1029 391 Sathunnum:
1078 347 1193 391 inde
1238 348 1392 391 etiam

0 415 31 453 '⁶
53 406 263 451 Saturos
300 408 464 450 ueluti
502 407 778 462 Sathunos,
818 407 949 463 quod
988 407 1092 449 sint
1129 407 1179 449 in
1216 406 1392 449 libidi-

48 481 160 509 nem
184 467 348 523 proni,
381 467 675 522 appellatos
710 466 955 522 opinantur.
1004 466 1189 509 falcem
1222 466 1266 508 ei
1304 467 1393 521 qui—

49 524 146 568 dam
178 526 408 568 aestimant
446 526 781 580 adtributam,
822 525 951 580 quod
987 527 1188 580 tempus
1227 525 1394 568 omnia

47 587 206 626 metat
237 587 286 627 et
324 587 525 627 exsecet
563 587 612 626 et
647 584 852 627 incidat.
918 584 1048 626 hunc
1086 584 1209 626 aiunt
1246 584 1391 627 filios
1409 587 1463 628 10

47 657 163 686 suos
197 643 408 686 solitum
441 643 685 686 deuorare
724 643 1026 698 eosdemque
1057 657 1238 685 rursus
1278 657 1392 686 euo-

0 716 196 756 wmere‚
245 717 333 757 per
382 702 514 758 quod
570 701 818 744 similiter
871 701 1225 757 significatur,
1281 716 1391 744 eum

45 763 244 816 tempus
287 775 414 816 esse,
458 776 483 803 a
521 775 615 816 quo
654 761 854 803 uicibus
892 762 1074 803 cuncta
1110 760 1391 816 gignantur

46 819 477 875 absumanturque
527 821 575 861 et
619 834 674 862 ex
724 833 778 862 eo
830 818 991 862 denuo
1036 822 1461 864 renascantur.ll

46 878 226 920 eundem
256 893 282 920 a
312 879 400 920 filio
432 879 604 934 pulsum
637 878 738 933 quid
776 878 891 920 aliud
930 881 996 921 est
1028 893 1157 934 quam
1195 881 1393 934 tempora

45 937 309 979 senescentia
353 937 407 979 ab
456 938 544 992 his,
587 952 696 992 quae
745 940 846 992 post
895 939 996 980 sunt
1044 940 1166 992 nata,
1209 937 1393 993 depelli?

0 1010 29 1038 ιο
47 996 238 1038 uinctum
270 998 431 1048 autem,
463 995 577 1051 quod
609 998 726 1038 certa
762 997 858 1052 lege
889 999 1069 1039 naturae
1107 1011 1268 1040 conexa
1306 997 1394 1039 sint

42 1056 256 1109 tempora,
286 1055 356 1097 uel
394 1055 506 1110 quod
538 1069 685 1098 omnes
723 1055 869 1111 fruges
911 1055 1168 1110 quibusdam
1206 1056 1391 1098 uinculis

43 1113 251 1168 nodisque
283 1114 559 1157 alternentur.
606 1129 707 1156 nam
739 1117 782 1156 et
811 1114 1000 1157 falcem
1032 1116 1185 1157 uolunt
1216 1115 1391 1158 fabulae
1409 1117 1462 1159 12

44 1172 96 1214 in
133 1170 364 1215 Siciliam
401 1173 671 1229 decidisse,
709 1173 840 1228 quod
881 1173 950 1216 sit
989 1176 1131 1216 terra
1167 1174 1271 1216 ista
1308 1175 1390 1217 uel

44 1231 258 1274 maxime
288 1231 492 1274 fertilis.

0 1304 27 1331 ιο
191 1289 251 1331 Et
281 1290 381 1345 quia
397 1289 550 1332 Ianum
579 1305 674 1333 cum
695 1290 882 1334 Saturno
907 1306 1113 1348 regnasse
1134 1306 1317 1335 comme·
1330 1292 1464 1337 VIIII

44 1348 325 1403 morauimus,
373 1349 424 1390 de
474 1348 658 1392 Saturno
707 1353 851 1392 autem
900 1351 1002 1406 quid
1045 1351 1244 1407 mythici,
1289 1352 1391 1407 quid

43 1407 210 1462 physici
241 1407 487 1462 aestiment,
524 1408 611 1450 iam
647 1408 831 1451 relatum
869 1412 951 1451 est:
990 1410 1043 1452 de
1079 1409 1188 1452 Iano
1221 1425 1390 1466 quoque

45 1465 147 1521 quid
178 1466 232 1508 ab
256 1466 448 1522 utrisque
473 1442 657 1509 iactetur
687 1467 731 1509 in
756 1467 944 1509 medium
969 1468 1248 1523 proferemus
1297 1468 1390 1511 MY-
1405 1473 1432 1514 2

45 1535 174 1567 ΤΗΙΟΙ
228 1524 418 1567 referunt
466 1528 714 1581 regnante
762 1526 886 1569 Iano
938 1527 1157 1569 omnium
1217 1527 1391 1571 domos

0 1581 295 1639 tsreligione
328 1599 382 1626 ac
414 1585 694 1627 sanctitate
725 1584 886 1627 fuisse
919 1587 1141 1629 munitas
1173 1587 1392 1630 idcirco-

43 1655 136 1697 que
180 1642 223 1684 ei
268 1642 469 1685 diuinos
522 1643 741 1686 honores
793 1659 904 1687 esse
953 1645 1191 1688 decretos
1236 1648 1287 1688 et
1330 1647 1390 1689 ob

41 1700 224 1743 merita
259 1701 508 1744 introitus
541 1705 589 1745 et
626 1703 793 1745 exitus
833 1704 1034 1746 aedium
1072 1704 1232 1747 eidem
1266 1719 1391 1748 con-

43 1761 285 1802 secratos.
358 1760 531 1804 XENON
581 1776 748 1816 quoque
797 1774 941 1806 Pmmo
991 1775 1214 1806 ITALICON
1256 1764 1431 1809 tradit3

42 1817 218 1860 Ianum
249 1819 299 1861 in
329 1819 485 1863 Italia
516 1821 734 1875 primum
766 1821 842 1863 dis
882 1823 1075 1878 templa
1106 1822 1295 1865 fecisse
1341 1826 1392 1866 et

138 1926 156 1957 1
184 1934 249 1969 gig
273 1924 315 1959 in
339 1925 581 1968 g1gnerentur
610 1925 652 1960 in
675 1936 748 1961 ras.
775 1925 818 1961 in
843 1925 881 1960 P
969 1925 1183 1962 absolslonls
1202 1928 1277 1973 (sed
1301 1928 1391 1964 ulti-

41 2015 119 2041 mae
142 2005 330 2042 zitt.1r2·n
354 2017 426 2042 ras.
452 2007 537 2043 aad
563 2007 628 2052 ΡΞ)
654 2007 691 2042 Ρ
772 2011 793 2043 3
820 1985 968 2055 ξΛΘΗΝ
995 2009 1032 2044 Β
1114 2013 1135 2045 5
1160 2009 1335 2047 fathonos
1357 2011 1395 2045 P

89 2052 257 2089 hbudme
283 2053 333 2088 P'
432 2057 453 2088 6
479 2066 513 2089 e1
546 2055 659 2099 quida
684 2055 726 2090 in
756 2066 829 2093 ras.
854 2057 897 2092 in
924 2056 961 2091 P
1055 2061 1075 2093 7
1109 2057 1329 2093 attubutam
1357 2058 1394 2093 P

42 2103 64 2135 8
90 2101 128 2135 et
142 2103 226 2145 post
244 2102 363 2136 metat
381 2112 447 2137 om.
469 2099 514 2137 B'
537 2102 601 2147 (P)
676 2105 718 2137 12
740 2102 1018 2149 adsumanturq.
1039 2105 1077 2140 B
1151 2108 1194 2140 13
1215 2105 1390 2141 eundem-

40 2158 111 2191 que
139 2147 176 2181 P
260 2151 304 2183 14
328 2148 398 2193 pos
420 2145 466 2183 P'
552 2152 596 2184 21
623 2150 913 2186 memorammur
934 2151 996 2197 (P)
1078 2152 1225 2188 mitluci
1252 2153 1298 2197 P,
1323 2164 1392 2187 mi-

39 2193 144 2239 thyci
167 2194 204 2229 B
276 2198 321 2230 22
342 2195 475 2240 phisicl
493 2196 573 2231 BP
637 2196 832 2234 aestlmant
850 2199 887 2234 P
962 2202 1007 2233 23
1026 2211 1064 2234 1n
1084 2199 1210 2235 medlsl
1228 2197 1389 2249 &ferent-

40 2253 125 2289 aad.
151 2253 213 2288 Pm
295 2254 453 2300 nuthym
477 2255 514 2290 Β
598 2259 643 2291 25
669 2256 809 2293 idcirco
835 2254 881 2293 B'
957 2261 1000 2293 27
1029 2252 1262 2295 consecratos
1283 2260 1320 2295 B

41 2302 86 2336 29
106 2301 286 2345 posterior
310 2312 333 2337 a
356 2302 398 2338 in
422 2302 530 2339 italia.
555 2303 597 2339 in
621 2314 695 2340 ras,
720 2305 762 2340 in
787 2305 824 2340 P
894 2304 966 2340 dus
988 2305 1071 2341 BP
