1526 2444
630 45 665 82 x
687 47 803 81 5—13
1216 39 1226 47 ‘
1303 42 1391 85 525

41 157 156 200 feros
191 156 460 212 negauerunt
490 169 618 210 quam
649 153 746 209 ipsa
777 166 976 208 corpora,
1015 151 1172 208 quibus
1203 152 1392 195 inclusae

42 216 210 259 animae
247 228 460 257 carcerem
496 213 670 256 foedum
707 212 898 254 tenebris
937 211 1160 254 horridum
1192 211 1391 254 sordibus

42 278 86 318 et
134 288 282 317 cruore
330 274 566 329 patiuntur.
641 271 724 314 hoc
775 270 945 313 animae
996 271 1260 326 sepulcrum,
1307 270 1389 313 hoc
1407 271 1465 312 10

41 333 156 376 Ditis
188 347 391 389 concaua,
420 331 504 375 hoc
533 331 694 373 inferos
726 332 992 373 uocauerunt
1021 335 1066 372 et
1090 330 1249 397 omnia,
1281 344 1390 384 quae

3 393 130 435 sillic
179 406 272 434 esse
321 391 502 434 credidit
552 390 751 433 fabulosa
794 389 1036 444 persuasio,
1085 389 1132 430 in
1174 388 1392 430 nobismet

41 451 148 508 ipsis
180 453 223 494 et
253 452 298 492 in
329 450 438 505 ipsis
469 450 672 492 humanis
707 449 960 503 corporibus
993 447 1221 502 adsignare
1248 447 1392 490 conati

42 514 162 554 sunt:
207 509 439 553 obliuionis
482 509 662 551 fluuium
706 507 823 550 aliud
867 522 956 550 non
999 521 1092 549 esse
1132 507 1392 562 adserentes,

42 584 171 625 quam
211 583 399 612 errorem
437 569 605 610 animae
641 567 938 610 obliuiscentis
970 566 1242 608 maiestatem
1275 565 1392 608 uitae

42 628 213 684 prioris,
243 642 326 683 qua
353 629 582 682 antequam
606 627 652 668 in
677 640 832 682 corpus
858 625 1119 680 truderetur,
1149 626 1289 680 potita
1314 627 1393 681 est,

0 699 27 728 ιο
46 687 266 741 solamque
299 701 392 729 esse
423 686 468 728 in
499 700 677 741 corpore
709 685 843 727 uitam
874 684 1084 751 put-antis.
1137 684 1232 739 pari
1262 684 1391 726 inter·
1413 684 1462 726 11

43 747 288 802 pretatione
327 745 686 801 Phlegethontem
729 744 902 786 ardores
946 743 1110 785 irarum
1147 744 1191 785 et
1229 743 1393 797 cupidi-

42 807 182 848 tatum
208 806 430 860 putarunt,
454 803 746 846 Acherontem
771 802 972 857 quicquid
997 802 1150 844 fecisse
1177 801 1392 848 dixisseue

0 860 31 898 f
0 878 178 946 usque
227 864 280 906 ad
330 862 556 905 tristitiam
604 862 818 903 humanae
867 861 1094 903 uarietatis
1144 874 1263 902 more
1311 874 1392 903 nos

0 915 247 979 paenitet,
266 920 476 977 Cocytum
497 920 699 977 quicquid
718 920 947 963 homines'
935 935 981 962 111
994 921 1161 962 luctum
1173 919 1393 962 lacrimas-

0 992 28 1024 5
47 996 128 1037 que
160 981 375 1037 conpellit,
409 979 587 1036 Stygem
620 980 821 1035 quicquid
851 979 965 1021 inter
992 994 1036 1022 se
1061 979 1275 1021 humanos
1303 979 1393 1021 ani-

4 1093 6 1095 ,
42 1055 138 1084 mos
188 1041 234 1082 in
284 1040 501 1096 gurgitem
550 1039 708 1096 mergit
753 1039 959 1081 odiorum.
1031 1038 1171 1093 ipsam
1221 1052 1390 1093 quoque
1409 1038 1462 1080 12

0 1114 279 1155 poenarum
323 1098 654 1154 descriptionem
698 1098 748 1140 de
793 1099 888 1152 ipso
927 1112 1009 1139 usu
1046 1097 1393 1156 conuersationis

42 1159 257 1201 humanae
296 1159 514 1213 sumptam
551 1157 840 1211 crediderunt,
887 1157 1102 1199 uulturem
1140 1153 1281 1199 iecur
1317 1157 1394 1198 in-

44 1218 263 1260 mortale
306 1216 606 1259 tondentem
652 1216 762 1258 nihil
800 1190 918 1258 aliud
954 1216 1151 1270 intellegi
1186 1216 1393 1270 uolentes,

0 1286 173 1359 sequani
209 1278 428 1319 tormenta
475 1276 759 1318 conscientiae
797 1275 983 1318 obnoxia
1019 1275 1188 1330 flagitio
1227 1275 1393 1317 uiscera

42 1336 251 1378 interiora
292 1335 512 1390 rimantis,
555 1337 598 1376 et
635 1335 730 1390 ipsa
766 1334 920 1376 uitalia
957 1333 1175 1376 indefessa
1211 1333 1392 1376 admissi

0 1363 4 1438 l
43 1394 213 1438 sceleris
263 1393 556 1437 admonitione
599 1393 825 1446 laniantis,
872 1407 1124 1448 semperque
1169 1407 1310 1448 curas,
1355 1393 1393 1435 si

0 1467 5 1484 ¹
40 1454 305 1509 requiescere
353 1453 464 1496 forte
513 1453 840 1507 temptauerint,
890 1452 1119 1494 excitantis
1170 1455 1394 1507 tamquam

0 1487 165 1555 lfibris
195 1513 520 1555 renascentibus
551 1511 833 1563 inhaerendo,
870 1526 949 1553 nec
979 1511 1069 1553 ulla
1100 1511 1185 1553 sibi
1216 1511 1392 1553 misera-

43 1572 161 1614 tione
179 1571 395 1627 parcentis
415 1572 510 1627 lege
529 1571 623 1626 hac,
649 1585 733 1626 qua
759 1585 810 1612 se
836 1570 1005 1613 iudice
1029 1584 1175 1612 nemo
1201 1584 1392 1612 nocens

21 1631 358 1685 'absoluitur‚
401 1645 479 1673 nec
523 1630 574 1672 de
613 1645 658 1672 se
697 1644 821 1672 suam
857 1631 1005 1684 potest
1041 1629 1179 1671 uitare
1221 1631 1394 1672 senten-

42 1690 159 1732 tiam.
229 1690 328 1732 illos
373 1690 495 1732 aiunt
532 1689 669 1744 epulis
708 1691 807 1731 ante
849 1703 925 1731 ora
962 1689 1119 1744 positis
1158 1687 1391 1731 excruciari
1409 1689 1462 1730 13

41 1749 156 1791 fame
194 1751 238 1791 et
273 1748 416 1791 inedia
452 1748 692 1802 tabescere,
733 1762 840 1802 quos
879 1749 1019 1803 magis
1058 1747 1281 1803 magisque
1319 1747 1392 1790 ad-

43 1807 240 1863 quirendi
288 1807 547 1850 desiderium
599 1807 716 1863 cogit
767 1809 1039 1861 praesentem
1090 1806 1258 1861 copiam
1304 1821 1393 1848 non

43 1866 201 1920 uidere,
233 1869 276 1908 et
307 1867 352 1908 in
384 1866 606 1908 affluentia
635 1867 786 1921 inopes
819 1866 1026 1921 egestatis
1058 1865 1174 1908 mala
1197 1866 1242 1907 in
1267 1866 1392 1908 uber-

29 2016 34 2019 ·
138 2009 159 2040 2
184 2005 312 2053 fedum
339 2005 377 2040 P
447 2008 468 2039 3
488 2004 722 2050 sepulchrum
739 2015 768 2050 p
842 2009 863 2041 6
884 2004 1065 2051 assignare
1084 2005 1120 2040 Β
1194 2009 1213 2040 7
1234 2004 1392 2040 asseren-

22 2049 102 2101 {tes
121 2053 159 2088 B
262 2056 306 2090 10
330 2052 498 2098 potantis
517 2053 556 2088 Β
660 2055 703 2087 11
729 2052 998 2098 flegethontem
1022 2052 1065 2097 P,
1092 2052 1331 2098 flegetontem
1355 2053 1393 2087 B

26 2092 90 2147 {13
115 2099 320 2136 [tristitiam
345 2099 392 2135 B'
467 2103 511 2135 15
537 2099 730 2145 compellit
754 2100 792 2135 P
858 2099 928 2146 stig
931 2111 951 2135 e
976 2100 1014 2136 B
1090 2103 1132 2135 17
1155 2111 1337 2146 penarum
1357 2100 1393 2134 Β

24 2147 91 2184 2⁰18
114 2147 263 2183 uulture
287 2147 325 2184 B
397 2147 610 2183 immortale
635 2147 706 2183 PB
781 2150 824 2182 19
842 2147 997 2183 rodente
1017 2148 1054 2183 Β
1131 2151 1175 2182 21
1196 2148 1394 2183 mtemora

38 2197 87 2233 ut
110 2195 188 2231 uid.
213 2191 261 2230 P'
334 2198 380 2230 22
406 2194 539 2230 celeris
559 2191 609 2229 P'
682 2194 936 2230 admomtlone
963 2194 1009 2230 B'
1086 2199 1130 2230 23
1149 2195 1393 2240 teptauerunt

32 2246 136 2281 mrr.
161 2242 204 2278 in
226 2242 458 2288 teptauennt
481 2242 524 2278 in
548 2241 585 2277 Β
669 2245 716 2278 24
740 2241 868 2278 fnbns
887 2243 925 2278 B
1010 2245 1055 2278 27
1080 2242 1175 2278 hora
1198 2243 1237 2279 P
1312 2251 1393 2278 ex*

36 2292 204 2325 cruciari
229 2289 267 2324 P
333 2292 380 2325 28
405 2288 569 2325 inedia*
592 2289 631 2324 P
698 2289 889 2335 magisque
914 2300 982 2325 om.
1008 2289 1045 2324 B

35 2362 57 2444 ξ.
