1526 2444
131 53 217 95 516
430 52 576 89 COMM.
602 53 654 88 IN
679 53 820 89 SOMN.
846 52 957 88 SCIP.
982 51 1108 86 LIBRI
1133 51 1149 85 Ι

134 172 254 201 sacra
308 158 367 200 sic
421 158 702 212 adloquendo:
761 157 1081 200 Dardanidae
1130 157 1258 212 duri,
1306 160 1450 211 aperte

135 217 450 258 consulentibus
503 215 690 270 Italiam,
739 216 789 258 de
838 230 922 270 qua
970 215 1192 257 Dardanus
1238 215 1449 269 profectus

135 277 264 327 esset,
306 274 461 315 obiecit
499 273 751 327 appellando
789 287 860 315 eos
897 273 1086 328 parentis
1122 273 1236 314 illius
1267 273 1450 328 nomine,

93 333 120 373 9
135 333 252 373 cuius
274 333 365 372 erat
383 331 504 386 origo
535 331 691 373 rectius
717 331 921 385 eligenda.
971 333 1013 372 et
1036 331 1105 372 hic
1124 333 1263 373 certae
1283 330 1450 385 quidem

135 389 464 431 denuntiationis
496 391 577 443 est,
613 389 724 442 quod
755 389 804 430 de
837 388 1043 442 Scipionis
1073 389 1156 429 fine
1186 388 1450 442 praedicitur,
1485 401 1502 428 5

135 446 209 488 sed
248 447 386 501 gratia
422 447 709 488 conciliandae
740 446 1011 488 obscuritatis
1048 446 1206 487 inserta
1243 446 1450 488 dubitatio

135 504 247 545 dicto
271 498 428 557 famen,
454 504 566 559 quod
591 504 713 546 initio
744 504 898 545 somnii
924 504 1174 556 continetur,
1206 503 1450 545 absoluitur.

133 576 232 603 nam
265 576 360 603 cum
391 562 545 603 dicitur
575 562 791 603 circuitu
822 561 1045 603 naturali
1083 575 1318 602 summam
1354 561 1451 602 tibi

133 619 345 660 fatalem
376 619 706 671 confecerint,
743 620 870 661 uitari
905 619 1017 661 hunc
1053 618 1179 660 finem
1210 633 1296 660 non
1326 632 1450 673 posse

133 678 392 731 pronuntiat.
452 677 564 731 quod
597 680 736 718 autem
763 675 950 731 Scipioni
978 676 1164 730 reliquos
1194 676 1307 718 uitae
1333 678 1449 718 actus
1470 688 1503 714 ιο

134 734 225 776 sine
253 735 411 776 offensa
443 735 664 776 dubitandi
688 749 764 788 per
789 735 978 776 ordinem
1008 734 1184 788 rettulit,
1216 736 1258 775 et
1288 734 1337 774 de
1363 734 1452 775 sola

133 795 268 834 morte
294 793 445 834 similis
470 793 587 834 uisus
613 795 678 833 est
703 792 950 847 ambigenti,
974 792 1077 833 haec
1099 792 1209 834 ratio
1229 794 1305 846 est,
1331 791 1453 845 quod,

134 851 225 892 siue
267 850 367 891 dum
403 850 589 892 humano
625 851 695 892 uel
731 851 914 892 maerori
955 850 1143 904 parcitur
1186 850 1253 891 uel
1295 850 1452 901 timori,

134 921 207 949 seu
239 908 337 962 quia
361 908 465 949 utile
497 911 561 949 est
590 908 672 950 hoc
702 907 882 949 maxime
914 908 1062 961 latere,
1100 907 1274 960 pronius
1311 909 1452 948 cetera

134 966 316 1007 oraculis
344 979 470 1020 quam
499 966 613 1006 uitae
644 966 740 1007 finis
772 965 1032 1019 exprimitur,
1064 967 1138 1006 aut
1162 979 1256 1006 cum
1282 964 1448 1018 dicitur,
1467 975 1500 1002 1⁶

133 1037 219 1064 non
251 1023 342 1064 sine
373 1023 514 1077 aliqua
545 1023 804 1065 obscuritate
834 1022 1057 1076 profertur.

64 1103 170 1145 VIII
246 1102 324 1145 His
363 1104 504 1158 aliqua
550 1117 600 1145 ex
642 1106 762 1157 parte
804 1103 999 1145 tractatis
1037 1102 1356 1158 progrediamur
1399 1102 1451 1143 ad

133 1161 308 1215 reliqua.
369 1161 452 1202 sed
489 1175 582 1216 quo
621 1162 689 1202 sis
733 1160 970 1202 Africane
1013 1160 1233 1202 alacrior
1273 1159 1331 1200 ad
1373 1161 1450 1201 tu-

133 1218 336 1260 tandam
373 1233 472 1260 rem
508 1219 785 1272 publicam,
828 1219 900 1260 sic
942 1218 1139 1259 habeto.
1199 1217 1451 1271 omnibus,

134 1276 218 1330 qui
243 1277 462 1331 patriam
494 1277 850 1318 conseruarint
876 1275 1166 1317 adiuuerint
1197 1275 1503 1328 auxerint,20

134 1336 326 1375 certum
374 1348 484 1375 esse
527 1335 577 1375 in
628 1334 767 1375 caelo
816 1333 1090 1375 definitum
1137 1333 1316 1386 locum,
1364 1332 1450 1374 ubi

133 1392 271 1432 beati
337 1405 458 1432 aeuo
512 1392 821 1446 sempiterno
875 1391 1119 1432 fruantur.
1191 1390 1319 1431 nihil
1374 1393 1451 1431 est

134 1449 260 1490 0111111
304 1449 385 1490 1111
431 1449 657 1503 principi
706 1449 812 1500 deo,
857 1449 939 1503 qui
989 1463 1171 1490 omnem
1220 1448 1449 1489 mundum

132 1507 281 1561 regit,
328 1507 455 1561 quod
499 1507 695 1561 quidem
744 1507 793 1548 in
834 1507 986 1548 terris
1027 1506 1145 1560 fiat,
1193 1506 1449 1559 acceptius

133 1579 276 1618 quam
303 1564 519 1606 concilia
545 1567 819 1619 coetusque
843 1565 1095 1606 hominum
1119 1565 1226 1605 iure
1253 1563 1450 1617 sociati,
1468 1575 1502 1601 25

134 1636 256 1676 quae
288 1623 530 1663 ciuitates
563 1623 899 1676 appellantur.
955 1631 1120 1663 earum
1145 1624 1367 1663 rectores
1400 1623 1450 1662 et

91 1681 420 1722 2seruatores
450 1679 566 1721 hinc
596 1679 817 1734 profecti
841 1679 934 1721 huc
959 1682 1294 1721 reuertuntur.
1343 1679 1449 1720 bene

133 1740 174 1778 et
228 1740 481 1792 opportune,
528 1740 753 1792 postquam
799 1737 852 1778 de
897 1739 1033 1779 morte
1076 1736 1303 1792 praedixit,
1353 1751 1450 1778 mox
1511 1742 1526 1774 f}

131 1797 320 1848 praemia
353 1797 473 1837 bonis
505 1798 603 1849 post
634 1796 798 1837 obitum
829 1795 1039 1849 speranda
1070 1784 1526 1859 subiecitffquibuspssl

225 1912 242 1941 1
269 1909 357 1943 Aen.
385 1909 436 1943 III
461 1912 505 1943 94

228 2017 244 2046 1
271 2013 318 2046 ad
336 2012 519 2056 loquenda
540 2013 584 2056 P,
604 2012 823 2056 alloquendo
842 2012 878 2046 B
949 2015 969 2046 6
989 2011 1033 2046 1&
1051 2012 1088 2046 Β
1160 2016 1179 2047 7
1199 2010 1397 2046 obsoluitur
1416 2011 1453 2045 P
1514 2042 1516 2044 ,

130 2062 152 2092 8
176 2058 279 2104 nam]
305 2057 374 2092 Illa
399 2059 435 2093 Β
528 2058 702 2094 naturahl
727 2059 763 2094 P
853 2062 873 2093 9
900 2058 1097 2093 confecerit
1123 2057 1159 2093 P
1252 2060 1295 2092 10
1320 2068 1383 2101 qm
1406 2058 1449 2092 ni

128 2104 238 2147 fallor
263 2104 309 2139 B'
409 2108 449 2139 11
476 2104 615 2140 ostensa
640 2106 677 2140 Β
770 2104 898 2140 retuht
920 2105 956 2139 B
1049 2107 1090 2138 12
1115 2104 1257 2150 heratio
1283 2104 1320 2138 P
1405 2105 1447 2137 13
1510 2124 1513 2139 ;

128 2161 263 2186 merom
287 2151 328 2194 P,
354 2161 507 2186 memori
530 2151 566 2186 B
658 2154 699 2186 19
724 2150 858 2186 habete
882 2150 919 2186 P
1001 2154 1047 2185 24
1070 2150 1115 2184 us
1134 2151 1176 2186 in
1201 2148 1389 2195 acceptius
1407 2150 1449 2185 in

128 2197 267 2277 mebi?
291 2197 327 2232 B
366 2201 460 2277 P25
484 2197 625 2244 cetusq3
651 2198 686 2232 B
775 2200 820 2233 28
845 2196 1092 2242 praediximus
1111 2197 1147 2231 B
1235 2199 1279 2231 29
1303 2196 1391 2231 bom
1415 2195 1452 2230 P
1504 2239 1507 2242 y

128 2255 191 2287 qui
220 2255 241 2278 u
281 2254 346 2279 om.
