1526 2444
615 25 683 61 VII
709 29 847 62 11-19
1323 25 1406 68 611

40 127 282 192 perustae,
320 149 430 191 quae
461 136 726 189 temperatae
764 134 906 177 uicina
940 135 1026 189 est,
1064 133 1255 176 admittit
1285 133 1411 176 habi-

6 223 8 234 1
38 196 206 237 :tantes
237 193 346 248 illic,
378 193 422 236 id
454 196 520 236 est
550 197 670 236 trans
702 194 936 248 tropicum,
967 206 1257 248 quaecumque
1289 193 1410 235 habi-

6 250 7 255 ’
62 255 211 296 tantur
242 253 382 308 spatia
406 253 603 295 umbram
630 253 812 294 mittunt
837 253 882 294 in
908 255 1103 295 austrum
1129 266 1179 294 eo
1203 254 1411 308 tempore,

6 335 8 338 >
62 326 147 368 quo
180 312 244 354 sol
276 310 488 355 Cancrum
519 314 650 354 tenet.
698 315 801 354 tunc
833 312 946 363 enim
975 311 1027 353 fit
1057 311 1118 353 eis
1145 311 1210 353 sol
1237 314 1408 366 septen-

60 370 270 426 trionalis,
300 385 397 413 cum
427 371 642 426 tropicum
666 372 797 424 tenet,
829 370 943 425 quod
969 370 1023 412 ab
1047 370 1135 412 illis
1160 370 1213 412 ad
1239 373 1407 425 septen-

4 438 5 441 ’
59 429 243 472 trionem
269 430 441 472 recedit.
491 429 645 472 ciuitas
673 432 816 471 autem
844 428 995 484 Syene,
1023 443 1132 484 quae
1157 429 1404 484 prouinciae
1423 429 1477 472 15

60 487 303 531 Thebaidos
322 492 424 544 post
443 489 710 544 superiorum
728 488 940 530 montium
963 488 1134 530 deserta
1147 488 1408 544 principium

0 575 6 604 v3
59 550 137 602 est,
169 548 248 589 sub
279 548 373 602 ipso
406 548 571 590 aestiuo
603 548 769 603 tropico
801 547 1036 590 constituta
1068 550 1144 602 est,
1177 549 1220 588 et
1253 561 1302 589 eo
1329 547 1408 602 die,

1 608 33 658 {li
59 620 143 662 quo
181 607 246 648 sol
284 610 444 648 certam
482 609 650 662 partem
686 606 924 662 ingreditur
961 605 1136 659 Cancri,
1180 606 1287 648 hora
1324 605 1408 648 diei

59 667 199 719 sexta,
237 666 442 720 quoniam
480 666 544 708 sol
582 667 684 707 tunc
723 679 851 720 super
880 664 1024 719 ipsum
1062 665 1281 706 inuenitur
1311 679 1407 707 uer-

57 725 187 765 ticem
226 724 434 776 ciuitatis,
470 724 590 766 nulla
626 724 715 766 illic
751 726 898 778 potest
933 724 980 765 in
1019 727 1180 765 terram
1218 723 1268 765 de
1301 738 1406 779 quo-

0 777 9 828 (
56 782 164 824 libet
189 797 368 837 corpore
394 783 547 825 umbra
569 783 734 835 iactari,
761 782 834 823 sed
853 796 932 824 nec
952 782 1078 824 stilus
1099 781 1408 837 hemisphaerii

0 857 2 875 ι
30 872 33 875 -
57 841 342 884 monstrantis
372 842 516 895 horas,
549 855 675 896 quem
706 841 926 896 γνώμωνα
952 843 1122 896 uocant,
1153 844 1258 883 tunc
1283 841 1335 882 de
1362 855 1407 882 se

0 896 5 930 ἕ·
54 903 199 956 potest
240 901 438 942 umbram
481 915 636 942 creare.
707 902 750 942 et
793 902 875 942 hoc
927 902 1012 954 est,
1056 899 1169 955 quod
1206 899 1406 943 Lucanus
1424 901 1477 944 16

56 959 195 1002 dicere
233 959 390 1013 uoluit,
434 974 513 1001 nec
551 961 699 1001 tamen
735 959 860 1014 plene
898 962 948 1001 ut
983 959 1168 1001 habetur
1206 959 1406 1001 absoluit.

0 1017 4 1059 ἔ
53 1017 232 1060 dicendo
264 1018 378 1060 enim

232 1102 360 1156 atque
391 1100 567 1143 umbras
593 1114 827 1155 numquam
859 1100 1058 1142 flectente
1090 1099 1231 1156 Syene

0 1198 25 1220 a
55 1196 147 1224 rem
191 1182 364 1238 quidem
408 1183 557 1240 attigit
595 1182 670 1226 sed
705 1183 901 1225 turbauit
937 1197 1099 1225 uerum.
1168 1197 1255 1225 non
1293 1183 1407 1225 enim

3 1253 7 1255 ’
54 1255 290 1296 numquam
339 1241 476 1284 flectit
520 1242 594 1284 sed
637 1256 723 1284 uno
766 1244 976 1297 tempore,
1028 1241 1140 1297 quod
1185 1256 1283 1284 cum
1328 1257 1405 1285 sua

55 1300 223 1342 ratione
260 1300 518 1343 rettulimus.
585 1301 654 1343 his
691 1300 844 1343 relatis
883 1303 1072 1356 constat,
1110 1301 1245 1343 solem
1282 1315 1402 1343 num-
1422 1303 1474 1344 17

57 1373 185 1414 quam
222 1359 389 1415 egredi·
404 1359 511 1402 fines
550 1362 768 1415 perustae,
806 1360 907 1415 quia
943 1359 995 1402 de
1032 1359 1199 1414 tropico
1237 1363 1282 1401 in
1318 1363 1403 1402 tro-

0 1410 217 1671 &picum
236 1418 434 1461 zodiacus
474 1419 720 1474 obliquatus
760 1421 836 1461 est.
902 1418 1132 1460 manifesta
1170 1421 1236 1460 est
1271 1419 1406 1474 igitur

57 1490 204 1532 causa,
247 1491 323 1520 cur
366 1477 475 1521 haec
518 1492 628 1520 zona
669 1477 854 1519 flammis
900 1478 958 1519 sit
1001 1491 1169 1532 semper
1207 1477 1406 1532 obnoxia,

22 1567 23 1570 η
57 1550 214 1591 quippe
245 1551 376 1592 quam
408 1537 475 1578 sol
506 1537 641 1579 totius
675 1535 890 1578 aetheriae
921 1536 1122 1578 flammae
1154 1539 1198 1578 et
1228 1536 1324 1579 fons
1357 1540 1402 1579 et

57 1595 388 1638 administrator
411 1610 647 1651 numquam
673 1595 898 1650 relinquat.
949 1608 1052 1650 ergo
1079 1595 1232 1637 ambae
1256 1597 1400 1651 partes
1417 1597 1472 1639 18

54 1653 253 1710 ultimae,
290 1654 334 1696 id
372 1658 438 1696 est
476 1654 824 1710 septentrionalis
863 1657 906 1696 et
943 1654 1161 1709 australis,
1206 1654 1260 1696 ad
1299 1669 1404 1710 quas

0 1688 289 1768 {numquam
343 1714 462 1756 calor
510 1714 613 1756 solis
663 1713 844 1765 accedit,
899 1713 1143 1755 necessario
1193 1715 1404 1769 perpetua

2 1791 21 1810 η
52 1774 306 1826 premuntur
341 1773 514 1828 pruina,
559 1772 665 1815 duas
702 1786 824 1826 uero,
863 1774 912 1814 ut
949 1772 1152 1826 diximus,
1188 1776 1404 1828 temperat

18 1875 22 1878 ,
52 1829 154 1873 hinc
191 1833 320 1885 atque
355 1831 477 1874 illinc
513 1831 675 1874 uicinia
713 1831 866 1874 caloris
898 1833 941 1873 et
971 1830 1159 1887 frigoris
1221 1831 1401 1887 denique
1417 1832 1472 1875 19

151 1960 193 1992 17
218 1956 346 1994 Phara.
371 1957 405 1992 II
431 1961 500 1993 578

149 2079 170 2110 2
196 2074 235 2110 id
262 2075 334 2121 est]
360 2075 422 2111 ide
448 2075 496 2120 (h.
521 2086 548 2111 e.
574 2074 688 2120 idem)
713 2075 750 2111 Β
821 2080 844 2111 4
869 2086 903 2111 ei
931 2075 968 2111 P
1039 2079 1060 2110 6
1080 2075 1176 2123 siene
1197 2076 1234 2112 Β
1305 2080 1327 2112 8
1348 2076 1401 2112 est

53 2125 139 2159 ante
163 2124 202 2158 et
224 2133 291 2159 om.
317 2122 353 2157 Β
480 2126 523 2158 12
549 2122 715 2168 corporis
732 2122 770 2158 Β
891 2122 947 2158 set
970 2122 1007 2157 Β
1126 2122 1340 2169 hemisperii
1363 2124 1400 2158 Β

55 2171 100 2204 13
125 2180 311 2214 gnomona
335 2169 406 2205 PB
509 2173 552 2205 17
577 2168 771 2206 flectentes
788 2170 827 2206 P
920 2172 963 2205 19
988 2169 1043 2206 set
1066 2170 1104 2206 B
1200 2174 1246 2206 20
1270 2170 1399 2206 retuli-

14 2235 15 2238 =
53 2216 138 2251 mus
155 2216 194 2252 Β
283 2220 328 2252 22
354 2215 588 2252 manifestum
611 2215 657 2252 B'
744 2220 789 2252 23
815 2216 1004 2253 flammifit
1027 2217 1065 2252 P
1143 2221 1189 2253 25
1213 2218 1401 2262 rehnquet

54 2266 96 2299 ut
120 2264 198 2301 uid.
226 2259 280 2299 P'
355 2267 399 2299 27
425 2263 516 2300 solis
534 2263 636 2300 calor
659 2265 842 2301 acce*dit
865 2264 903 2300 P
924 2270 929 2275 '
977 2266 1021 2300 29
1047 2263 1127 2300 illic
1150 2275 1276 2301 uicina
1300 2262 1350 2300 P'

1043 2322 1115 2360 39*
