1526 2444
165 101 254 143 454
655 99 754 135 SAT.
778 98 906 134 LIBRI
928 98 998 134 VII

169 208 357 262 appellat
401 220 666 259 earumque
708 206 926 260 partium
975 218 1107 246 mare
1150 216 1307 253 omne,
1356 200 1485 254 quod

170 264 460 319 Scythicum
498 263 701 317 dicitur,
738 263 785 304 id
822 263 936 317 gelu
974 260 1256 314 constringi
1294 261 1341 300 et
1371 273 1484 300 con-

98 323 154 364 32
171 323 356 364 sistere
394 322 516 362 aliter
553 323 617 362 est
654 335 781 374 quam
817 323 1002 374 putatur.
1062 333 1162 360 nam
1198 332 1285 359 non
1320 316 1484 357 marina

170 394 279 433 aqua
317 378 583 420 contrahitur
621 379 692 419 sed
724 378 822 432 quia
853 377 1081 432 plurimum
1112 377 1156 417 in
1187 375 1272 416 illis
1303 373 1485 428 regioni-

170 439 248 478 bus
285 437 509 478 fluuiorum
546 438 610 477 est
647 438 690 477 et
720 435 920 490 paludum
950 434 995 475 in
1025 434 1118 488 ipsa
1149 433 1283 474 maria
1312 431 1485 473 influen-
1521 448 1526 474 ι

169 496 294 548 tium,
338 493 579 548 superficies
622 493 769 547 maris,
811 493 878 534 cui
920 492 1060 533 dulces
1104 504 1236 545 aquae
1278 491 1487 542 innatant,

171 553 429 607 congelascit
466 554 508 592 et
541 551 741 592 incolumi
773 564 883 604 aqua
914 549 1079 590 marina
1107 549 1274 590 uidetur
1304 548 1349 589 in
1379 547 1487 588 mari

101 612 156 653 33
172 611 269 665 gelu
301 610 373 651 sed
406 609 455 650 de
488 609 662 651 aduenis
694 608 816 650 undis
848 609 1050 649 eoactum.
1103 606 1184 648 hoc
1214 608 1255 646 et
1279 606 1322 646 in
1347 605 1485 646 Ponto

171 668 263 709 fieri
294 667 498 719 uidemus,
526 667 571 708 in
602 680 684 720 quo
715 666 876 707 frustra
901 665 1106 719 quaedam
1132 667 1186 718 et,
1216 666 1264 704 ut
1288 664 1350 705 ita
1375 663 1486 704 dixe-

170 725 268 779 rim,
304 725 510 779 prosiciae
547 724 710 778 gelidae
746 723 939 764 feruntur
976 724 1217 764 contractae
1255 721 1303 761 de
1339 721 1487 762 fluuia-
1506 735 1526 762 ιι

170 784 272 824 lium
314 783 382 824 uel
424 782 676 836 palustrium
719 782 923 822 undarum
966 779 1253 829 multitudine,
1296 779 1340 820 in
1382 792 1487 832 quas
1523 783 1526 824 ξ

100 841 270 884 341ieet
294 840 444 894 frigori
470 840 591 893 quasi
614 839 841 880 leuatiores
867 838 1041 879 marina.
1094 837 1322 890 plurimum
1347 839 1488 878 autem

171 913 376 952 aquarum
412 897 563 938 talium
601 897 776 938 influere
806 895 942 937 Ponto
981 897 1024 936 et
1060 897 1195 936 totam
1227 893 1487 948 superficiem
1523 895 1526 943 j

171 956 259 997 eius
307 955 508 996 infectam
552 969 642 995 esse
686 954 799 995 dulci
841 954 1018 1006 liquore,
1065 954 1233 1007 praeter
1275 951 1386 1005 quod
1428 953 1489 992 ait

171 1012 382 1055 Salustius
419 1026 552 1053 mare
582 1011 851 1054 Ponticum
888 1010 1082 1051 dulcius
1120 1024 1262 1063 quam
1303 1012 1526 1063 ceteram¹

172 1074 237 1113 est
273 1071 355 1112 hoe
393 1084 558 1124 quoque
594 1069 858 1123 testimonio,
895 1068 1022 1122 quod,
1060 1068 1095 1108 si
1132 1067 1176 1107 in
1206 1066 1388 1108 Pontum
1420 1068 1526 1120 uel.,·

172 1129 316 1183 paleas
353 1128 422 1169 uel
456 1128 575 1182 ligna
607 1142 680 1169 seu
711 1140 996 1181 quaecumque
1027 1124 1489 1178 natantiaproieceris,
1518 1167 1519 1171 ,

170 1188 285 1228 foras
322 1189 440 1227 extra
476 1185 658 1227 Pontum
695 1185 886 1225 feruntur
922 1184 967 1224 in
1003 1182 1322 1236 Propontidem,
1364 1185 1489 1236 atque

170 1245 231 1286 ita
261 1245 306 1285 in
336 1257 462 1294 mare,
494 1243 604 1296 quod
637 1242 771 1283 adluit
805 1240 930 1283 Asiae
962 1255 1091 1294 oram,
1125 1254 1219 1281 cum
1251 1242 1415 1282 constet
1445 1241 1511 1291 in¹

171 1302 354 1343 Pontum
385 1300 558 1342 influere
589 1301 717 1341 maris
749 1313 914 1353 aquam,
944 1313 1029 1340 non
1060 1297 1227 1339 effluere
1259 1298 1308 1339 de
1339 1297 1489 1340 Ponto.

101 1360 158 1403 35
172 1362 336 1401 meatus
367 1359 498 1412 enim,
530 1359 601 1411 qui
633 1359 747 1399 solus
780 1358 830 1399 de
863 1356 1030 1398 Oceano
1062 1358 1253 1409 receptas
1283 1369 1413 1410 aquas
1444 1356 1488 1397 in

171 1417 306 1459 maria
335 1418 484 1458 nostra
514 1415 788 1468 transmittit,
818 1415 863 1455 in
893 1414 1000 1455 freto
1031 1416 1096 1455 est
1126 1412 1347 1467 Gaditano,
1377 1413 1488 1467 quod

171 1475 425 1530 Hispaniam
457 1473 729 1527 Africamque
760 1472 991 1524 interiacet,
1022 1474 1064 1512 et
1094 1471 1184 1512 sine
1215 1471 1343 1513 dubio
1371 1471 1488 1512 inun-

171 1534 286 1574 datio
323 1533 418 1586 ipsa
454 1545 529 1586 per
564 1531 846 1585 Hispaniense
884 1532 924 1571 et
957 1529 1223 1570 Gallicanum
1261 1529 1408 1570 littora
1445 1529 1489 1569 in

171 1590 438 1645 Tyrrhenum
475 1589 633 1643 prodit,
669 1588 766 1629 inde
800 1587 1092 1629 Hadriaticum
1129 1601 1244 1628 mare
1280 1586 1402 1640 facit,
1438 1600 1489 1627 ex

172 1663 253 1703 quo
280 1649 429 1690 dextra
453 1647 497 1688 in
516 1646 805 1699 Parthenium,
829 1646 952 1686 laeua
976 1645 1022 1686 in
1040 1644 1208 1686 Ionium
1234 1646 1276 1686 et
1298 1644 1489 1685 directim

171 1707 215 1747 in
245 1705 464 1760 Aegaeum
500 1705 658 1759 pergit,
694 1706 821 1758 atque
857 1703 919 1744 ita
955 1702 1188 1757 ingreditur
1217 1703 1263 1743 in
1293 1702 1488 1744 Pontum.

101 1766 158 1807 36
173 1778 277 1817 quae
318 1764 451 1818 igitur
486 1763 597 1804 ratio
634 1761 755 1814 facit,
796 1763 845 1802 ut
880 1761 1052 1801 riuatim
1090 1774 1222 1813 aquae
1261 1759 1310 1801 de
1348 1759 1487 1800 Ponto

173 1822 366 1875 effluant,
403 1835 497 1862 cum
534 1820 638 1861 foris
675 1819 898 1861 influentes
930 1832 1060 1872 aquas
1092 1816 1251 1859 Pontus
1282 1816 1497 1872 accipiat?

172 1879 246 1920 sed
300 1881 468 1920 constat
516 1881 692 1932 utraque
740 1877 863 1918 ratio.
931 1890 1031 1917 nam
1081 1875 1320 1929 superficies
1363 1874 1491 1916 Ponti

171 1938 346 1991 propter
382 1936 534 1977 nimias
573 1950 722 1989 aquas,
758 1949 864 1989 quae
902 1934 951 1975 de
987 1935 1101 1974 terra
1139 1933 1279 1974 dulces
1310 1932 1494 1973 influunt-

172 1995 285 2036 foras
342 1993 495 2047 effluit,
547 1994 744 2034 deorsum
799 2006 899 2033 uero
954 1991 1066 2032 intro
1114 1991 1256 2045 pergit
1302 1989 1489 2032 influxio.

102 2052 281 2095 371mde
325 2051 673 2104 probatum-est,
721 2050 914 2091 natantia
956 2063 1079 2103 quae,
1133 2050 1180 2089 ut
1223 2062 1350 2102 supra
1393 2046 1474 2088 dix·

266 2157 308 2188 15
333 2154 462 2198 fragm.
487 2152 615 2188 histor.
641 2151 769 2186 Kritzii
794 2150 845 2185 ΠΙ
870 2154 912 2184 51

266 2252 285 2282 2
311 2246 462 2280 scithicfi
488 2245 523 2279 P
591 2247 611 2279 5
635 2247 680 2281 ÷
706 2254 770 2279 om.
796 2241 844 2278 P'
920 2247 961 2277 19
987 2243 1094 2278 allu1t
1118 2243 1154 2277 P
1223 2245 1265 2276 25
1291 2239 1428 2276 tirrem‘i

172 2294 351 2328 adriatici]
377 2293 413 2327 P
482 2302 581 2327 mare
606 2301 670 2327 om.
697 2289 744 2326 P'
818 2293 861 2325 27
887 2293 979 2337 eges}
1004 2290 1040 2325 P
