1526 2444
136 102 222 144 518
435 102 583 139 ΟΟΜΜ.
608 103 660 139 ΙΝ
685 103 826 140 SOMN.
853 103 963 142 SCIP.
989 103 1117 140 LIBRI
1140 103 1158 138 I

140 223 295 265 genera
330 210 547 252 uirtutum.
614 225 664 252 ex
705 211 772 253 his
809 212 969 266 primae
1006 211 1205 266 politicae
1241 214 1459 267 uocantur,

139 267 344 309 secundae
398 268 689 324 purgatoriae,
741 269 890 310 tertiae
945 270 1072 311 animi
1134 270 1220 310 iam
1276 270 1460 324 purgati,

98 328 317 379 6quartae
355 326 628 379 exemplares.
688 328 730 367 et
761 330 860 368 sunt
894 327 1093 381 politicae
1122 327 1325 381 hominis,
1361 327 1460 381 quia

142 383 297 424 sociale
336 382 491 424 animal
529 386 608 426 est.
666 378 732 426 his
770 384 872 426 boni
908 385 990 425 uiri
1026 385 1087 426 rei
1128 385 1320 438 publicae
1364 398 1459 425 con-

141 441 297 494 sulunt,
326 441 452 482 urbes
476 444 666 482 tuentur:
697 441 764 482 his
789 444 984 495 parentes
1009 445 1275 497 uenerantur,
1301 442 1459 483 liberos
1494 452 1511 480 5

139 501 297 552 amant,
328 499 545 552 proximos
578 499 779 554 diligunt:
809 498 877 541 his
908 500 1065 541 ciuium
1104 500 1282 541 salutem
1313 500 1461 554 guber-

137 559 260 597 nant:
298 555 366 597 his
404 557 540 598 socios
571 557 876 611 circumspecta
920 557 1187 611 prouidentia
1221 559 1460 612 protegunt,

138 613 252 655 iusta
283 613 544 657 liberalitate
576 614 835 656 deuinciunt:
866 615 1014 669 hisque

378 707 443 748 sui
475 720 682 748 memores
714 707 819 748 alios
852 707 988 748 fecere
1019 707 1227 749 merendo.

100 802 123 842 7
141 800 184 839 et
227 801 290 839 est
328 798 496 852 politici
531 798 778 852 prudentiae
810 799 862 840 ad
898 800 1075 840 rationis
1111 812 1320 854 normam,
1357 813 1461 853 quae
1481 810 1514 836 1⁰

142 856 305 910 cogitat
330 870 519 909 quaeque
539 856 639 910 agit,
664 857 863 898 uniuersa
888 857 1069 912 dirigere
1095 872 1143 898 ac
1162 857 1270 898 nihil
1294 861 1463 911 praeter

139 915 301 955 rectum
331 914 442 954 uelle
472 914 541 954 uel
566 913 714 967 facere,
743 914 1023 968 humanisque
1049 914 1212 956 actibus
1244 918 1462 969 tamquam

141 970 297 1013 diuinis
348 971 538 1012 arbitriis
586 971 825 1026 prouidere3
873 972 1120 1025 prudentiae
1163 973 1308 1013 insunt
1350 973 1461 1014 ratio

137 1029 380 1070 intellectus
422 1029 741 1083 circumspectio
772 1029 1041 1083 prouidentia
1070 1030 1265 1071 docilitas
1303 1031 1461 1072 cautio:

137 1086 400 1128 fortitudinis
458 1087 643 1127 animum
705 1101 832 1141 supra
884 1087 1059 1141 periculi
1112 1089 1272 1128 metum
1327 1100 1463 1142 agere,
1482 1096 1515 1123 1⁵

136 1144 327 1198 nihilque
364 1144 448 1185 nisi
485 1144 629 1198 turpia
667 1145 834 1198 timere,
871 1145 1051 1186 tolerare
1088 1144 1256 1186 fortiter
1285 1146 1354 1186 uel
1395 1145 1464 1187 ad-

136 1216 212 1243 uer
229 1217 276 1243 sa
293 1203 362 1243 uel
385 1216 605 1256 prospera:
636 1201 843 1243 fortitudo
861 1204 1050 1256 praestat
1068 1203 1464 1257 magnanimitatem

137 1259 337 1301 fiduciam
364 1260 634 1300 securitatem
659 1260 1019 1314 magnificentiam
1051 1260 1333 1302 constantiam
1357 1260 1461 1302 tole-

139 1318 324 1358 rantiam
390 1317 652 1358 firmitatem:
725 1318 1030 1371 temperantiae
1094 1317 1201 1359 nihil
1268 1317 1461 1372 adpetere

139 1374 453 1429 paenitendum,
496 1375 540 1415 in
581 1375 699 1416 nullo
739 1375 876 1429 legem
913 1375 1213 1417 moderationis
1252 1375 1461 1427 excedere,
1481 1385 1516 1411 2⁰

140 1433 218 1473 sub
244 1433 390 1486 iugum
415 1432 594 1474 rationis
620 1432 895 1486 cupiditatem
921 1433 1108 1487 domare3
1138 1433 1462 1487 temperantiam

140 1492 338 1532 secuntur
394 1490 604 1531 modestia
659 1491 912 1532 uerecundia
971 1491 1232 1533 abstinentia
1285 1491 1461 1532 castitas

137 1547 341 1590 honestas
413 1548 647 1590 moderatio
713 1548 898 1602 parcitas
967 1549 1174 1590 sobrietas
1239 1548 1460 1603 pudicitia:
1523 1556 1526 1573 ²

136 1605 328 1647 iustitiae
385 1619 554 1647 seruare
607 1606 680 1646 uni
728 1606 894 1660 cuique,
948 1606 1058 1660 quod
1107 1621 1228 1647 suum
1281 1609 1363 1659 est,
1411 1606 1461 1647 de
1511 1626 1515 1630 ·

137 1663 303 1705 iustitia
339 1663 517 1704 ueniunt
564 1663 805 1705 innocentia
842 1664 1028 1710 amicitia
1064 1664 1287 1706 concordia
1324 1664 1460 1717 pietas
1479 1675 1495 1700 8

100 1721 293 1776 8religio
334 1721 512 1762 affectus
547 1720 801 1763 humanitas.
860 1722 927 1763 his
958 1721 1187 1763 uirtutibus
1224 1722 1290 1763 uir
1326 1722 1461 1763 bonus
1524 1724 1526 1728 ’

139 1779 323 1832 primum
365 1779 430 1820 sui
467 1781 590 1833 atque
627 1779 722 1820 inde
759 1779 821 1821 rei
855 1779 1049 1833 publicae
1093 1781 1232 1821 rector
1273 1779 1462 1832 efficitur,
1512 1835 1513 1838 Ἴ

231 1953 251 1983 9
278 1950 388 1994 Verg.
413 1950 502 1984 Aen.
530 1950 578 1984 VI
604 1953 671 1985 664

233 2115 251 2145 1
277 2122 325 2156 po
339 2111 453 2147 *l1t1c
504 2111 548 2154 P,
573 2112 638 2145 itio
663 2111 704 2145 in
727 2111 879 2157 pohtiee¹
903 2112 945 2146 in
967 2121 1039 2146 ras.
1064 2111 1106 2145 in
1129 2110 1165 2144 B
1242 2115 1262 2145 2
1287 2111 1460 2156 purgato-
1503 2130 1506 2132 v

136 2169 196 2206 ne
222 2156 269 2192 P'
366 2161 386 2192 3
411 2168 458 2202 po
474 2157 574 2191 htme
598 2157 634 2191 B
729 2161 749 2192 9
775 2157 894 2192 facere
918 2155 968 2191 P'
1065 2159 1108 2190 10
1133 2157 1182 2192 ad
1207 2157 1351 2201 politlel
1375 2158 1460 2193 add.
1496 2190 1499 2191 ⁷

139 2224 147 2231 ·
162 2216 178 2238 s
194 2224 201 2230 ·
216 2204 305 2248 gn‘s
332 2204 352 2240 b
452 2202 648 2248 prudentia
671 2203 715 2244 P,
740 2204 916 2247 pudent1a
941 2204 977 2238 B
1078 2206 1120 2237 12
1145 2204 1244 2238 recte
1269 2203 1306 2236 P
1398 2203 1459 2238 uel
1498 2203 1500 2207 ’

137 2261 203 2286 om.
230 2247 278 2284 P‘
353 2253 395 2284 13
420 2249 569 2285 arbitris
591 2249 627 2283 P
699 2253 740 2284 16
765 2249 936 2284 tollerare
961 2246 1006 2284 B'
1082 2252 1125 2282 18
1143 2249 1392 2284 tollerantiam
1411 2247 1458 2284 B'
1498 2287 1500 2290 ,

138 2299 183 2331 19
210 2297 383 2341 appetere
405 2296 441 2331 B
512 2299 555 2331 25
582 2295 712 2331 amima
737 2295 783 2331 B'
855 2299 899 2331 27
923 2297 1046 2331 roctor
1071 2292 1120 2329 P'
