1526 2444
586 73 693 110 X1111
719 77 809 109 1—8
1318 69 1372 111 71

26 190 104 232 dus
144 191 227 244 est,
264 200 388 242 quem
426 183 615 240 peragit,
653 182 752 225 dum
792 181 845 224 ad
876 180 920 223 id
952 180 1122 236 signum
1155 193 1199 222 se
1232 179 1373 221 denuo

25 248 168 301 uertit,
199 261 250 288 ex
281 259 364 301 quo
394 243 611 299 digressus
637 244 715 296 est,
746 241 858 283 unde
885 254 1023 282 annus
1048 241 1220 282 uertens
1246 252 1374 280 uoca-

24 311 96 348 tur
128 309 171 348 et
200 305 386 347 habetur
416 315 611 358 magnus,
643 315 740 343 cum
765 301 892 342 lunae
919 313 1054 341 annus
1081 298 1226 340 breuis
1251 299 1373 353 pute-

25 369 106 408 tur.
167 364 320 406 horum
353 362 571 417 Vergilius
601 362 830 415 utrumque
851 358 1111 414 ,complexus
1145 359 1211 400 est
1387 368 1415 410 5

0 454 9 491 ὲ
143 447 305 489 interea
336 457 542 500 magnum
575 443 639 485 sol
670 442 1022 485 circumuoluitur
1054 455 1225 483 annum.

25 529 126 573 hinc
158 531 200 571 et
230 528 403 571 ATEIVS
436 526 612 570 CAPITO
649 539 832 567 annum
866 539 891 566 a
922 523 1142 566 circuitu
1179 526 1374 578 tempo·

24 589 97 632 ris
133 591 281 644 putat
321 587 530 641 dictum,
569 585 686 640 quia
723 587 927 626 ueteres
968 594 1031 624 AN
1067 597 1158 637 pro
1200 593 1376 625 CIRCVM

25 661 213 704 ponere
241 646 498 700 solebant,
516 646 565 686 ut
580 643 710 687 CATO
730 643 776 684 in
793 642 1085 685 ORIGINIBVS:
1111 644 1373 684 oratorum

26 721 87 749 an
122 706 411 760 terminum,
454 704 498 745 id
535 707 601 745 est
638 702 823 744 circum
861 700 1155 754 terminum,
1193 703 1236 742 et
1273 715 1373 742 am-

0 765 135 818 ›bire
161 765 316 807 dicitur
340 778 418 819 pro
445 761 724 805 circumire.
767 759 902 801 Iulius
923 773 1025 815 ergo
1047 758 1206 802 Caesar
1225 759 1371 802 decem
1386 772 1413 813 6

26 824 116 866 dies
149 822 444 866 obseruationi
474 821 610 863 ueteri
642 833 771 875 super
802 818 976 874 adiecit,
1015 821 1063 860 ut
1096 833 1256 860 annum
1287 822 1372 860 tre-

25 883 138 926 centi
168 883 394 938 sexaginta
425 881 611 936 quinque
642 879 745 932 dies,
777 878 932 933 quibus
959 878 1024 920 sol
1048 878 1207 920 lustrat
1232 877 1374 920 zodia-

24 957 134 997 cum,
153 942 381 995 efficerent,
402 944 444 982 et
462 954 516 981 ne
537 939 752 994 quadrans
772 937 952 991 deesset,
973 937 1139 992 statuit,
1158 940 1207 979 ut
1221 940 1374 992 quarto

25 1015 191 1057 quoque
235 1014 348 1042 anno
388 998 651 1053 sacerdotes,
695 997 768 1052 qui
812 996 1022 1039 curabant
1063 996 1285 1039 mensibus
1325 1010 1375 1038 ac

0 1060 190 1116 sdiebus,
220 1074 352 1101 unum
376 1058 682 1100 intercalarent:
713 1056 839 1112 diem,
871 1070 920 1098 eo
955 1055 1121 1097 scilicet
1150 1069 1298 1097 mense
1325 1070 1375 1097 ac

25 1119 139 1175 loco,
176 1133 260 1175 quo
299 1118 428 1160 etiam
466 1116 578 1172 apud
615 1118 780 1158 ueteres
819 1114 982 1156 mensis
1020 1115 1373 1169 intercalabatur,

25 1178 70 1220 id
113 1180 180 1220 est
223 1179 321 1219 ante
366 1176 552 1232 quinque
591 1175 770 1217 ultimos
807 1173 1029 1216 Februarii
1067 1174 1228 1216 mensis
1270 1173 1373 1228 dies,

27 1237 154 1292 idque
190 1236 476 1278 bissextum
515 1234 680 1277 censuit
717 1233 1041 1276 nominandum.
1104 1233 1193 1275 dies
1227 1234 1414 1276 autem'l'

28 1296 191 1349 decem,
228 1309 333 1350 quos
372 1295 426 1336 ab
459 1308 507 1336 eo
542 1293 711 1335 additos
744 1291 946 1346 diximus,
984 1293 1066 1334 hae
1098 1292 1374 1335 ordinatione

0 1354 263 1396 idistribuit.
324 1354 370 1395 in
400 1352 652 1394 Ianuarium
690 1353 734 1393 et
772 1349 978 1392 Sextilem
1016 1353 1059 1392 et
1094 1350 1375 1394 Decembrem

28 1414 153 1456 binos
179 1413 268 1455 dies
295 1411 488 1463 inseruit,
519 1412 565 1452 in
589 1410 785 1466 Aprilem
811 1412 955 1452 autem
980 1408 1152 1452 Iunium
1179 1409 1375 1465 Septem-

27 1472 150 1514 brem
169 1471 460 1514 Nouembrem
488 1470 695 1526 singulos,
720 1469 793 1510 sed
817 1483 955 1524 neque
981 1469 1119 1510 mensi
1140 1468 1374 1511 Februario

29 1531 192 1573 addidit
228 1530 359 1584 diem,
396 1544 450 1571 ne
488 1529 614 1571 deum
651 1527 835 1570 inferum
871 1528 1023 1583 religio
1061 1527 1375 1583 immutaretur,

29 1592 72 1632 et
108 1589 264 1632 Martio
307 1588 422 1631 Maio
464 1587 648 1637 Quintili
685 1586 864 1629 Octobri
908 1586 1100 1629 seruauit
1141 1587 1375 1642 pristinum

0 1651 203 1703 sstatum,
235 1648 348 1703 quod
380 1647 487 1690 satis
518 1647 646 1702 pleno
680 1648 803 1688 erant
826 1660 1017 1701 numero,
1049 1646 1091 1687 id
1118 1649 1183 1688 est
1209 1646 1375 1688 dierum

0 1741 1 1744 η
29 1708 298 1764 singulorum
323 1707 683 1761 tricenorumque.
731 1705 827 1747 ideo
854 1707 896 1746 et
922 1705 1187 1760 septimanas
1209 1705 1416 1750 habent8

122 1834 143 1866 5
168 1831 259 1866 Aen.
285 1828 336 1863 III
363 1831 432 1864 284
508 1831 528 1862 8
553 1839 588 1872 p.
610 1830 666 1872 30,
694 1831 715 1863 8
741 1826 876 1862 Iordan

0 1847 1 1870 κ

0 1871 1 1888 l

0 1889 2 1976 Ι
124 1946 143 1976 1
169 1941 210 1978 id.
234 1943 276 1977 in
299 1951 373 1977 ras.
398 1941 440 1976 in
466 1940 500 1975 B
585 1944 605 1975 3
631 1940 838 1975 habe*tur
862 1940 900 1975 P
970 1944 991 1975 4
1016 1940 1199 1986 uerglhus
1221 1941 1272 1976 P:
1298 1953 1377 1976 uir-

0 1978 2 2030 l
28 1989 141 2037 gilius
161 1991 196 2034 b,
220 1988 412 2034 uirg1hum
438 1988 474 2023 Β
555 1990 575 2021 5
602 1998 740 2023 annum
766 1988 820 2022 B:
848 1989 974 2023 orbem
1000 1987 1038 2022 P
1114 1993 1134 2023 6
1161 1988 1200 2024 et
1224 1987 1272 2023 ab
1300 1989 1381 2024 eius

0 2031 3 2081 l
27 2038 66 2074 P
85 2036 280 2073 aszattemr
293 2036 340 2079 B,
366 2035 397 2070 ὣ
421 2035 468 2070 ab
495 2034 575 2069 elus
590 2035 610 2069 b
695 2036 821 2080 capito
842 2035 896 2070 B:
923 2036 1046 2081 capite
1067 2035 1127 2071 bP
1196 2039 1217 2071 8
1237 2047 1376 2081 ponere

28 2084 249 2120 consuerunt
271 2083 337 2128 (P)
416 2082 541 2117 orator
566 2082 603 2117 P
678 2085 698 2116 9
725 2093 785 2117 am
810 2082 860 2117 P'
938 2086 981 2118 10
1008 2093 1097 2127 ergo
1123 2083 1176 2117 B:
1202 2084 1319 2128 igitur
1341 2084 1378 2118 P

30 2135 74 2168 11
98 2132 249 2167 tricentl
273 2131 310 2166 Β
414 2133 457 2164 12
484 2128 676 2165 zodiacum
700 2129 835 2164 lustrat
858 2130 896 2165 P
990 2134 1033 2165 13
1060 2131 1102 2165 ut
1125 2141 1172 2166 ne
1198 2130 1235 2165 B
1332 2134 1375 2166 15

28 2178 161 2215 diebus
174 2187 414 2215 *******
434 2189 548 2212 unum
577 2176 614 2211 P
707 2187 787 2212 *eo
817 2178 854 2211 P
950 2181 993 2212 16
1019 2177 1318 2213 mterkalabatur
1343 2179 1381 2213 P

29 2229 73 2262 17
97 2225 272 2271 febroariJ
296 2226 332 2260 P
390 2223 533 2259 menses
546 2223 593 2259 B'
657 2227 702 2259 22
728 2224 759 2259 85
777 2225 1018 2260 nouembrem
1038 2225 1058 2260 b
1120 2225 1308 2261 febroario
1327 2223 1373 2260 B'

29 2277 76 2308 23
101 2274 210 2309 deum
222 2272 353 2355 gisem
379 2272 427 2315 B,
453 2271 522 2307 deo
547 2271 667 2306 infero
694 2272 714 2307 b
800 2273 1007 2308 mutaretur
1031 2269 1081 2307 P'
1169 2276 1214 2307 26
1239 2273 1378 2308 tneen·

29 2331 196 2365 norumq.
