1526 2444
581 72 720 108 XVIIII
745 75 885 108 26—30
1327 71 1413 114 337

65 184 220 224 νίσθαι
244 180 317 224 καὶ
344 183 494 236 ζεῦγος
519 181 672 237 ὀρικὸν
695 180 1007 236 ἐλαυνόμενον,
1033 181 1095 222 ἔτι
1116 177 1165 222 δὲ
1183 179 1412 236 φορβάδας

67 239 368 295 ἐναλλομένας.
412 240 542 295 ὅρκος
569 239 621 282 δέ
644 239 762 282 ἐστιν
787 246 878 290 τοῖς
898 240 1184 290 Σικελιώταις
1208 238 1410 294 μέγιστος
1425 240 1482 283 28

65 298 386 355 καθηραμένων
440 306 529 341 τῶν
583 297 940 355 προκληθέντων.
1018 298 1066 340 oc
1119 295 1167 340 δὲ
1222 297 1410 354 ὁρκωταὶ

67 358 340 414 γραμμάτιον
369 359 541 414 ἔχοντες
566 357 859 414 ἆγορεύουσιν
884 364 976 407 τοῖς
1001 355 1287 412 ὁρκουμένοις
1311 356 1411 413 περὶ

33 435 50 461 5
70 413 132 458 ὧν
163 415 219 459 ἂν
243 414 460 472 χρῄζωσιν
485 419 588 467 τοὺς
613 417 790 473 ὅρκους·
822 417 844 459 ὁ
872 414 921 458 δὲ
947 416 1215 472 ὁρκούμενος
1239 417 1411 458 θαλλὸν

66 476 339 530 κραδαίνων,
372 474 630 531 ἐστεμμένος
661 476 850 527 ἄζωστος
879 473 952 517 καὶ
984 477 1242 531 μονοχίτων.
1277 474 1410 530 ἐφαπ-

66 536 249 588 τόμενος
283 540 362 576 τοῦ
392 541 606 590 κρατῆρος
637 533 679 585 ἐξ
711 535 935 590 ὑποβολῆς
965 535 1124 576 δίεισιν
1155 535 1233 576 τὸν
1265 533 1411 589 ὅρκον.

66 591 139 635 καὶ
180 591 235 634 ἂν
275 590 355 648 μὲν
394 593 622 649 ἐμπεδώσῃ
656 595 760 643 τοὺς
791 592 1010 648 ῥηθέντας
1041 592 1220 648 ὅρκους,
1257 591 1413 647 ἀσινὴς
1426 593 1482 636 29

66 652 241 693 ἄπεισιν
284 652 454 706 οἴκαδε,
496 652 748 708 παραβάτης
792 649 842 693 δὲ
885 652 1121 706 γενόμενος
1163 659 1253 693 τῶν
1291 655 1411 693 θεῶν

14 731 48 757 10
67 709 271 765 ἐμποδὼν
320 714 509 767 τελευτᾷ.
588 712 756 753 τούτων
806 708 854 752 δὲ
903 708 1151 764 γινομένων
1201 709 1413 764 ἐγγυητὰς

66 769 383 824 ὑπισχνοῦνται
417 771 704 823 καταστήσειν
734 776 825 818 τοῖς
858 769 1070 824 ἱερεῦσιν,
1109 767 1218 822 ἐπὴν
1249 770 1412 824 νεαρόν

66 843 107 869 τι
156 827 356 882 γένηται,
404 828 625 883 κάθαρσιν
674 827 1023 883 ὀφλισκάνουσιν
1071 833 1150 870 τοῦ
1193 825 1412 882 τεμένους.

65 885 165 941 περὶ
213 883 261 928 δὲ
297 887 374 929 τὸν
411 887 548 929 τόπον
584 892 744 929 τοῦτον
781 884 960 943 ᾤκησαν
996 884 1246 941 Παλικηνοὶ
1281 887 1412 928 πόλιν

67 944 299 1000 ἐπώνυμον
312 945 483 987 τούτων
495 952 583 988 τῶν
598 946 824 1000 δαιμόνων
834 947 1049 1000 ΙΙαλικήν.
1075 945 1180 987 haee
1188 945 1409 988 Polemon.
1425 948 1484 991 30

0 1024 48 1057 „1⁵
68 1003 140 1045 sed
178 1007 221 1045 et
256 1003 544 1047 XENAGORAS
582 1005 627 1046 in
659 1016 835 1046 TERTIA
866 1015 1086 1047 HISTORIA
1125 1019 1202 1046 sua
1240 1003 1292 1046 de
1329 1004 1413 1046 loci

2 1083 13 1117 '2
68 1062 334 1106 diuinatione
359 1063 422 1105 iba
444 1063 594 1105 scribit
612 1061 685 1105 καὶ
705 1063 752 1106 οἱ
767 1062 948 1106 Σικελοὶ
966 1068 1043 1117 τῆς
1061 1068 1140 1117 γῆς
1159 1061 1414 1119 ἀφορούσης

0 1124 5 1134 ”
67 1121 236 1163 ἔθυσαν
275 1122 565 1179 Πεδιοκράτει
601 1121 690 1165 τινὶ
726 1122 862 1178 ἥρωι,
901 1121 1226 1177 προστάξαντος
1263 1121 1413 1172 αὐτοῖς

66 1185 146 1222 τοῦ
184 1179 231 1223 ἐκ
263 1183 473 1223 Παλικῶν
510 1183 799 1237 χρηστηρίου,
836 1179 909 1223 καὶ
942 1181 1047 1236 μετὰ
1078 1181 1159 1235 τὴν
1191 1179 1413 1223 ἐπάνοδον

66 1244 141 1293 τῆς
171 1239 385 1296 εὐφορίας
414 1242 594 1291 πολλοῖς
625 1241 785 1296 δώροις
809 1242 886 1283 τὸν
911 1241 1063 1295 βωμὸν
1088 1246 1175 1282 τῶν
1203 1242 1413 1282 Παλικῶν

163 1429 180 1459 1
201 1426 388 1461 ΖΕΥΠΟΕ
408 1426 445 1461 Ρ
560 1426 849 1473 ΕῄΛΑΥΝΟΜΕΝ
883 1426 1026 1468 (deinde
1055 1430 1167 1462 uacat
1195 1427 1356 1470 spatium
1387 1429 1413 1463 2

8 1516 10 1518 v
67 1471 151 1516 litt.)
177 1473 236 1507 ΟΝ
266 1473 313 1516 P,
340 1473 621 1516 ἑεελαυνόμενον
647 1474 781 1508 lanius
895 1475 914 1506 2
943 1473 1247 1508 ΕΝΔΛΟΜΕΝΔΕ
1274 1473 1321 1517 P,
1349 1484 1412 1509 em.

66 1519 179 1564 uulqo
274 1519 466 1555 ΜΕΙΕΤΟ(
494 1520 531 1554 Ρ
613 1524 633 1555 3
659 1520 1188 1566 ΟΡΚΟΤΑΙΓΡΑΜ·ΜΑΙΠΟΝ
1215 1520 1252 1555 Ρ
1327 1521 1413 1563 ἀγο-

67 1566 1115 1650 fimus
1142 1568 1197 1648 {av
1235 1569 1414 1650 *ww

14 1693 25 1731 τ’
67 1695 236 1738 ΔΔΙΝΟΝ
263 1695 301 1730 Ρ
379 1697 621 1732 ΑΖΜΕΕΤΟΕ
649 1696 693 1741 Ρ,
719 1707 782 1732 em.
808 1695 920 1741 uulgo
1000 1696 1344 1732 ΕΦΛΓΙΤΟΜΕΝΟΕ
1369 1697 1414 1741 Ρ,

21 1743 23 1746 “
68 1752 130 1777 em.
161 1743 272 1788 uulqo
394 1747 413 1779 7
445 1744 500 1790 ἐξ]
533 1744 590 1779 ΕΖ
622 1744 660 1779 Ρ
776 1742 914 1789 ὃίειειν]
946 1743 1101 1778 ΜΕΙΕΙΜ
1130 1743 1175 1787 P,
1207 1754 1269 1779 em.
1301 1745 1413 1788 uulyo

68 1791 90 1823 8
115 1789 305 1835 ἑμπεδώεῃ
335 1790 536 1826 Prezzerus:
563 1791 829 1827 ΕΜΠΕΔΟΕΙΝ
852 1790 889 1824 Ρ
958 1790 1139 1834 ῥηθέντας
1160 1791 1289 1835 uulyo:
1319 1791 1410 1837 ΡΗΕΙ

68 1835 212 1871 ΕΝΡΟΕ
239 1837 276 1871 Ρ
351 1838 508 1873 ΔΕΙΝΗΚ
533 1838 570 1872 Ρ
647 1841 666 1871 9
692 1837 933 1873 ΠΡΔΒΑΤΗΕ
958 1836 995 1871 Ρ
1065 1841 1108 1872 10
1134 1837 1412 1873 Ε*ΜΠΟΔωΝ

70 1882 125 1923 (in
143 1894 215 1918 ras.
235 1884 311 1926 fuit
330 1885 374 1930 N)
396 1885 432 1919 P
503 1885 870 1920 ΑΔΕΤΙΝΟΜΕΝωΝ
892 1884 934 1927 Ρ,
955 1895 1018 1919 em.
1037 1885 1149 1930 uulgo
1224 1887 1266 1918 11
1293 1885 1413 1920 ΥΝΙΕ·

68 1929 346 1966 (ΧΕΝΟΥΝΤΔΙ
372 1932 417 1976 Ρ,
442 1942 505 1968 em.
531 1933 643 1978 uulqo
739 1932 786 1967 Ε·
802 1931 1140 1966 ΑΡΑΟΠΓΕΝΗΤΔΙ
1164 1931 1169 1978 Ι
1193 1932 1412 1967 ΚΔΘΑΒΟΙΝ

69 1976 199 2012 ΟΦΜΕ
238 1978 457 2014 ΚΑΝΟΥΕΙΝ
495 1979 645 2014 ΤΟΥΡΕ
683 1978 880 2014 ΜΕΝΟΥΕΙ
918 1978 1012 2013 ΤΕΡΙ
1051 1978 1214 2024 ΔΕἈΕΟΝ
1252 1980 1412 2014 ΤΟΠΟΝ

68 2023 251 2059 ΤΟΥΡΟΝ
285 2025 475 2061 ΜΚΕΙΕΑΝ
507 2026 743 2061 ΠΑΛΙΚΕΙΝΟ
768 2025 813 2069 Ρ,
845 2026 899 2060 in·
915 2026 1048 2070 quibus
1076 2026 1212 2070 νεαρόν
1242 2037 1278 2060 τι
1303 2027 1414 2072 uulyo

0 2085 2 2095 ι
70 2070 117 2115 (δ’
143 2071 214 2114 ἄρα
238 2083 272 2106 τι
292 2071 491 2118 Sauppius,
517 2074 702 2117 ἐπάρατόν
726 2084 762 2108 τι
783 2072 946 2116 lanius),
972 2073 1145 2117 κάθαρειν
1165 2073 1289 2118 uulyo,
1313 2074 1415 2116 τεμέ-

0 2133 2 2168 j
69 2127 157 2152 vouc
183 2118 220 2153 Ο.
249 2118 296 2154 F.
323 2119 569 2165 Hermannus,
594 2119 801 2163 Παλικηνοί
829 2118 874 2154 G.
900 2119 1140 2155 Her-marmus
1231 2122 1276 2154 14
1301 2121 1413 2155 Παλι-
1463 2128 1471 2134 ⁴

0 2171 1 2176 ¹
71 2163 139 2207 κήν
165 2163 375 2202 Olane-rius:
400 2167 668 2203 ΠΑΛΙΚΕΙΝΗΝ
698 2167 735 2201 Ρ
821 2166 1023 2211 polnemon
1049 2167 1086 2202 P
1173 2169 1217 2202 15
1242 2166 1305 2202 sed
1331 2177 1414 2202 exa-

4 2214 7 2255 [
70 2212 279 2257 naxagoraf
298 2213 334 2248 R
397 2217 440 2249 16
461 2216 520 2249 καὶ
540 2215 576 2250 οἱ
601 2235 643 2240 ——
671 2218 754 2258 338,
775 2218 793 2248 1
810 2214 1012 2257 ἐνέπληεαν
1034 2224 1100 2251 om.
1120 2213 1158 2249 R
1219 2217 1261 2249 17
1283 2214 1414 2248 ἔθυσαν

5 2262 7 2264 ’
71 2257 198 2303 uulyo:
224 2260 400 2295 ΘΕΥΕΑΝ
429 2261 466 2296 Ρ
581 2260 903 2297 ΠΕΔΕΙΟΚΡΑΤΕΙ
930 2259 967 2295 Ρ
1086 2263 1129 2295 18
1153 2261 1351 2296 ΠΑΛΙΚΟΝ
1382 2261 1420 2296 Ρ

75 2307 117 2338 19
143 2305 338 2343 ΕΙΦΟΡΙΑΕ
363 2307 400 2343 Ρ
467 2308 560 2355 τῶν]
585 2309 676 2344 ΤΟΝ
703 2308 740 2343 Ρ

142 2370 331 2398 anomvs
1087 2369 1131 2400 22
