1526 2444
146 60 242 117 '538
454 74 601 115 coMM,
627 75 678 110 IN
704 74 845 110 sOMN.
872 74 982 111 soff.
1007 75 1137 111 mem
1161 77 1178 111 1

11 193 22 208 ’
158 182 208 224 de
251 182 415 223 animae
458 181 596 222 reditu
634 181 989 239 antionibus
1026 182 1159 224 fertur
1195 183 1239 224 in
1269 182 1348 224 hac
1385 183 1474 225 uita

158 239 447 294 delinquentes
480 239 639 280 similes
671 253 761 280 esse
793 253 918 294 super
949 240 1124 294 aequale
1156 241 1293 282 solum
1324 241 1474 283 caden-

157 297 290 351 tibus,
328 296 481 350 quibus
520 296 653 338 denuo
691 297 781 338 sine
818 297 1068 339 difficultate
1099 301 1268 352 praesto
1300 299 1357 340 sit
1387 313 1474 340 sur-

129 402 132 406 ,
158 368 274 409 gere3
301 354 462 395 animas
488 368 588 396 uero
613 368 664 395 ex
687 354 768 396 hac
792 355 882 396 uita
906 369 1000 396 cum
1019 356 1263 398 delictorum
1283 355 1475 398 sordibus

157 413 399 454 recedentes
441 412 681 466 aequandas
717 412 800 465 his,
844 413 917 467 qui
953 413 997 453 in
1034 414 1261 468 abruptum
1299 428 1349 455 ex
1386 414 1474 456 alto
1510 426 1526 452 ε

156 470 463 524 praecipitique
495 470 655 524 delapsi
687 470 782 524 sint,
813 470 922 511 unde
953 484 1184 525 numquam
1214 471 1394 514 facultas
1426 471 1476 513 fit

158 528 417 582 resurgendi.
466 527 559 569 ideo
586 541 686 583 ergo
712 527 915 569 utendum
940 529 1149 570 concessis
1174 530 1288 570 uitae
1316 529 1476 584 spatiis,

88 585 143 626 17
159 587 207 626 ut
255 586 310 626 sit
357 585 567 640 perfectae
614 586 881 639 purgationis
924 586 1059 628 maior
1100 587 1292 628 facultas.
1363 600 1476 641 ergo,

159 643 345 697 inquies,
382 643 454 698 qui
491 643 577 684 iam
613 643 798 697 perfecte
834 646 1039 699 purgatus
1074 646 1155 697 est,
1192 658 1363 686 manum
1395 644 1477 686 sibi

159 701 286 742 debet
315 700 489 755 inferre,
524 715 618 742 cum
649 715 733 742 non
766 702 822 742 sit
853 702 891 742 ei
921 716 1048 743 causa
1078 702 1340 757 remanendi,
1377 702 1476 756 quia
1495 714 1526 740 ιο

158 758 395 813 profectum
439 759 615 800 ulterius
657 773 743 800 non
784 759 961 813 requirit
1002 760 1074 814 qui
1110 760 1163 801 ad
1200 774 1350 814 supera
1386 774 1477 813 per-

161 817 286 858 uenit.
359 816 431 858 sed
479 816 560 858 11οο
604 817 718 870 ipso,
767 831 849 871 quo
892 817 974 858 sibi
1015 818 1192 858 celerem
1233 818 1361 858 finem
1405 831 1478 871 spe

159 873 359 916 fruendae
389 874 604 915 beatitatis
636 874 827 929 accersit,
856 874 1055 916 inretitur
1079 875 1229 928 laqueo
1255 875 1478 928 passionis,

159 932 259 985 quia
295 946 390 985 spes
423 932 530 974 sicut
559 932 688 973 timor
716 933 858 985 passio
892 935 973 986 est,
1011 933 1081 973 sed
1114 936 1155 973 et
1185 935 1340 987 cetera,
1371 946 1478 987 quae

91 990 144 1032 18
161 989 352 1043 superior
387 989 497 1031 ratio
535 989 750 1044 disseruit,
791 990 981 1031 incurrit.
1047 994 1088 1031 et
1122 990 1203 1032 hoc
1240 993 1320 1043 est,
1365 990 1478 1044 quod
1497 1001 1526 1028 15

157 1047 314 1088 Paulus
352 1047 485 1088 filiurn
523 1062 595 1101 spe
631 1047 745 1088 uitae
783 1048 958 1089 uerioris
995 1047 1047 1088 ad
1079 1062 1123 1089 se
1154 1048 1296 1089 uenire
1327 1062 1478 1102 prope-

157 1108 323 1146 rantem
348 1104 546 1159 prohibet
571 1119 618 1146 ac
644 1106 821 1159 repellit,
846 1119 899 1146 ne
925 1105 1172 1147 festinatum
1199 1105 1477 1147 absolutionis

158 1163 501 1217 ascensionisque
522 1162 776 1204 desiderium
796 1163 934 1217 magis
955 1177 1050 1204 eum
1069 1163 1149 1204 hac
1168 1163 1262 1217 ipsa
1280 1163 1477 1218 passione

157 1220 318 1262 uinciat
348 1235 395 1262 ac
426 1221 625 1262 retardet.
684 1235 762 1262 nec
793 1220 912 1274 dicit,
945 1221 1066 1275 quod,
1097 1220 1180 1262 nisi
1212 1235 1326 1262 mors
1357 1223 1477 1262 natu-

157 1279 258 1319 ralis
291 1278 521 1327 aduenerit,
552 1278 684 1319 emori
712 1293 797 1319 non
820 1278 991 1333 poteris,
1023 1278 1096 1319 sed
1120 1278 1202 1319 huc
1226 1279 1368 1319 uenire
1393 1292 1480 1320 non
1497 1289 1526 1316 20

92 1337 145 1378 19
162 1336 331 1390 poteris.
391 1336 491 1377 nisi
529 1336 657 1377 enim
690 1350 797 1377 cum
827 1336 945 1377 deus
977 1336 1116 1390 inquit
1146 1336 1264 1378 istis
1296 1338 1344 1377 te
1375 1350 1480 1378 cor—

157 1394 298 1449 poris
353 1393 600 1436 custodiis
655 1394 973 1446 liberauerit‚
1026 1394 1120 1436 huc
1166 1394 1262 1435 tibi
1314 1393 1479 1436 aditus

157 1454 332 1505 patere
368 1466 465 1494 non
501 1454 691 1506 potest,
728 1452 827 1506 quia
864 1452 944 1494 scit
973 1451 1058 1493 iam
1088 1453 1280 1505 receptus
1310 1451 1356 1492 in
1386 1465 1478 1493 cae-

157 1510 258 1564 lum,
289 1509 372 1550 nisi
402 1509 614 1563 perfectae
638 1510 816 1563 puritati
841 1509 1036 1551 caelestis
1060 1509 1291 1550 habitaculi
1317 1508 1479 1550 aditum

156 1581 243 1609 non
274 1570 428 1621 patere.
489 1568 582 1622 pari
617 1570 758 1609 autem
789 1568 1028 1609 constantia
1057 1581 1167 1608 mors
1197 1581 1274 1608 nec
1304 1566 1476 1608 ueniens
1497 1575 1526 1614 2³,

157 1639 233 1680 per
257 1627 456 1667 naturam
481 1625 669 1666 timenda
696 1627 771 1679 est,
802 1639 879 1667 nec
905 1627 1050 1667 contra
1077 1624 1267 1666 ordinem
1292 1624 1482 1679 cogenda
1523 1668 1526 1687 1

87 1683 146 1725 20
158 1685 347 1725 naturae.
415 1698 466 1724 ex
508 1683 594 1737 his,
637 1697 743 1737 quae
779 1682 1002 1725 Platonem
1039 1695 1228 1737 quaeque
1263 1681 1480 1723 Plotinum
1522 1718 1526 1737 ,

159 1741 208 1782 de
240 1741 482 1783 uoluntaria
512 1743 648 1783 morte
678 1741 975 1795 pronuntiasse
1005 1740 1267 1791 rettulimus,
1298 1740 1405 1781 nihil
1435 1740 1480 1781 in
1522 1749 1526 1783 ὲ

157 1799 299 1840 uerbis
349 1798 581 1853 Ciceronis,
629 1798 780 1853 quibus
829 1799 939 1840 hanc
987 1798 1196 1852 prohibet,
1245 1797 1480 1840 remanebit
1521 1785 1526 1820 ³

80 1858 103 1895 f
157 1857 394 1898 obscurum.

55 1907 58 1908 γ
88 1936 217 1979 XIIII
278 1937 361 1979 Sed
402 1937 476 1979 illa
518 1937 664 1988 uerba,
707 1951 813 1992 quae
855 1938 1024 1991 praeter
1064 1936 1146 1978 1100
1188 1938 1286 1978 sunt
1322 1937 1480 1978 inserta

159 1997 412 2049 repetamus.
473 1995 703 2037 homines
741 1995 870 2037 enim
908 1997 1024 2037 sunt
1058 1994 1151 2036 hac
1186 1994 1298 2056 1οΞἓο
1330 2007 1480 2048 gene-

157 2053 274 2104 rati,
330 2053 414 2107 qui
461 2055 726 2094 tuerentur
773 2052 916 2094 illum
965 2052 1191 2107 globum,
1239 2065 1380 2106 quem
1427 2052 1481 2093 in

252 2181 272 2212 6
297 2178 378 2212 sunt
403 2177 449 2212 P'
553 2153 736 2212 facultzssfit
762 2177 798 2211 P
898 2181 940 2211 10
965 2163 1047 2212 cgm
1071 2175 1108 2211 P
1198 2179 1239 2211 11
1267 2176 1423 2221 supera*
1447 2176 1484 2211 P

160 2229 203 2259 13
228 2223 372 2259 arcessit
396 2224 432 2258 P
537 2227 579 2258 18
603 2223 750 2268 palione
775 2222 823 2258 P'
925 2226 969 2257 21
994 2222 1123 2267 mqmd
1147 2221 1195 2258 P'
1291 2226 1335 2258 23
1359 2222 1406 2257 sit
1429 2218 1476 2257 P'

158 2274 203 2305 28
227 2270 437 2314 rettulimus
459 2271 495 2305 P
