1526 2444
144 74 200 116 56
663 74 760 110 SAT.
786 74 912 111 LIBRI
937 77 953 112 I

143 180 278 222 uisset
313 182 585 234 percontatus
623 182 704 234 est,
736 180 865 223 ‘noui'
896 182 1034 237 inquit
1070 182 1283 239 Diogenes
1314 183 1463 227 ‘homi-

143 238 268 280 nibus
293 238 439 279 liberis
463 237 699 292 imperare?
747 241 850 281 tunc
868 239 1076 282 Xeniades
1101 255 1348 295 responsum
1375 242 1463 286 eius
1488 292 1492 294 ,

145 295 375 337 demiratus
401 297 497 337 emit
518 299 556 338 et
579 296 719 338 emisit
737 311 875 351 manu,
899 298 1092 352 filiosque
1117 313 1215 341 suos
1238 299 1275 340 ei
1293 299 1464 342 tradens

146 352 319 407 ‘accipe'
349 354 489 408 inquit
520 352 691 396 ‘liberos
722 369 851 408 meos,
882 355 1033 409 quibus
1064 356 1272 411 imperes'.

75 412 133 452 44
262 410 325 452 De
356 410 586 465 Epicteto
623 414 763 453 autem
799 412 1054 467 philosopho
1086 414 1239 469 nobili,
1276 415 1388 469 quod
1426 416 1463 457 is

148 482 313 522 quoque
344 482 490 510 seruus
521 469 621 522 fuit,
657 470 864 511 recentior
901 473 967 512 est
996 472 1218 525 memoria,
1255 487 1381 527 quam
1417 475 1488 515 ut·

75 527 133 568 45
146 526 284 580 possit
323 526 437 568 inter
477 526 724 568 oblitterata
765 527 927 569 nesciri.
995 529 1112 570 cuius
1156 529 1285 571 etiam
1327 530 1377 571 de
1420 545 1465 572 se

147 584 296 638 scripti
327 584 408 626 duo
439 599 587 626 uersus
617 584 826 639 feruntur,
862 599 912 626 ex
943 586 1093 640 quibus
1131 587 1246 628 aliud
1283 588 1467 630 latenter

145 642 369 696 intellegas
400 656 485 684 non
510 642 626 684 omni
651 642 775 684 modo
807 643 870 684 dis
901 657 1049 685 exosos
1074 658 1178 698 esse,
1209 644 1281 699 qui
1311 645 1356 686 in
1385 645 1466 688 hac
1492 671 1493 674 =

144 699 236 741 uita
274 713 369 741 cum
406 713 702 742 aerumnarum
739 700 945 742 uarietate
987 702 1217 756 luctantur,
1258 702 1330 744 sed
1373 717 1464 745 esse

147 771 320 798 arcanas
359 770 527 812 causae,
571 757 623 799 ad
661 772 766 812 quas
808 772 1036 810 paucorum
1072 759 1214 814 potuit
1249 761 1466 814 peruenire

146 815 369 856 curiositas

237 896 395 944 δοῦλος
421 892 668 948 Ἐπίκτητος
697 898 887 950 γενόμην
917 895 989 938 καὶ
1020 893 1128 951 σῶμ’
1163 897 1400 954 ἀνάπηρος,

291 951 363 995 καὶ
393 954 549 1007 πενίην
572 948 685 1008 Ἶρος
714 952 786 995 καὶ
816 956 942 1008 φίλος
973 954 1227 1004 ἀθανάτοις.

76 1034 133 1075 46
264 1033 426 1087 Habes,
465 1036 513 1075 ut
558 1034 726 1088 opinor,
775 1035 987 1077 adsertum
1030 1050 1116 1077 non
1158 1050 1250 1078 esse
1294 1036 1466 1078 fastidio

149 1091 462 1146 despiciendum
494 1092 646 1133 seruile
681 1106 852 1147 nomen,
889 1107 985 1134 cum
1021 1096 1064 1134 et
1092 1093 1237 1136 Iouem
1279 1094 1495 1149 tetigerit*

148 1163 249 1191 cura
280 1149 329 1190 de
361 1163 483 1191 seruo
516 1152 558 1191 et
588 1149 746 1192 multos
783 1164 834 1191 ex
863 1150 929 1192 his
967 1150 1110 1192 fideles
1147 1151 1347 1206 prouidos
1384 1152 1470 1194 for-

147 1209 231 1261 tes,
260 1207 537 1261 philosophos
569 1207 714 1261 etiam,
751 1207 940 1250 extitisse
972 1209 1221 1250 constiterit.
1276 1223 1388 1251 nunc
1418 1209 1468 1251 de

149 1263 503 1320 Sigillaribus,
539 1279 592 1306 ne
623 1265 798 1307 ridenda
835 1280 902 1307 me
931 1266 1076 1319 potius
1108 1267 1305 1308 aestimes
1343 1281 1470 1321 quam

78 1324 134 1364 47
151 1324 298 1364 sancta
339 1322 514 1376 dixisse,
554 1323 700 1376 paucis
748 1323 1047 1365 recensendum
1091 1326 1166 1366 est.
1237 1324 1468 1367 EPICADVS

149 1379 280 1422 refert
304 1379 573 1421 Herculem
604 1380 768 1422 occiso
796 1379 1023 1435 Geryone
1054 1396 1163 1423 cum
1187 1382 1353 1424 uictor
1383 1396 1470 1436 per
1495 1382 1498 1385 “

147 1437 353 1479 Italiam
408 1440 638 1480 armenta
691 1438 938 1493 duxisset,
991 1441 1159 1494 ponte,
1213 1440 1296 1495 qui
1344 1454 1471 1482 nunc

150 1495 397 1537 sublicius
441 1495 645 1550 dicitur,
682 1496 741 1537 ad
782 1498 979 1551 tempus
1022 1497 1273 1539 instructo
1315 1497 1470 1539 homi-

148 1567 262 1594 num
307 1553 579 1595 simulacra
637 1568 726 1608 pro
775 1568 980 1596 numero
1030 1555 1295 1606 sociorum,
1347 1570 1470 1610 quos

150 1625 295 1652 casus
349 1611 782 1666 peregrinationis
839 1612 1095 1665 amiserat,
1144 1613 1195 1654 in
1253 1613 1496 1655 fluuium'

150 1668 432 1722 demisisse,
473 1671 528 1709 ut
570 1683 698 1722 aqua
740 1669 956 1710 secunda
1002 1669 1051 1710 in
1090 1684 1221 1712 mare
1261 1671 1496 1712 aduecta·

150 1740 240 1780 pro
271 1726 571 1779 corporibus
603 1726 952 1768 defunctorum
983 1727 1149 1769 ueluti
1178 1729 1365 1782 patriis
1397 1742 1468 1770 se-

245 1864 287 1896 13
314 1861 462 1897 Anthol.
488 1862 566 1897 Pal.
590 1861 657 1896 VII
682 1865 748 1898 676

245 1992 263 2022 1
290 1988 382 2023 esset
406 1992 488 2025 ante
513 2000 600 2024 nom
623 1989 705 2025 add.
732 1989 782 2024 P'
888 1993 909 2024 2
934 1990 1080 2026 *nunc
1108 1990 1144 2024 P
1239 1989 1404 2026 remades
1423 1988 1468 2026 B'

151 2034 310 2070 eiusdem
349 2035 503 2069 miratus
534 2035 571 2069 B
689 2039 710 2070 3
741 2035 831 2070 emit
867 2037 905 2070 et
934 2047 978 2071 ex
1017 2036 1131 2071 Gellio
1166 2037 1249 2072 add.
1286 2037 1470 2073 Meursius
1488 2047 1491 2072 ς

151 2084 171 2115 5
195 2080 420 2125 phclosopho
445 2079 491 2116 B'
589 2085 608 2116 7
635 2081 832 2116 obliterata
856 2082 893 2116 Β
987 2086 1008 2117 8
1033 2082 1133 2116 ahud
1156 2083 1343 2118 inductum
1367 2084 1409 2118 in
1433 2083 1470 2118 Β

151 2131 172 2162 9
192 2127 338 2163 exosum
356 2138 397 2172 p,
422 2127 549 2163 exosus
567 2131 610 2163 ut
633 2128 708 2163 uid.
734 2128 770 2162 P
859 2131 900 2162 11
922 2128 1101 2163 archanas
1115 2129 1159 2172 P,
1177 2129 1303 2164 deinde
1319 2138 1400 2165 *ια*
1418 2129 1475 2163 sas

148 2173 187 2208 B
259 2177 303 2208 13
327 2174 352 2208 Ε
376 2175 418 2208 in
441 2174 690 2209 ΕΠΙΚΤΗΤΟΕ
712 2175 753 2209 in
776 2185 848 2210 ras.
868 2176 909 2210 in
930 2174 975 2218 P,
1000 2175 1251 2210 ΘΠΙΚΤΗΤΟΕ
1269 2175 1304 2209 Β
1375 2175 1470 2211 (ΟΜ

149 2220 187 2255 Β
277 2222 321 2253 14
344 2220 381 2254 Π
404 2221 446 2255 in
469 2220 634 2256 ΠΕΝΙΗΝ
660 2221 702 2255 in
725 2231 796 2256 ras.
822 2221 863 2255 in
889 2221 926 2254 P
1017 2223 1059 2255 15
1085 2220 1254 2255 affertum
1281 2221 1340 2256 bP
1427 2223 1470 2257 16

151 2265 415 2311 dffprcxendum
439 2267 475 2301 B
547 2269 591 2302 20
615 2266 931 2303 *uecensendum
957 2266 994 2302 P
1063 2270 1106 2302 21
1131 2277 1280 2312 genone
1303 2267 1386 2302 BP
