1526 2444
169 101 256 142 644
467 101 616 139 ΟΟΜΜ.
641 102 693 137 IN
717 101 858 139 SOMN.
883 101 995 138 SCIP.
1019 101 1148 138 LIBRI
1165 101 1199 137 11

165 207 392 249 essentia
438 210 600 249 motus
644 210 720 250 est
754 208 892 263 inquit
934 222 1018 249 cur
1059 207 1310 249 interdum
1353 207 1504 262 quie-³

165 266 281 318 scit,
306 279 411 306 cum
431 265 573 306 nulla
592 265 693 307 alia
712 279 790 307 res
811 265 1229 307 contrarietatem
1248 265 1509 319 propriae

165 323 404 363 admittat
459 322 740 364 essentiae?
823 323 978 377 ignis,
1038 323 1178 364 cuius
1233 321 1508 364 essentiae

165 381 304 421 calor
339 380 494 435 inest,
530 380 695 422 calere
731 395 828 422 non
866 380 1070 435 desinit,
1107 383 1155 422 et
1192 381 1308 435 quia
1344 380 1506 438 frigi-

166 437 278 478 dum
338 437 471 479 niuis
531 438 579 479 in
636 438 860 479 essentia
921 438 1027 479 eius
1088 440 1182 491 est,
1239 452 1337 480 non
1389 438 1488 479 nisi

167 508 364 548 semper
419 495 752 550 est'frigida,
807 498 855 536 et
903 495 1068 536 anima
1114 495 1275 550 igitur
1323 495 1491 537 eadem

165 553 363 594 ratione
395 567 660 607 numquam
693 568 719 594 a
748 555 882 594 motu
914 566 1112 595 cessare
1143 552 1359 595 deberet.
1419 552 1520 594 sed

127 609 279 651 7dicat
314 611 467 661 uelim,
505 611 671 665 quando
713 625 877 652 cessare
914 611 1098 652 animam
1135 611 1382 664 suspicatur.
1450 610 1492 652 si

168 668 411 710 mouendo
455 683 505 710 se
549 668 686 723 inquit
727 670 925 710 moueat
963 670 1012 710 et
1049 682 1247 722 corPUS,
1289 681 1510 710 necesse

168 727 244 767 est
287 726 482 781 utique,
509 726 719 781 vquando
761 740 858 767 non
900 726 1091 767 moueri
1133 739 1312 780 corpus
1350 725 1486 767 uide-

167 797 294 836 mus,
320 784 535 825 animam
561 798 756 838 quoque
781 783 1142 839 intellegamus
1167 797 1266 825 non
1284 783 1487 826 moueri.

127 841 317 882 Scontra
347 841 427 883 hoc
458 842 502 883 in
533 843 732 896 promptu
762 844 827 883 est
857 841 1027 896 gemina
1051 841 1249 882 defensio.
1303 842 1488 895 primum
1507 851 1511 859 ·’

168 899 267 952 quia
314 913 399 940 non
446 899 491 940 in
538 899 618 941 hoc
667 898 988 952 deprehenditur
1036 901 1174 940 motus
1218 899 1403 954 animae,
1453 899 1507 950 si,

168 970 320 1009 corpus
371 956 571 1010 agitetur,
617 971 718 997 nam
766 958 809 997 et
856 970 951 997 cum
998 956 1118 997 nulla
1158 970 1258 1009 pars
1301 957 1506 1010 corporis*

167 1014 329 1054 moueri
366 1013 535 1055 uidetur
570 1014 617 1054 in
653 1013 841 1065 homine,
878 1016 1020 1054 tamen
1055 1014 1148 1067 ipsa
1182 1013 1383 1068 cogitatio
1415 1016 1509 1061 aut„

166 1071 212 1112 in
243 1084 506 1125 quocumque
537 1071 709 1112 animali
740 1070 908 1112 auditus
938 1071 1054 1112 uisus
1081 1070 1280 1113 odoratus
1307 1074 1348 1112 et
1373 1071 1488 1112 simi-

166 1129 244 1182 lia,
287 1129 359 1170 sed
402 1131 445 1170 et
486 1129 532 1170 in
572 1129 710 1183 quiete
745 1129 838 1182 ipsa
874 1128 1033 1183 spirare
1071 1128 1298 1182 somniare,
1340 1129 1509 1171 omnia

127 1186 273 1228 9haeo
309 1188 451 1228 motus
490 1187 656 1228 animae
693 1190 802 1228 sunt.
862 1186 1011 1227 deinde
1045 1186 1137 1240 quis
1167 1187 1308 1240 ipsum
1339 1199 1495 1241 corpus*

123 1287 135 1302 Γ
169 1244 280 1285 dicat
315 1243 536 1298 inmobile,
574 1245 702 1286 etiam
739 1245 838 1285 dum
875 1258 959 1285 non
989 1243 1155 1287 uidetur
1186 1244 1357 1299 agitari,
1395 1257 1489 1286 cum

0 1303 133 1358 'wffigssj
167 1301 428 1343 incrementa
457 1303 742 1344 membrorum
771 1304 844 1343 aut
875 1302 911 1343 si
940 1301 1026 1343 iam
1053 1302 1263 1343 crescendi
1294 1305 1411 1344 aetas
1443 1304 1486 1344 et

71 1347 143 1421 31³!
168 1362 335 1413 tempus
385 1360 581 1418 eit-cessit,
630 1375 725 1402 cum
774 1360 908 1401 saltus
958 1359 1092 1401 cordis
1136 1360 1383 1401 cessationis
1426 1359 1490 1401 in-

0 1405 59 1437 ''ffi‘
167 1417 352 1471 patiens,
395 1431 490 1458 cum
532 1417 615 1459 cibi
652 1418 847 1459 ordinata
884 1417 1063 1472 digeries
1099 1418 1285 1459 naturali
1322 1417 1505 1472 dispen-

171 1475 335 1517 satione
365 1475 474 1517 inter
505 1489 636 1517 uenas
668 1477 711 1517 et
740 1476 902 1518 uiscera
933 1489 1078 1531 sugum
1109 1475 1367 1530 ministrans,
1396 1489 1492 1518 cum

169 1533 263 1587 ipsa
299 1533 491 1575 collectio
527 1533 782 1575 fluentorum
812 1536 1061 1587 perpetuum
1093 1533 1280 1586 corporis
1310 1535 1494 1588 testetur

170 1591 410 1645 agitatum?
471 1593 513 1632 et
544 1592 683 1632 anima
713 1592 846 1646 igitur
875 1593 1046 1632 aeterno
1079 1593 1121 1631 et
1151 1605 1226 1632 suo
1257 1593 1388 1644 motu,
1418 1593 1498 1635 ses

170 1651 213 1689 et
251 1663 402 1702 corpus
434 1663 559 1703 quam
592 1649 664 1691 diu
694 1650 747 1690 ab
778 1649 900 1690 initio
933 1651 976 1690 et
1005 1663 1133 1690 eausa
1162 1651 1301 1690 motus
1333 1648 1492 1690 anima

176 1708 256 1761 tur,
288 1721 452 1760 semper
482 1710 689 1748 mouetur.
738 1706 836 1748 hinc
861 1707 995 1747 eidem
1018 1706 1152 1748 fomes
1177 1706 1348 1760 quintae
1373 1708 1459 1748 ort·
1479 1726 1495 1744 22.

102 1764 157 1805 10
172 1766 236 1806 est
267 1764 540 1818 quaestionis.
589 1765 631 1806 si
662 1764 824 1806 anima
848 1764 984 1819 inquit
1009 1764 1126 1806 aliis
1152 1777 1303 1806 causa
1327 1766 1491 1805 motu

171 1824 266 1875 est,
307 1822 419 1876 ipsa
463 1822 564 1863 sibi
606 1836 760 1864 causa
797 1825 962 1864 motus
999 1835 1108 1863 esse
1145 1836 1245 1863 non
1281 1821 1502 1876 poterit]

171 1880 286 1934 quia
334 1880 465 1920 nihil
514 1882 606 1935 est,
656 1880 786 1935 quod
836 1879 1056 1921 eiusdem
1096 1880 1168 1921 rei
1211 1881 1259 1921 et
1300 1879 1399 1921 sibi
1441 1891 1491 1920 θι-

265 2019 282 2049 1
311 2027 403 2059 quur
427 2016 463 2050 P
531 2020 551 2051 2
576 2018 838 2061 proprietatem
865 2015 911 2051 B‘
985 2020 1005 2051 3
1030 2015 1127 2060 igml'
1147 2015 1252 2051 cuius
1272 2019 1339 2050 een
1363 2016 1479 2060 (ceter

165 2073 257 2107 pars
274 2072 488 2107 uoczmary.
513 2064 628 2098 recisa
646 2063 772 2108 periit)
797 2063 881 2098 add.
906 2063 970 2097 Bm
1041 2066 1060 2097 7
1086 2066 1119 2097 et
1146 2066 1187 2096 17
1213 2061 1266 2096 set
1287 2061 1324 2096 B
1394 2065 1415 2096 9
1437 2071 1498 2103 m-

171 2108 261 2152 quid
285 2112 326 2143 ut
349 2109 426 2144 uid.
451 2106 498 2142 P'
592 2112 634 2143 10
659 2108 850 2144 mdeamus
869 2109 906 2144 B
1002 2111 1044 2143 12
1069 2106 1232 2142 dxffenfio
1256 2108 1293 2142 P
1384 2110 1428 2142 14
1458 2123 1460 2135 ε

169 2155 212 2189 in
235 2154 321 2199 pars
340 2155 381 2189 in
405 2165 476 2190 ras.
501 2155 543 2189 in
565 2155 602 2189 P
702 2158 743 2190 15
769 2155 940 2211 uideatur
964 2155 1000 2189 B
1097 2158 1138 2190 16
1162 2155 1201 2209 et
1224 2153 1283 2189 hil*
1301 2152 1434 2188 fimiha
1471 2158 1495 2202 J

170 2246 410 2328 ,ᾧ
456 2201 523 2282 ³³24
549 2211 741 2293 05²3?ss-
867 2245 1306 2292 ΡΜ
1357 2203 1420 2281 ²2²2
1450 2215 1494 2275 ·<÷

172 2305 235 2338 qul
