1526 2444
109 83 193 124 236
559 107 567 115 ·
601 85 697 122 SAT.
722 85 850 121 LIBRI
873 86 941 122 1111
1497 0 1526 155 11

385 191 526 244 prima
554 191 859 247 inter-limina,

109 262 134 289 a
164 261 292 290 causa

386 306 575 359 possedit
604 306 779 349 adulter.

39 383 96 424 23
110 387 239 428 tacite
276 400 443 440 quoque
480 389 524 428 et
560 388 681 442 quasi
717 402 793 442 per
829 388 1118 431 definitionem
1154 389 1310 444 pathos
1347 404 1431 432 mo·
1522 429 1526 437 .

109 458 208 485 uere
247 444 373 497 soler,
410 459 504 486 cum
540 459 627 498 res,
664 460 770 500 quae
807 447 1121 489 miserationem
1151 451 1312 502 mouet,
1347 462 1431 490 non
1468 461 1484 486 5
1521 448 1526 475 ἕ

108 501 491 601 ἱίἇέιὲξίὲἰὲυδᾱὶοἰὴω·
540 502 613 543 sed
661 502 784 544 datur
831 504 1040 559 intellegi,
1094 507 1141 546 ut
1188 519 1282 546 cum
1331 506 1433 547 dicit
1521 501 1526 515 ⁴

390 632 501 659 nunc
532 617 618 659 alte
649 618 802 660 uulnus
833 619 1038 661 adactum.

111 697 211 752 quid
243 698 355 739 enim
386 697 502 739 aliud
533 712 582 739 ex
612 698 694 740 hoc
725 700 1055 755 intellegendum
1086 677 1162 755 esfi,
1194 715 1320 755 quam
1351 701 1431 743 hoc
1520 743 1526 752 ,

41 758 97 799 24
111 756 244 797 altum
281 757 434 797 uulnus
471 770 563 797 esse
602 757 797 799 amitssere
833 757 995 799 filium?
1062 761 1104 799 et
1138 773 1284 800 rursus
1321 759 1429 800 idem
1452 771 1485 797 10
1520 754 1526 765 “

168 835 273 877 haec
304 836 375 877 uia
406 837 498 878 sola
527 836 611 878 fuit
640 851 723 891 qua
751 837 923 892 perdere
954 853 1112 892 posses.

112 915 184 957 sed
222 919 265 957 eb
295 916 364 958 hic
397 917 558 958 scilicet
588 917 876 972 accipiendum
908 921 989 972 est,
1025 920 1161 973 perire
1191 934 1282 961 esse
1314 920 1432 961 amit-
1510 903 1526 984 ἒ

110 976 200 1015 tzere
230 973 377 1015 filium.
438 977 480 1015 et
509 973 690 1016 Iuturna
721 990 815 1017 cum
846 977 1053 1032 queritur,
1091 978 1201 1032 quod
1233 978 1432 1019 adiuuare

109 1031 286 1074 fralzrem
316 1031 591 1086 prohibea‘cur

388 1113 643 1155 immortalis
674 1114 783 1168 ego?
1423 1142 1427 1146 .
1451 1126 1484 1152 ιε
1510 1127 1513 1130 ·

41 1195 97 1236 25
111 1193 211 1247 quid
248 1192 360 1233 enim
397 1194 614 1248 sequitur?
679 1208 766 1235 non
803 1197 867 1235 esis
901 1196 1201 1237 immortalissas
1240 1196 1286 1237 in
1316 1197 1432 1238 luctu
1508 1208 1510 1210 ·

109 1251 264 1293 uiuere.
325 1251 447 1304 haec,
483 1254 531 1293 ut
566 1252 670 1305 dixi,
705 1253 792 1293 uim
829 1252 1087 1294 definitionis
1124 1254 1298 1308 habent,
1335 1256 1378 1296 et
1407 1269 1432 1296 a

111 1311 239 1362 poeta
270 1310 485 1363 eleganter
515 1309 757 1351 inbroducta
789 1313 900 1352 sunt.
1505 1343 1507 1345 .

57 1367 95 1408 V
227 1365 335 1408 Sunt
382 1366 427 1407 in
477 1369 568 1408 arte
616 1367 828 1408 rhetorica
877 1368 930 1409 ad
978 1368 1132 1422 pathos
1176 1369 1430 1411 mouendum
1508 1402 1510 1407 .

110 1424 238 1465 etiam
274 1425 320 1466 hi
358 1425 457 1478 loci,
494 1425 567 1479 qui
598 1424 793 1466 dicuntur
824 1425 958 1467 circa
987 1440 1106 1481 rem,
1142 1429 1184 1467 et
1213 1427 1430 1468 mouendis
1450 1438 1508 1464 20'

110 1481 333 1524 affectibus
375 1483 681 1536 peropportuni
718 1485 827 1524 sunt.
893 1498 943 1525 ex
980 1484 1133 1538 quibus
1170 1485 1329 1538 primus
1367 1488 1433 1527 esfi

110 1554 135 1581 a
161 1540 358 1581 simili.
413 1540 539 1581 huius
566 1541 726 1595 species
752 1543 852 1582 sunt
875 1543 962 1582 tres
988 1542 1266 1595 exemplum
1290 1557 1432 1597 para-

108 1598 226 1639 bola
273 1598 458 1652 imago,
506 1597 665 1639 Graece
713 1598 985 1653 παράδειγμα
1025 1601 1250 1653 παραβολή
1291 1600 1431 1642 εἰκών.
1504 1614 1507 1615 ’

69 1656 164 1700 2ab
197 1656 389 1710 exemplo
420 1655 637 1710 Vergilius

169 1736 205 1777 si
236 1736 375 1789 potuit
404 1735 553 1777 Manes
584 1750 794 1777 accersere
825 1736 1016 1791 coniugis
1047 1736 1239 1791 Orpheus
1449 1748 1482 1774 2⁵

168 1793 362 1835 Threicia
392 1793 523 1834 fretus
556 1794 720 1835 cithara
751 1793 984 1848 fidibusque
1016 1795 1199 1849 canoris,

168 1851 204 1891 si
235 1850 410 1892 fratrem
439 1850 591 1892 Pollux
623 1852 785 1892 alterna
816 1854 951 1893 morte
982 1852 1176 1903 redemit,

447 1941 454 1948 .
487 1941 495 1948 .
527 1941 534 1948 .
567 1940 577 1950 .
608 1909 708 1961 quid
738 1909 904 1950 Thesea
933 1923 1152 1963 magnum,

201 2019 478 2056 sAen.x85o
527 1998 778 2057 ninxsw
828 2026 871 2056 15
891 2022 938 2058 ib.
959 2022 1026 2057 ΧΠ
1045 2027 1112 2058 882
1161 2024 1429 2061 25ib.V1119
1496 2031 1497 2034 ¹

198 2139 220 2169 4
240 2135 497 2170 diffimtionem
516 2136 553 2170 P
601 2139 622 2171 8
642 2136 812 2172 adactum
836 2137 1158 2183 Cantabriyiensz's:
1179 2139 1376 2175 adauctum
1396 2141 1433 2175 P

108 2184 150 2216 15
176 2191 244 2227 ego
270 2192 334 2216 om.
362 2182 399 2216 P
420 2182 519 2226 (add.
547 2181 866 2228 Cantabriyiensis)
923 2187 965 2219 16
997 2185 1094 2228 quod
1114 2196 1154 2228 p,
1179 2185 1279 2229 quud.
1298 2187 1334 2221 P
1385 2189 1428 2220 17
1487 2226 1492 2228 ἡ

107 2227 340 2262 diffimtmnis
354 2228 390 2262 P
435 2231 480 2263 20
499 2228 675 2265 h1*loc1*
694 2229 732 2264 P
775 2233 818 2264 23
837 2231 1098 2266 ΠΑΡΑΔΙΓΜΑ
1111 2232 1148 2266 Ρ
1192 2235 1235 2266 26
1253 2233 1383 2267 treieia
1395 2232 1432 2268 Ρ
1486 2248 1491 2270 ,·

107 2273 224 2309 fretur
231 2284 296 2309 om.
310 2272 360 2309 P'
416 2274 569 2318 cythara
581 2274 728 2321 f1dib3q.
744 2275 889 2311 canoris
897 2278 938 2312 in
954 2287 1025 2313 ras.
1039 2278 1080 2312 in
1093 2277 1130 2312 P
1173 2281 1218 2312 27
1230 2279 1378 2314 redimit
1392 2277 1430 2312 P
1483 2306 1488 2310 .
