1526 2444
166 87 249 129 338
675 89 774 126 SAT.
798 89 926 124 LIBRI
949 89 983 124 V

96 195 149 237 31
166 192 419 248 ἐνέπλησαν.
503 194 698 236 absoluta
753 197 834 248 est,
889 195 1086 248 aestimo,
1139 197 1182 236 et
1235 196 1478 238 auctoribus

165 252 329 293 idoneis
384 251 553 293 adserta
607 253 848 306 explanatio
902 251 1142 308 Vergiliani
1195 253 1301 307 loci,
1356 267 1479 308 quem

164 310 422 350 litteratores
459 309 591 351 uestri
627 323 704 352 nec
735 310 960 351 obscurum
990 312 1159 364 putant,
1196 311 1382 352 contenti
1411 312 1479 352 uel

163 367 247 421 ipsi
286 367 391 408 scire
427 367 496 408 uel
531 367 745 408 insinuare
782 367 1016 422 discipulis,
1059 367 1247 409 Palicum
1284 368 1350 409 dei
1388 382 1478 409 esse

163 424 379 465 cuiusdam
410 437 574 466 nomen.
630 425 722 479 quis
755 425 811 466 sit
842 427 984 466 autem
1015 425 1114 466 deus
1146 425 1239 479 iste,
1269 425 1338 466 uel
1367 425 1477 467 unde
1512 443 1526 470 5

164 482 219 522 sit
250 482 404 535 dictus,
437 485 528 523 tam
559 482 754 523 nesciunt
785 496 910 536 quam
941 482 1045 523 scire
1074 482 1244 536 nolunt,
1274 483 1371 537 quia
1401 497 1478 525 nec

161 539 235 580 ubi
286 542 491 594 quaerant
539 540 827 594 suspicantur,
881 539 1002 593 quasi
1050 538 1236 581 Graecae
1283 540 1477 582 lectionis

162 599 364 651 expertes.

91 675 173 718 XX
275 676 366 719 Nec
402 678 499 719 illos
536 691 684 719 uersus
721 677 1009 731 relinquemus
1043 677 1242 731 intactos,
1278 677 1348 731 qui
1379 680 1478 718 sunt

161 735 205 776 in
234 734 371 789 primo
404 734 643 789 Georgicon
1497 754 1526 779 ιο

218 815 391 856 humida
421 815 606 857 solstitia
636 817 762 869 atque
792 815 952 857 hiemes
985 817 1102 856 orate
1134 828 1302 856 serenas

220 873 449 927 agricolae,
479 873 655 914 hiberno
687 873 922 914 laetissima
951 873 1124 926 puluere
1154 872 1286 924 farra,

218 931 354 971 laetus
386 943 503 984 ager,
532 931 649 971 nullo
679 932 846 971 tantum
878 944 921 971 se
951 929 1090 984 Mysia
1121 930 1236 970 cultu

218 988 350 1029 iactat
382 990 424 1028 et
453 988 546 1042 ipsa
577 1002 674 1029 suas
706 987 913 1028 mirantur
945 986 1135 1041 Gargara
1165 1000 1334 1028 messes.

118 1069 306 1110 2sensus
331 1069 400 1109 hic
425 1083 519 1110 cum
544 1067 740 1109 uideatur
765 1067 983 1109 obscurior
1006 1067 1216 1120 pauloque
1237 1066 1472 1121 perplexius
1494 1084 1526 1111 15

159 1140 286 1180 quam
319 1128 471 1180 poetae
501 1126 625 1166 huius
657 1139 748 1167 mos
780 1126 844 1166 est
874 1125 1189 1178 pronuntiatus,
1224 1126 1315 1165 tum
1345 1124 1475 1166 habet

157 1184 201 1224 in
240 1197 283 1224 se
321 1182 736 1224 animaduertendam
773 1183 1060 1236 quaestionem
1097 1195 1147 1222 ex
1178 1181 1338 1223 Graeca
1368 1182 1475 1223 anti-

158 1241 317 1295 quitate
366 1242 620 1292 uenientem,
671 1254 777 1294 quae
824 1240 909 1281 sint
950 1240 1033 1280 ista
1075 1238 1318 1293 Gargara,
1366 1253 1472 1293 quae

116 1298 375 1352 3Vergilius
418 1312 510 1339 esse
549 1297 686 1339 uoluit
720 1297 954 1338 fertilitatis
993 1297 1214 1350 exemplar.
1281 1295 1472 1350 Gargara

157 1356 260 1397 haec
308 1356 440 1410 igitur
487 1358 585 1397 sunt
632 1355 676 1396 in
723 1354 885 1409 Mysia,
939 1368 1045 1408 quae
1095 1356 1158 1395 est
1206 1353 1472 1407 Hellesponti
1492 1372 1526 1398 20

156 1413 388 1467 prouincia.
435 1413 507 1454 sed
538 1413 792 1467 significatio
823 1412 1005 1453 nominis
1038 1414 1081 1452 et
1110 1411 1193 1453 loci
1217 1410 1371 1464 duplex
1397 1414 1472 1454 est.

155 1485 256 1512 nam
288 1473 331 1512 et
361 1485 562 1512 cacumen
592 1470 750 1511 montis
782 1469 881 1511 Idae
913 1472 955 1510 et
985 1468 1185 1523 oppidum
1217 1469 1294 1510 sub
1327 1468 1472 1510 eodem

114 1533 143 1573 4
158 1530 302 1570 monte
326 1528 408 1570 hoc
432 1528 600 1570 nomine
622 1530 838 1570 uocantur.
880 1526 1101 1569 HOMERVS
1122 1526 1472 1582 significationem

157 1586 386 1627 cacuminis
417 1586 480 1627 ita
509 1586 628 1639 ponit

204 1665 330 1720 Ἴδην
362 1664 400 1707 δ’
431 1667 579 1708 ἵκανεν
609 1667 882 1708 πολυπίδακα
912 1663 1070 1719 μητέρα
1100 1667 1252 1719 θηρῶν
1490 1680 1525 1706 25

213 1724 453 1778 Γάργαρον.

154 1804 222 1845 hic
269 1803 506 1858 Gargarum
552 1818 627 1858 pro
672 1803 957 1845 excelsissimo
1002 1802 1159 1844 montis
1201 1802 1294 1844 loco
1338 1803 1471 1857 accipi

248 1937 288 1967 11
316 1933 426 1977 Verg.
451 1933 581 1978 Georg.
606 1934 623 1968 Ι
649 1937 715 1969 100
787 1937 830 1968 25
855 1933 962 1969 Hom.
987 1933 1028 1967 Il.
1053 1934 1082 1967 Θ
1107 1936 1151 1967 47

246 2092 263 2123 1
291 2055 527 2123 ΕΝΕΠΔΗΕΛΝ
554 2089 590 2123 Ρ
657 2092 676 2122 2
702 2089 797 2123 serta
823 2089 859 2122 P
926 2087 1111 2132 uirgiliam
1137 2087 1209 2122 PR
1278 2091 1300 2122 4
1323 2087 1469 2123 insimu-

151 2144 212 2169 are
237 2137 277 2170 ut
301 2135 376 2169 uid.
403 2132 449 2168 P'
523 2138 543 2168 5
569 2135 655 2177 qu1d
682 2134 718 2168 P
787 2137 807 2167 9
832 2133 1071 2178 relmqmmus
1091 2133 1127 2167 P
1201 2136 1243 2167 14
1267 2133 1399 2168 messes
1418 2133 1465 2168 P'
1525 2178 1526 2183 Ἰ

149 2225 194 2256 20
225 2214 329 2250 misia
355 2214 392 2249 P
471 2219 514 2250 25
539 2182 817 2250 Trosxlrrmmm
842 2214 962 2259 (prior
993 2214 1020 2248 Λ
1045 2224 1134 2249 corr.
1159 2224 1203 2249 ex
1227 2214 1267 2258 Α)
1295 2213 1331 2247 P
1422 2218 1466 2248 26
1523 2186 1526 2275 i

146 2273 261 2308 ΤΑΡΟ
286 2272 323 2306 Ρ
1524 2279 1525 2282 ’

1519 2324 1526 2444 ὲ
