1526 2444
136 89 222 131 494
432 87 581 123 COMM.
606 87 658 122 IN
684 87 824 124 SOMN.
851 87 960 123 SCIP.
985 87 1112 122 LIBRI
1135 87 1152 121 Ι
1506 0 1526 129 1

138 195 306 249 ditaque
357 193 576 235 altitudine
618 192 799 235 formam
841 193 956 247 cubi,
998 192 1108 247 quod
1156 195 1219 234 est
1269 193 1451 234 solidum
1522 241 1526 244 Α

70 252 124 294 12
139 266 308 306 corpus,
350 251 548 292 efficiunt.
614 265 663 292 ex
706 250 772 292 his
817 252 993 305 apparet
1036 251 1317 305 antiquiorem
1361 265 1451 292 esse
1518 287 1523 291 ,

137 324 359 352 numerum
385 307 601 363 superficie
627 310 670 350 et
693 308 826 362 lineis,
858 322 908 349 ex
938 308 1087 362 quibus
1112 308 1229 349 illam
1260 311 1452 349 constare

138 367 480 418 memorauimus,
528 364 759 420 formisque
808 365 1016 407 omnibus.
1093 380 1118 407 a
1164 365 1287 407 lineis
1342 366 1453 406 enim

140 424 379 466 ascenditur
415 424 466 464 ad
497 437 715 464 numerum
745 425 962 477 tamquam
994 422 1043 463 ad
1075 423 1276 483 priorem,
1312 425 1360 463 ut
1388 422 1453 463 in-
1487 431 1504 458 ⁶

138 482 368 536 tellegatur
399 496 449 522 ex
481 481 656 522 diuersis
686 480 871 521 numeris
902 480 1125 534 linearum,
1157 494 1262 534 quae
1292 479 1453 521 formae

72 542 125 584 13
139 539 418 594 geometricae
444 538 745 580 describantur.
786 538 923 591 ipsam
947 551 1047 578 uero
1075 537 1335 592 superficiem
1360 551 1453 578 cum

137 597 259 638 lineis
293 597 379 638 suis
409 596 591 650 primam
618 598 717 650 post
747 609 922 649 corpora
952 594 1133 636 diximus
1163 595 1454 648 incorpoream

139 669 228 696 esse
265 656 463 696 naturam
497 668 574 695 nec
604 656 748 695 tamen
779 652 1124 707 sequestrandam
1161 655 1333 707 propter
1362 666 1454 706 per·

140 714 313 767 petuam
339 726 432 753 cum
453 711 701 765 corporibus
729 711 986 752 societatem.
1036 723 1135 764 ergo
1161 710 1272 764 quod
1297 709 1349 750 ab
1373 709 1454 750 hac
1474 718 1526 744 102

139 784 284 811 rursus
321 769 489 822 recedit,
530 770 615 810 iam
657 782 759 822 pure
798 768 1091 822 incorporeum
1135 769 1216 821 est,
1258 780 1454 808 numeros
1523 783 1526 813 ;

140 829 280 868 autem
334 826 414 868 hac
467 826 702 881 superiores
750 826 1002 879 praecedens
1058 839 1195 866 sermo
1243 823 1457 879 patefecit,

139 885 276 938 prima
307 886 372 925 est
400 884 531 938 igitur
561 883 763 938 perfectio
794 882 1150 937 incorporalitatis
1180 882 1225 923 in
1255 881 1458 935 numeris,

79 963 81 966 ·
134 945 183 983 et
207 942 311 983 haec
336 944 411 992 est,
436 943 485 982 ut
509 941 703 995 diximus,
726 954 994 981 numerorum
1020 940 1209 982 omnium
1227 938 1455 993 plenitudo.

73 979 128 1043 14
141 1013 329 1062 seorspm
377 999 471 1052 illa,
513 1001 560 1040 ut
603 1013 730 1052 supra
777 998 1088 1052 admonuimus,
1130 997 1348 1062 plenitudo
1393 999 1458 1037 est
1477 1004 1509 1030 1⁵

141 1059 304 1111 eorum,
347 1057 417 1110 qui
458 1058 532 1097 aut
569 1070 719 1109 corpus
762 1055 949 1097 efficiant
992 1057 1066 1096 aut
1105 1055 1193 1095 uim
1237 1054 1459 1096 obtineant
1525 1051 1526 1054 ’

142 1114 424 1179 uinculorum,
460 1113 560 1155 licet
596 1113 699 1155 alias
737 1126 905 1167 quoque
945 1126 1111 1166 causas,
1154 1111 1303 1165 quibus
1345 1111 1461 1164 pleni

7 1184 28 1195 Χ
44 1172 307 1229 ,1511ι1111611
332 1171 581 1224 efficiantur,
606 1185 699 1212 esse
725 1185 810 1212 non
835 1170 1060 1224 ambigam.
1117 1169 1296 1223 qualiter
1321 1170 1461 1210 autem

38 1241 41 1246 ’
145 1229 386 1272 octonarius
411 1243 611 1270 numerus
638 1228 818 1270 solidum
850 1241 1000 1281 corpus
1033 1226 1199 1280 efficiat,
1231 1229 1327 1267 ante
1359 1226 1461 1268 satis
1523 1250 1526 1271 2

143 1287 373 1341 probatum
410 1289 487 1328 est.
546 1299 645 1340 ergo
684 1285 955 1340 singulariter
992 1298 1155 1338 quoque
1190 1284 1338 1338 plenus
1369 1283 1459 1325 iure
1477 1286 1524 1317 2⁰

145 1345 305 1386 dicetur
340 1346 511 1398 propter
542 1357 766 1397 corporeae
798 1342 1026 1384 soliditatis
1064 1341 1276 1395 effectum,
1307 1340 1379 1383 sed
1418 1343 1461 1382 et

145 1402 198 1443 ad
229 1402 366 1456 ipsam
398 1401 504 1443 caeli
528 1401 806 1455 harmoniam,
834 1400 878 1442 id
903 1402 968 1441 est
998 1399 1317 1452 concinentiam,
1347 1398 1460 1439 hunc
1519 1400 1526 1452 ἱἓ

145 1473 366 1500 numerum
407 1459 544 1513 magis
589 1461 734 1513 aptum
770 1472 862 1499 esse
904 1471 988 1499 non
1031 1457 1204 1498 dubium
1241 1459 1323 1511 est,
1365 1469 1460 1497 cum
1525 1463 1526 1466 ’

146 1517 347 1571 sphaerae
384 1517 502 1570 ipsae
540 1522 635 1557 octo
668 1516 773 1569 sint,
810 1529 916 1570 quae
951 1517 1190 1568 mouentur,
1228 1514 1277 1555 de
1309 1513 1459 1567 quibus
1522 1522 1526 1556 Ξ

78 1578 132 1619 16
148 1578 364 1616 secuturus
404 1588 540 1616 sermo
571 1573 781 1628 procedet.
841 1587 985 1614 omnes
1023 1586 1188 1626 quoque
1218 1573 1379 1625 partes,
1409 1570 1459 1612 de
1477 1577 1526 1604 2⁵³

147 1632 297 1686 quibus
329 1634 498 1674 constat
526 1632 596 1672 hic
626 1645 845 1684 numerus,
875 1631 981 1671 tales
1014 1632 1129 1684 sunt,
1159 1631 1207 1670 ut
1237 1643 1287 1670 ex
1317 1642 1461 1670 earum
1522 1656 1526 1667 2

146 1702 351 1744 compage
386 1689 604 1744 plenitudo
646 1690 855 1730 nascatur.
921 1689 987 1730 est
1029 1687 1139 1728 enim
1176 1688 1249 1728 aut
1284 1685 1334 1727 de
1380 1685 1462 1739 his,

147 1762 254 1801 quae
283 1761 417 1802 neque
442 1749 697 1802 generantur
721 1760 854 1800 neque
886 1747 1100 1800 generant,
1130 1744 1180 1785 de
1211 1743 1389 1785 monade
1421 1746 1462 1783 et
1520 1747 1526 1792 j

146 1807 321 1860 septem,
347 1819 453 1859 quae
479 1804 621 1858 qualia
646 1804 730 1846 sint
761 1818 837 1846 suo
862 1803 956 1844 loco
981 1802 1146 1856 plenius
1173 1801 1462 1855 explicabitur,
1521 1801 1526 1818 “

146 1864 218 1904 aut
249 1863 298 1903 de
336 1862 546 1915 duplicato
579 1876 645 1916 eo,
682 1861 753 1916 qui
790 1863 832 1902 et
862 1861 1086 1915 generatur
1116 1861 1158 1900 et
1193 1860 1382 1913 generat,
1418 1857 1462 1899 id
1479 1840 1526 1891 9»οᾸ

240 1934 520 2006 1—c1tiis1b1
545 1963 581 1997 Β
670 1967 690 1997 3
715 1962 863 2018 l'upflcie
888 1962 924 1997 Β
1010 1960 1079 1996 11111
1106 1960 1154 1995 Ρ’
1245 1964 1266 1994 8
1291 1956 1411 1995 dlxim'
1439 1959 1463 1993 fi
1516 1913 1526 1971 ξ

146 2010 374 2056 inlcorporea
398 2010 433 2043 Β
505 2012 524 2042 9
551 2009 783 2052 sequestrada
801 2007 847 2043 B'
921 2011 963 2042 10
988 2008 1058 2042 hac
1077 2006 1174 2042 surssi
1191 2006 1262 2040 ΡΒ
1334 2008 1376 2039 15
1395 2006 1419 2039 h
1445 2015 1464 2039 c
1518 2007 1526 2039 ’ἱ

147 2057 218 2092 esse
243 2053 288 2091 B‘
391 2059 434 2090 16
460 2055 693 2099 oportineant
718 2066 808 2091 corr.
833 2055 875 2090 in
899 2054 1089 2088 obtineant
1112 2054 1153 2087 in
1176 2052 1212 2086 Β
1319 2055 1361 2086 19
1387 2061 1406 2085 e
1435 2063 1465 2084 1-
1514 2038 1526 2082 ,ἦ

148 2103 266 2138 c1atur
290 2098 336 2135 B'
460 2101 547 2135 latls
573 2101 673 2145 (PB)
791 2104 833 2134 22
860 2110 1022 2134 armonla
1047 2099 1117 2134 ΡΒ
1234 2101 1279 2132 24
1303 2097 1464 2178 [perez-B

148 2153 192 2184 26
225 2158 327 2182 arum
359 2157 449 2183 corr.
475 2147 517 2181 i‘n
542 2147 687 2189 harum,
718 2147 844 2182 deinde
873 2147 916 2180 in
940 2155 1063 2180 earum
1088 2145 1130 2179 111
1153 2145 1190 2179 Β
1307 2146 1351 2178 27
1379 2156 1394 2177 1

147 2195 278 2229 nasca‘f
305 2195 346 2228 in
369 2204 440 2228 ras.
466 2194 507 2227 in
531 2193 567 2227 Β
638 2173 687 2227 28'
706 2193 901 2236 generatur
926 2191 972 2234 Β,
998 2191 1124 2226 deinde
1148 2200 1265 2234 neque
1288 2190 1464 2234 generant
1503 2219 1507 2222 .

148 2252 213 2276 om.
239 2240 309 2275 PB
403 2242 447 2274 29
472 2239 596 2282 qualia
620 2237 663 2274 s‘t
690 2239 726 2272 P
817 2241 861 2272 30
887 2248 928 2272 eo
954 2248 1018 2273 om.
1044 2238 1080 2271 Β
1173 2236 1393 2281 generantur
1417 2235 1465 2279 B,
1507 2234 1526 2276 ΒΞ

148 2287 274 2322 deinde
298 2285 328 2320 ὣ
351 2296 417 2320 om.
442 2285 487 2319 B'
1508 2284 1526 2325 r}

1503 2373 1526 2395 ι’·-
