1526 2444
157 57 243 98 416
648 57 745 94 sA'r.
765 58 895 93 LIBRI
919 58 988 93 VII

155 164 293 205 ferens
330 166 382 205 tu
418 164 565 205 nobis
599 164 739 218 inquit
769 165 1025 219 absoluas,
1063 178 1148 205 cur
1178 166 1226 205 et
1256 164 1312 205 de
1344 164 1474 207 albis

156 225 204 264 et
240 221 297 263 de
334 222 498 275 nigris
534 222 659 263 loris
698 221 890 264 similes
928 221 1152 264 maculae
1190 222 1475 277 gignantur.

87 281 142 322 14
273 278 380 320 Sunt
405 282 649 332 scommata,
675 294 782 334 quae
806 280 852 322 in
877 280 1095 334 superficie
1113 280 1274 321 habent
1293 280 1476 334 speciem

156 336 455 391 contumeliae,
504 336 576 379 sed
623 337 836 380 interdum
883 352 970 379 non
1017 340 1203 392 tangunt
1248 337 1477 393 audientes,

156 409 251 436 cum
283 394 440 449 eadem,
471 394 507 436 si
538 395 721 437 obnoxio
753 396 958 450 dicantur,
989 396 1221 450 exagitant,
1251 397 1299 437 ut
1329 398 1476 437 contra

156 455 267 506 sunt,
297 467 405 506 quae
430 453 611 506 speciem
635 453 772 494 laudis
797 453 966 507 habent,
992 455 1035 494 et
1059 467 1242 507 persona
1266 453 1475 495 audientis

156 510 287 552 efficit
334 510 612 552 contumeliae
661 511 798 565 plena.
874 511 923 552 de
972 525 1125 566 genere
1172 511 1311 565 priore
1359 511 1476 565 prius

89 569 143 611 15
158 568 307 610 dicam.
378 568 423 610 L.
465 565 716 620 †Quintus
764 571 936 622 praetor
983 569 1033 610 de
1081 568 1304 623 prouincia
1344 582 1478 623 nuper

155 628 390 668 reuerterat
421 627 658 679 obseruata,
689 626 800 681 quod
831 627 995 668 mireris
1020 625 1256 668 Domitiani
1279 627 1478 681 tempori-

156 685 254 739 bus,
289 686 512 739 praeturae
549 684 733 726 maxima
770 685 978 726 castitate.
1039 684 1076 725 is
1112 698 1206 726 cum
1244 697 1369 739 aeger
1405 684 1476 726 ad-

157 742 314 783 sidenti
369 742 504 784 amico
561 741 733 796 diceret,
787 742 964 796 frigidas
1017 756 1062 783 se
1110 742 1266 783 habere
1315 756 1478 796 manus,

1495 701 1526 735 lfl.

156 800 351 841 renidens
382 800 455 841 ille
487 799 547 841 ait
578 800 754 853 atquin
785 814 868 841 eas
900 800 955 841 de
985 799 1252 853 prouincia
1284 799 1477 842 calidas
1519 849 1521 851 ¹

157 858 309 912 paulo
347 860 461 899 ante
498 857 766 900 reuocasti.
825 858 921 899 risit
952 856 1131 906 Quintus
1167 857 1478 912 delectatusque

158 918 223 957 est
247 916 401 970 quippe
428 915 709 957 alienissimus
737 930 762 956 a
786 915 1022 970 suspicione
1047 915 1269 956 furtorum.
1318 918 1476 970 contra,

158 973 195 1014 si
248 973 329 1015 hoc
384 973 592 1015 diceretur
645 974 755 1015 male
804 974 883 1015 sibi
931 973 1100 1015 conscio
1149 975 1192 1014 et
1240 987 1316 1014 sua
1363 973 1478 1016 furta

90 1036 143 1077 16
159 1031 371 1084 recolenti,
396 1031 690 1073 exacerbasset
709 1031 910 1073 auditum.
953 1029 1271 1073 Critobulum
1290 1031 1479 1073 famosae

156 1089 484 1144 pulchritudinis
528 1089 840 1131 adulescentem
878 1087 1110 1130 Socrates
1153 1102 1248 1130 cum
1292 1088 1344 1129 ad
1381 1103 1478 1130 con·
1516 1111 1519 1115 ν

157 1147 424 1201 parationem
442 1147 603 1188 formae
622 1149 885 1201 prouocaret,
903 1146 1137 1200 iocabatur,
1155 1160 1241 1187 11011
1257 1146 1479 1188 inridebat.
1514 1148 1522 1200 j

158 1208 269 1247 certe
314 1205 350 1246 si
393 1205 506 1246 dicas
547 1207 935 1247 consummatarum
973 1203 1218 1245 diuitiarum
1254 1204 1346 1245 uiro
1382 1204 1479 1246 tibi
1512 1203 1522 1249 J

158 1263 322 1304 excito
355 1262 634 1304 creditores
665 1265 797 1317 tuos,
828 1264 901 1304 aut
932 1262 968 1303 si
997 1262 1125 1303 nimis
1157 1263 1273 1303 casto
1299 1264 1477 1317 gratae
1509 1311 1511 1315 ι

158 1321 256 1362 tibi
294 1323 410 1362 sunt
445 1321 756 1376 meretrices,
795 1320 914 1375 quia
939 1320 1179 1361 continua
1210 1333 1291 1361 eas
1323 1319 1504 1375 largi?

157 1380 263 1420 tate
314 1378 518 1432 ditasti,
571 1381 750 1433 uterque
798 1378 1118 1420 delectabuntur
1166 1377 1363 1432 scientes,
1410 1378 1477 1420 his
1500 1403 1504 1406 -

90 1441 141 1482 17
159 1436 281 1478 dictis
323 1451 442 1478 suam
479 1437 782 1479 conscientiam
818 1450 904 1478 non
942 1435 1122 1490 grauari.
1189 1436 1296 1477 sicut
1333 1437 1504 1478 contra

159 1496 276 1549 sunt,
319 1508 426 1549 quae
463 1495 541 1536 sub
579 1495 716 1549 specie
753 1494 890 1536 laudis
927 1494 1162 1548 exagitant,
1208 1493 1318 1534 sicut
1353 1491 1523 1547 paulo

128 1586 138 1597 .
159 1558 257 1594 ante
295 1552 429 1594 diuisi.
490 1566 589 1593 nam
628 1553 664 1594 si
700 1552 972 1594 timidissimo
1005 1551 1147 1593 dixero
1178 1550 1372 1592 Achilli
1402 1550 1480 1592 uel

158 1610 367 1652 Herculi
404 1610 756 1663 conparandus
795 1624 865 1665 es,
900 1611 974 1651 aut
1014 1609 1202 1650 famosae
1238 1608 1523 1663 iniquitatis3

158 1669 251 1710 uiro
284 1681 374 1723 ego
399 1671 448 1710 te
473 1668 695 1709 Aristidi
721 1669 772 1709 in
798 1667 1059 1722 aequitate
1084 1681 1358 1720 praepono,
1390 1666 1479 1708 sine

161 1726 289 1768 dubio
321 1726 454 1767 uerba
484 1725 651 1767 laudem
683 1726 881 1768 sonantia
905 1725 959 1767 ad
983 1726 1129 1766 notam
1155 1723 1521 1779 uituperationisv

93 1789 144 1829 18
160 1798 258 1825 suae
288 1786 467 1838 uterque
497 1786 708 1826 tracturus
741 1786 815 1825 est.
871 1783 1017 1824 eadem
1049 1785 1282 1824 scommata
1312 1782 1491 1830 eosdem
1509 1782 1515 1839 J

160 1842 285 1883 modo
327 1842 473 1883 iuuare
517 1842 642 1884 modo
680 1842 870 1884 mordere
905 1842 1086 1895 possunt
1120 1855 1197 1894 pro
1235 1840 1516 1898 diuersitate*

158 1900 445 1954 praesentium
482 1914 771 1954 personarum.
832 1902 931 1941 sunt
967 1898 1096 1953 enim,
1133 1912 1239 1953 quae
1270 1898 1306 1939 si
1338 1910 1479 1939 coram
1508 1916 1519 1952 13³

160 1957 305 1998 amicis
356 1957 594 1999 obiciantur
641 1958 783 2012 nobis,
835 1957 1019 1998 libenter
1068 1956 1210 1998 audire
1257 1956 1521 2014 possimus,fi

159 2029 290 2056 uxore
321 2029 422 2056 uero
456 2029 528 2056 seu
559 2015 807 2068 parentibus
839 2015 907 2056 uel
938 2015 1155 2069 magistris
1186 2013 1518 2069 praesentibus?

160 2072 242 2114 dici
277 2072 323 2113 in
358 2087 436 2114 nos
475 2072 644 2127 aliquod
682 2087 868 2115 scomma
901 2072 1104 2127 nolimus,
1140 2072 1223 2113 nisi
1253 2071 1364 2114 forte
1394 2070 1523 2113 tale}

158 2161 436 2165 ——ss—w--ffl
1483 2142 1526 2178 22:

160 2259 180 2291 8
195 2256 330 2292 Luemr
338 2256 374 2291 P
437 2259 479 2291 17
495 2255 760 2291 adolescentem
772 2256 808 2290 P
873 2258 914 2290 18
928 2255 1106 2291 irridebat
1120 2255 1156 2289 P
1213 2257 1258 2289 34
1269 2253 1418 2289 nolumu

254 2215 274 2245 6
298 2210 450 2255 persona
482 2210 633 2245 Iunius:
662 2209 776 2255 prona
803 2209 839 2243 P
956 2213 975 2244 7
1000 2209 1110 2253 plena
1132 2208 1283 2243 lanius:
1312 2188 1526 2287 plenas&
