1526 2444
629 32 680 69 VI
706 37 820 69 2-11
992 2 994 5 ,
1307 30 1390 73 179

45 156 350 199 censumque
377 141 446 185 sit
471 144 515 184 et
540 141 673 183 adicit
699 156 739 183 m
754 141 890 183 ultas
924 139 1061 183 circa
1087 138 1392 183 Corinthum

44 203 197 245 urbes
216 201 517 257 insulasque
530 200 789 255 proximas
808 202 979 242 terrae
999 201 1138 242 motu
1156 198 1391 253 haustas,

43 261 208 304 Delon
251 274 414 315 neque
458 263 608 302 antea
646 273 811 314 neque
851 261 1033 314 postea
1072 258 1165 300 hoc
1203 258 1392 300 incom-

2 368 5 369 ⁷
44 321 189 363 modo
216 322 451 362 uexatam
477 318 563 360 sed
589 332 786 373 semper
811 318 986 360 eodem
1018 331 1220 359 manere
1253 331 1388 360 saxo.

6 393 25 420 ⁵
46 379 350 421 TflchDmEs
382 378 514 420 etiam
539 375 870 420 HISTomARvM
902 388 1042 419 LIBRo
1074 387 1247 419 TERTIO
1277 376 1390 418 idem
1406 377 1431 419 8

45 437 179 480 docet.
240 452 328 479 non
354 436 510 479 mirum
536 449 653 491 ergo,
685 437 722 478 si
746 435 963 492 praesidio
995 435 1220 491 religionis
1250 437 1391 477 tutam

43 497 233 538 insulam
253 510 421 551 semper
441 496 673 538 ostendens
700 496 754 537 ad
779 495 1066 537 reuerentiam
1093 494 1176 536 sibi
1200 495 1391 537 locorum

44 555 276 598 accessisse
296 554 401 597 dicit
426 554 676 597 continuam
702 554 797 596 saxi
822 554 1026 608 eiusdem,
1050 553 1094 596 id
1120 555 1187 596 est
1210 553 1391 608 insulae,

43 614 306 656 firmitatem.

0 685 26 713 ιο
162 672 224 715 Vt
255 673 448 714 seruauit
473 671 688 728 Apollinis
718 670 937 714 Genitoris
968 670 1278 726 proprietatem
1309 686 1390 726 pa·
1404 672 1431 713 9

43 734 171 774 trem
233 731 446 786 meando,
510 731 623 773 idem
684 731 854 773 curauit
908 729 1141 772 Herculem
1196 730 1389 772 uocando

42 791 295 833 uictorem

380 837 503 891 haec,
533 836 692 892 inquit,
724 836 876 879 limina
907 836 1046 879 uictor

223 895 395 939 Alcides
429 896 572 937 subiit.

0 991 24 1019 15
42 977 207 1021 VARRO
245 977 517 1020 DIVINARVM
557 989 698 1021 LIBRo
737 989 925 1029 QVARTO
971 978 1218 1020 uictorem
1262 975 1386 1019 Her·
1407 980 1460 1022 10

41 1037 205 1079 culem
242 1039 369 1093 putat
406 1036 616 1091 dictum,
656 1037 787 1092 quod
826 1051 968 1079 omne
1008 1050 1167 1092 genus
1199 1037 1390 1079 anima-

40 1096 163 1138 lium
194 1096 393 1138 uicerit.
453 1095 618 1138 Romae
644 1098 789 1138 autem
813 1096 1003 1139 Victoris
1031 1095 1229 1137 Herculis
1262 1095 1388 1137 aedes

39 1155 148 1197 duae
175 1158 287 1209 sunt,
317 1169 405 1197 una
430 1155 483 1197 ad
513 1157 683 1210 portam
710 1155 1018 1210 Trigeminam,
1050 1155 1186 1196 altera
1216 1154 1262 1196 in
1292 1154 1387 1197 foro

40 1213 212 1256 Boario.
272 1214 401 1255 huius
439 1215 671 1256 commenti
711 1229 885 1256 causam
916 1214 1157 1256 MASVRIVS
1190 1213 1456 1261 SABIstll

0 1285 23 1313 ιο
40 1273 415 1315 MEMORABILIVM
439 1272 552 1315 libro
574 1284 786 1316 SECVNDO
814 1272 938 1315 aliter
965 1273 1160 1328 exponit:
1185 1272 1386 1315 Marcus

37 1332 176 1387 inquit
213 1331 459 1374 Octauius
498 1331 778 1388 Herrenus,
819 1332 984 1387 prima
1028 1331 1387 1374 adulescentia

37 1391 251 1444 tibicen,
293 1393 567 1446 postquam
611 1391 714 1433 arti
759 1405 879 1433 suae
912 1390 1125 1433 diffisus
1170 1393 1265 1446 est,
1309 1391 1385 1432 in-

37 1450 216 1492 stituit
246 1452 604 1505 mercaturam,
641 1452 691 1492 et
722 1450 846 1492 bene
878 1464 929 1491 re
961 1453 1108 1505 gesta
1139 1450 1385 1492 decimam

37 1508 249 1550 Herculi
274 1508 591 1563 profanauit.
652 1512 834 1564 postea
865 1523 973 1551 cum
1005 1508 1258 1564 nauigans
1290 1508 1386 1551 hoc

0 1567 168 1611 &idem
201 1570 396 1623 ageret,
434 1583 459 1610 a
489 1567 838 1622 praedonibus
870 1568 1253 1610 circumuentus
1284 1567 1389 1612 for-

0 1645 2 1681 5
36 1627 239 1669 tissime
264 1627 576 1682 repugnauit
602 1628 651 1668 et
682 1627 850 1669 uictor
881 1626 1111 1670 recessit.
1173 1626 1306 1669 hunc
1336 1627 1388 1668 in

0 1690 3 1722 ἰ
37 1684 228 1727 somnis
269 1683 519 1728 Hercules
565 1685 741 1728 docuit
785 1700 873 1728 sua
917 1700 1072 1741 opera
1113 1688 1386 1727 seruatum.

0 1738 117 1787 'cui
148 1743 394 1786 Octauius
437 1744 716 1799 impetrato
760 1760 785 1787 a
827 1744 1227 1800 magistratibus
1272 1744 1386 1787 loco

0 1782 208 1846 {aedem
258 1803 488 1846 sacrauit
538 1806 587 1845 et
636 1804 857 1860 signum,
900 1804 1268 1859 Victoremque
1311 1804 1385 1845 in-

0 1833 5 1914 ἒ

131 1929 151 1961 5
178 1924 345 1970 Thucyd.
371 1925 406 1959 II
431 1928 464 1969 8,
489 1928 510 1959 2
586 1928 630 1960 13
654 1924 746 1961 Aen.
773 1925 860 1960 VIII
886 1930 954 1961 362

132 2041 256 2082 lpost
278 2036 419 2072 multas
439 2036 524 2072 add.
549 2037 646 2083 'tras'
677 2037 715 2072 P
810 2037 1047 2074 chonnthum
1071 2037 1108 2073 B
1205 2041 1227 2073 ὅ
1252 2038 1386 2082 tuchy-

16 2061 141 2129 ἯιᾱεΓ
160 2085 196 2119 Β
294 2088 337 2119 11
363 2084 534 2120 uocanda
557 2082 604 2119 B'
702 2084 873 2121 uocando
898 2085 1005 2130 patre
1031 2085 1069 2120 P
1166 2089 1212 2120 13
1239 2085 1310 2120 hac
1335 2083 1383 2121 B'

24 2120 82 2168 {14
107 2131 250 2167 aloidas
263 2131 301 2167 P
377 2134 420 2167 19
447 2130 644 2166 massarius
658 2131 808 2167 albinus
822 2132 1059 2168 memoriahfi
1078 2132 1115 2168 P
1187 2135 1231 2168 21
1259 2133 1384 2168 adole-

19 2171 176 2234 &centia
201 2179 238 2214 P
305 2182 349 2214 22
376 2178 469 2215 artis
488 2177 764 2214 B'd1ffusur
782 2176 830 2214 B'
904 2183 949 2215 23
975 2191 1014 2214 re
1040 2190 1107 2216 om.
1136 2179 1174 2214 P
1238 2180 1383 2215 deonna

34 2224 179 2263 herculi
202 2237 269 2263 om.
296 2226 346 2262 P'
473 2230 520 2261 25
546 2225 820 2262 circumuentos
839 2224 887 2261 B'
1009 2230 1053 2263 27
1080 2226 1312 2264 seruaturum
1337 2224 1383 2261 B'

31 2268 84 2310 '28
107 2274 290 2320 imperato
309 2271 358 2309 P'
433 2272 675 2319 magll'tratul'
695 2278 737 2310 ut
761 2274 838 2310 uid.
858 2273 907 2310 P'
983 2278 1029 2310 29
1054 2274 1192 2310 httens
1213 2273 1337 2310 lnclsls
1351 2274 1389 2309 P

1030 2333 1101 2368 12*
