1526 2444
569 41 640 78 1111
658 45 703 79 31
729 41 763 78 V
784 45 875 78 1—'1
1315 42 1399 84 151

49 154 287 209 temperato
337 155 484 195 tamen
533 139 646 194 inter
692 150 1008 207 indulgentiam
1052 150 1400 206 grauitatemque

0 210 5 275 ’ᾖ
50 226 265 267 sermone,
307 211 602 254 moderaretur
645 210 846 265 profusos
889 210 1027 252 cultus
1064 209 1400 265 perspicuosque

2 277 5 327 ξ
50 271 290 314 comitatus.
340 270 454 312 idem
487 284 584 312 cum
617 269 670 312 ad
701 271 911 324 nepotum
943 269 1118 311 turbam
1150 268 1399 311 similitudi—

14 344 231 385 nemque
278 331 545 385 respexerat,
601 344 687 384 qua
735 328 1142 384 repraesentabatur
1191 327 1402 383 Agrippa,

7 389 246 431 dubitare
278 388 329 430 de
360 388 569 443 pudicitia
597 388 714 430 filiae
740 388 1034 430 erubescebat.
1082 386 1182 429 inde
1208 387 1399 429 blandie-
1414 388 1444 430 4

49 448 177 490 batur
208 447 291 490 sibi
317 446 540 503 Augustus
572 447 735 489 laetum
766 447 813 488 in
845 447 934 489 filia
966 446 1158 489 animum
1184 460 1320 501 usque
1346 445 1401 488 ad

0 505 5 563 1
50 507 235 562 speciem
261 507 540 562 procacitatis
567 506 640 548 sed
665 509 786 548 reatu
812 506 1009 559 liberum,
1041 508 1084 548 et
1109 505 1241 548 talem
1266 505 1401 547 fuisse

0 569 2 587 ²
50 565 163 620 apud
196 566 380 607 maiores
407 564 631 608 Claudiam
663 565 833 608 credere
867 565 1068 608 audebat.
1116 565 1263 619 itaque
1289 564 1403 606 inter

50 625 211 667 amicos
262 624 370 666 dixit
419 625 540 666 duas
589 624 776 667 habere
828 638 877 666 se
928 624 1076 666 filias
1127 623 1401 677 delicatas,

0 698 176 784 wilulas
213 697 421 726 necesse
460 683 676 725 haberet
712 682 865 737 ferre,
909 697 1012 724 rem
1049 682 1311 737 publicam
1351 684 1400 724 et

77 758 104 784 u
135 757 246 784 iam.

166 800 356 843 Venerat
394 800 447 843 ad
484 815 580 842 eum
611 799 834 842 licentiore
873 800 1035 842 uestitu
1074 801 1117 841 et
1152 799 1300 842 oculos
1334 798 1442 843 0125

47 859 242 902 fenderat
283 860 419 914 patris
456 859 651 901 tacentis,
713 860 900 902 mutauit
937 859 1078 902 cultus
1118 859 1185 900 sui
1222 860 1398 913 postera

47 919 114 961 die
145 933 322 974 morem,
353 922 395 960 et
419 919 581 960 laetum
605 920 771 985 patrem
799 918 1000 960 affectata
1025 918 1256 960 seueritate
1283 932 1399 960 com—

0 978 175 1033 “plexa
206 981 283 1020 est.
345 980 390 1019 at
421 977 512 1028 ille,
546 978 619 1032 qui
650 976 786 1031 pridie
819 978 1010 1019 dolorem
1042 992 1165 1019 suum
1199 977 1399 1019 continu-

47 1039 152 1092 crat,
184 1037 389 1092 gaudium
421 1036 639 1078 continere
671 1050 759 1078 non
790 1036 934 1091 potuit
960 1039 1003 1079 et
1034 1038 1281 1092 quantum
1314 1035 1399 1078 hic

48 1096 111 1138 ait
158 1095 208 1137 in
257 1095 372 1138 filia
415 1094 639 1152 Augusti
686 1095 1019 1150 probabilior
1068 1097 1146 1137 est
1189 1095 1397 1137 cultus‘?

47 1169 136 1197 non
161 1154 297 1196 defuit
320 1155 559 1209 patrocinio
586 1169 664 1196 suo
690 1154 799 1196 Iulia
823 1155 891 1197 his
911 1155 1056 1197 uerbis
1082 1153 1234 1196 hodie
1261 1154 1396 1196 enim

49 1229 121 1255 me
153 1213 517 1268 patris·oculis
549 1214 755 1267 ornaui,
787 1213 900 1256 heri
932 1214 1049 1256 uiri.

0 1291 32 1319 ιο
169 1271 333 1314 Notum
376 1274 420 1314 et
461 1271 579 1313 illud.
649 1275 895 1315 auerterant
938 1273 985 1314 in
1026 1287 1071 1315 se
1107 1273 1317 1328 populum
1357 1272 1443 1318 in6

51 1331 297 1386 spectaculo
336 1330 625 1386 gladiatorum
662 1331 787 1373 Liuia
825 1334 868 1374 et
898 1331 1011 1374 Iulia
1048 1332 1281 1374 comitatus
1320 1331 1403 1373 dis-

51 1389 342 1444 similitudine,
368 1390 525 1445 quippe
551 1389 826 1444 cingentibus
853 1389 1023 1432 Liuiam
1049 1390 1257 1446 grauibus
1282 1389 1404 1442 uiris,

50 1449 156 1491 haec
198 1449 435 1490 iuuentutis
480 1451 523 1490 et
564 1449 734 1504 quidem
771 1449 1016 1492 luxuriosae
1055 1463 1186 1504 grege
1224 1449 1403 1491 circum-

52 1508 292 1557 sedebatur.
361 1507 584 1549 admonuit
620 1510 746 1562 pater
783 1509 945 1564 scripto
983 1508 1202 1562 uideret,
1246 1522 1403 1562 quan-

0 1569 156 1613 nstum
201 1567 336 1608 inter
380 1566 505 1608 duas
545 1567 811 1621 principes
850 1567 1072 1609 feminas
1110 1567 1403 1610 interesset.

52 1626 272 1681 eleganter
310 1625 385 1666 illa
416 1625 639 1680 rescripsit
677 1628 726 1668 et
762 1625 815 1667 hi
851 1640 1043 1668 mecum
1076 1640 1226 1668 senes
1257 1625 1403 1668 fient.

167 1683 333 1726 Eadem
364 1683 476 1726 Iulia
508 1686 676 1726 mature
704 1685 863 1727 habere
890 1687 1090 1740 coeperat
1116 1699 1260 1737 canos,
1293 1699 1401 1740 quos
1419 1690 1443 1731 7

0 1780 3 1782 .
50 1743 191 1798 legere
224 1745 384 1785 secrete
416 1743 594 1785 solebat.
653 1743 820 1786 subitus
852 1744 1123 1786 interuentus
1155 1744 1292 1799 patris
1325 1743 1402 1785 ali-

52 1801 220 1857 quando
265 1802 481 1857 oppressit
524 1803 773 1845 ornatrices.
842 1803 1134 1845 dissimulauit
1177 1803 1402 1858 Augustus

0 1859 326 1916 indeprehensis
369 1875 496 1915 super
532 1865 696 1903 uestem
735 1876 882 1904 earum
920 1862 1056 1918 canis,
1100 1863 1144 1904 et
1179 1862 1277 1904 aliis
1315 1876 1403 1904 ser-

53 1920 250 1962 monibus
283 1922 476 1975 tempore
508 1923 701 1963 extracto
733 1921 904 1963 induxit
937 1921 1093 1964 aetatis
1125 1922 1402 1976 mentionem,

7 2018 10 2022 .
50 1978 421 2034 interrogauitque
452 1979 599 2034 filiam,
630 1981 776 2022 utrum
808 1982 909 2035 post
934 1980 1098 2036 aliquot
1127 1994 1264 2023 annos
1291 1994 1401 2022 cana

145 2098 166 2129 2
191 2093 395 2129 moder&ur
417 2095 453 2129 Β
519 2094 642 2131 cultos
654 2093 707 2131 B'
781 2100 802 2131 ὅ
828 2096 874 2131 de
893 2096 1078 2142 pudicitia
1097 2097 1150 2132 B:
1175 2096 1400 2141 pudicitiam

52 2139 90 2175 P
169 2145 189 2176 9
215 2141 251 2177 se
275 2142 413 2177 habere
440 2142 477 2177 P
557 2146 600 2178 11
627 2142 721 2178 iulia
745 2146 925 2179 uenerata
950 2144 1062 2179 deum
1087 2144 1124 2178 B
1222 2146 1266 2178 14
1291 2143 1400 2179 effec

50 2188 134 2222 tata
157 2186 203 2223 B'
269 2192 310 2224 15
338 2190 523 2225 &ticuerat
550 2190 587 2223 P
646 2194 689 2225 19
714 2190 802 2226 here
831 2191 868 2225 P
926 2195 971 2226 26
998 2190 1191 2236 eleganter
1216 2190 1246 2226 δι
1270 2190 1338 2226 illa
1363 2190 1400 2225 Β

52 2237 97 2270 2⁷
122 2246 142 2270 c
166 2237 273 2281 perat
296 2235 340 2280 P,
368 2238 520 2282 ceperat
543 2237 580 2272 B
647 2241 692 2273 29
717 2237 894 2284 augustus
914 2239 956 2275 in
980 2249 1054 2274 ras.
1079 2239 1122 2274 in
1146 2238 1183 2274 P
1252 2242 1298 2274 30
1323 2237 1404 2273 eius

53 2291 136 2317 cam
175 2282 212 2317 P
281 2286 324 2318 31
351 2284 481 2318 exacto
506 2283 544 2318 P
