1526 2444
137 91 223 133 410
625 90 727 126 SAT.
753 90 880 125 LIBRI
908 90 975 126 VII

198 203 281 238 νῦν
313 193 353 238 δ’
383 194 553 251 ἔρχεσθ’
585 195 654 238 ἐπὶ
685 197 864 238 δεῖπνον
893 197 966 237 ἵνα
998 195 1252 250 ξυνάγωμεν
1273 194 1419 250 Ἄρηα.

69 279 127 320 24
141 290 239 332 ergo
276 278 311 318 si
343 277 638 331 opportunitas
669 277 930 319 necessariae
961 277 1298 331 reprehensionis
1330 291 1461 318 emer·

141 336 259 389 serit,
305 335 364 376 sic
405 350 429 376 a
464 335 722 389 philosopho
760 335 1064 389 proficiscetur,
1112 337 1158 375 ut
1195 337 1237 376 et
1272 336 1383 377 tecta
1419 336 1461 375 et

140 392 288 434 efficax
333 392 399 434 sit.
467 393 567 446 quid
609 393 778 447 mirum,
823 394 858 434 si
893 392 1016 434 feriet
1053 393 1238 446 sapiens,
1280 394 1328 434 ut
1364 392 1461 446 dixi,

138 465 225 491 non
258 450 504 504 sentientes,
543 465 637 492 cum
667 450 877 491 interdum
908 450 968 491 sic
996 450 1291 504 reprehendat,
1323 452 1370 491 ut
1400 464 1461 491 re·
1497 465 1526 493 ⁵.

139 507 371 562 prehensus
415 508 622 549 hilaretur
660 522 736 550 nec
773 510 940 550 tantum
975 506 1130 549 fabulis
1169 508 1255 549 suis
1293 508 1363 548 sed
1401 508 1460 548 in-

139 566 502 621 terrogationibus
544 580 708 620 quoque
747 566 834 607 uim
870 565 1164 620 philosophiae
1201 565 1308 606 nihil
1344 565 1461 620 inep-

68 625 125 666 25
140 627 228 666 tum
264 623 476 678 loquentis
514 624 736 665 ostendet?
796 624 907 665 hanc
945 637 1044 678 ergo
1088 623 1228 665 nullus
1258 623 1460 665 honestus

144 684 262 723 actus
288 682 472 735 locusue,
497 684 644 723 coetus
670 682 810 723 nullus
831 681 1037 735 excludat,
1063 695 1168 735 quae
1187 681 1247 722 ita
1266 695 1310 722 se
1330 683 1461 735 aptat,

141 742 190 780 ut
231 740 387 794 ubique
427 740 487 781 sic
524 742 729 793 appareat
763 739 1018 793 necessaria,
1060 741 1278 793 tamquam
1316 739 1462 780 abesse
1481 754 1515 780 ιο

142 797 263 838 illam
294 797 414 839 nefas
444 796 599 839 fuerit'.

83 855 125 897 ΙΙ
257 855 316 896 Et
345 854 532 896 Auienus
570 854 718 896 ‘nouas
756 855 862 895 mihi
893 854 996 896 duas
1027 854 1273 908 disciplinas
1306 853 1462 895 uideris
1523 859 1526 867 ²

143 913 341 954 inducere
389 913 679 968 interrogandi
727 912 796 954 uel
845 913 973 954 etiam
1021 912 1367 966 reprehendendi,
1415 913 1463 952 ut
1522 951 1523 954 ,

141 971 339 1012 alacritas
376 971 587 1024 utrimque
618 971 704 1024 his,
742 971 793 1012 ad
824 984 928 1024 quos
960 984 1096 1012 sermo
1129 972 1212 1024 est,
1248 969 1463 1023 excitetur,

141 1043 235 1070 cum
260 1028 380 1070 dolor
405 1043 569 1082 semper
593 1028 962 1082 reprehensionem
986 1028 1055 1069 uel
1074 1028 1230 1068 iustam
1251 1030 1462 1082 sequatur,
1482 1041 1516 1068 15

142 1086 249 1128 unde
275 1086 391 1140 haec,
415 1100 521 1141 quae
542 1086 691 1127 leuiter
711 1086 908 1141 attigisti,
932 1085 1011 1139 fac,
1038 1099 1204 1140 quaeso,
1230 1085 1463 1126 enarrando

142 1143 364 1198 planiora'.

99 1204 127 1244 2
258 1201 477 1243 ‘Primum'
507 1202 647 1256 inquit
670 1201 921 1242 Eustathius
947 1200 1045 1242 ‘hoc
1068 1202 1213 1242 teneas
1238 1200 1349 1255 uolo,
1380 1214 1464 1242 non
1512 1216 1516 1245 ;

143 1260 192 1301 (13
254 1273 303 1300 33
362 1273 429 1300 1113
488 1259 814 1312 reprehensione
876 1259 1048 1312 dixisse,
1114 1272 1221 1313 quae
1282 1258 1464 1312 speciem

142 1317 424 1359 accusationis
455 1316 597 1369 habet,
629 1317 702 1358 sed
733 1331 840 1371 quae
870 1316 1196 1370 uituperationis
1225 1316 1362 1357 instar
1388 1317 1463 1357 est.

141 1375 222 1417 hoc
253 1373 404 1416 Graeci
440 1381 620 1429 σκῶμμα
656 1378 812 1416 uocant
846 1388 935 1415 non
971 1374 1110 1415 minus
1153 1374 1321 1428 quidem
1352 1388 1464 1415 ama.-

142 1448 235 1474 rum
279 1447 405 1487 quam
449 1432 680 1487 accusatio,
730 1432 765 1474 si
807 1432 1047 1486 importune
1090 1432 1344 1486 proferatur,
1393 1431 1466 1473 sed
1502 1483 1504 1485 .

144 1506 168 1532 a
214 1492 404 1544 sapiente
448 1492 508 1531 sic
546 1490 798 1544 proferetur,
839 1493 888 1531 ut
924 1490 1140 1531 dulcedine
1178 1503 1343 1544 quoque
1379 1503 1466 1531 non
1504 1514 1506 1518 ·

101 1551 296 1592 3careat.
344 1550 386 1589 et
416 1551 464 1589 ut
494 1548 612 1602 prius
639 1548 720 1590 tibi
746 1548 796 1589 de
821 1548 1152 1603 interrogatione
1177 1547 1465 1601 respondeam,
1504 1550 1507 1574 ἶ

143 1607 215 1660 qui
244 1606 340 1648 uult
370 1620 571 1647 amoenus
603 1620 694 1648 esse
725 1606 957 1659 consultor,
995 1619 1044 1646 ea
1074 1606 1327 1660 interrogat,
1358 1618 1463 1659 quae

144 1666 244 1706 sunt
279 1664 544 1718 interrogato
583 1663 726 1705 facilia
760 1677 986 1718 responsu,
1022 1665 1065 1704 et
1097 1677 1203 1716 quae
1235 1663 1316 1705 scit
1345 1663 1466 1704 illum
1500 1698 1503 1705 ,

100 1722 290 1764 4sedula
327 1722 623 1763 exercitatione
661 1721 864 1763 didicisse.
935 1720 1092 1776 gaudet
1128 1721 1239 1762 enim
1277 1720 1464 1776 quisquis

143 1781 401 1833 prouocatur
425 1779 478 1821 ad
498 1780 734 1821 doctrinam
755 1794 874 1821 suam
892 1778 936 1820 in
957 1778 1140 1820 medium
1160 1778 1465 1833 proferendam,
1501 1774 1504 1826 ζ

145 1837 243 1891 quia
267 1852 390 1879 nemo
416 1838 512 1879 uult
535 1838 665 1879 latere
692 1836 802 1892 quod
823 1837 980 1891 didicit,
1004 1836 1198 1890 maxime,
1225 1837 1260 1878 si
1280 1835 1464 1887 scientia,

145 1909 272 1949 quam
307 1895 453 1937 labore
492 1896 717 1950 quaesiuit,
754 1909 849 1936 cum
885 1895 1029 1949 paucis
1067 1895 1130 1935 illi
1165 1894 1387 1935 familiaris
1424 1895 1466 1934 et
1522 1895 1526 1929 ἶ

144 1953 340 2005 plurimis
373 1953 429 1994 sit
458 1954 686 2007 incognita,
718 1955 766 1994 ut
792 1953 842 1994 de
868 1952 1129 1994 astronomia
1153 1953 1222 1993 uel
1247 1951 1466 1994 dialectica
1498 1943 1526 2045 ξ

239 2082 257 2112 1
283 2077 325 2112 Il.
352 2079 377 2112 Β
403 2081 469 2112 381

1499 2062 1526 2118 ἔκ,

899 2159 906 2164 ·
1495 2147 1526 2182 3

240 2198 257 2228 1
285 2194 447 2228 ΕΡΧΕΕΟ
481 2195 517 2227 P
631 2194 722 2227 ΥΝΔ
748 2193 783 2227 Ρ
898 2195 918 2226 9
945 2203 1037 2236 quae
1067 2194 1120 2228 ita
1150 2192 1185 2228 se
1216 2204 1262 2237 ap
1265 2193 1321 2227 tat
1345 2202 1409 2228 om.
1433 2191 1470 2226 P

147 2243 189 2274 13
216 2239 276 2274 uel
308 2241 374 2274 &ia
399 2251 464 2276 om.
490 2235 539 2274 P'
660 2243 702 2274 15
727 2238 896 2283 sequatur
920 2249 984 2274 om
1011 2239 1047 2273 P
1162 2242 1205 2275 16
1229 2239 1320 2274 haec
1344 2249 1409 2274 om.
1434 2237 1471 2272 P

146 2290 189 2322 21
215 2287 336 2322 scoma
361 2287 397 2322 P
465 2289 508 2320 23
534 2285 694 2331 saplente
720 2297 745 2318 n
768 2284 939 2334 ,pferetur
962 2285 998 2319 P
1477 2183 1526 2444 ἑ
