1526 2444
633 10 685 86 ’v
710 53 827 86 5-14
1332 48 1414 91 601

71 162 171 204 ante
202 159 465 215 rettulimus,
497 172 598 215 ergo
631 158 858 214 medietas,
890 158 1009 201 cuius
1040 158 1209 213 partem
1241 171 1322 199 nos
1354 157 1418 199 in-

18 232 25 275 s
70 219 270 275 colimus,
301 219 381 262 sub
413 233 464 260 eo
496 218 614 261 caelo
647 219 730 270 est,
770 217 883 272 quod
921 216 1050 259 fuerit
1087 230 1215 272 super
1244 217 1419 270 terram,

71 282 114 321 et
144 278 308 333 reliqua
346 277 552 319 medietas
591 277 669 320 sub
701 276 798 331 illo,
836 275 948 331 quod
987 276 1087 318 dum
1117 275 1327 330 uoluitur,
1365 275 1419 317 ad

14 345 23 383 ζ
71 352 122 380 ea
152 337 261 392 loco,
293 351 402 392 quae
434 336 489 379 ad
518 351 598 379 nos
623 335 824 378 uidentur
854 334 1072 390 inferiora,
1104 333 1335 389 descendit,
1373 335 1418 376 in

35 408 52 435 ⁵
70 396 211 438 medio
245 397 360 438 enim
386 396 529 438 locata
561 410 613 437 ex
637 395 755 437 omni
781 409 858 436 sua
883 398 1006 450 parte
1032 394 1199 436 caelum
1225 393 1419 448 suspicit.

69 455 197 497 huius
230 455 365 511 igitur
396 455 450 497 ad
482 454 648 497 caelum
681 454 887 508 breuitas,
919 453 986 495 cui
1018 455 1223 508 punctum
1255 454 1334 507 est,
1365 452 1419 495 ad
1434 453 1492 496 10

0 520 28 570 fj-
68 528 148 557 nos
179 528 282 556 uero
323 514 519 556 inmensa
553 513 812 568 globositas,
850 512 1132 568 distinguitur
1163 512 1271 554 10818
1305 511 1420 554 inter

70 587 115 615 88
152 573 344 614 uicissim
381 572 544 627 pressis
576 572 802 614 nimietate
838 572 908 614 uel
945 571 1122 627 frigoris
1159 571 1230 613 uel
1261 570 1418 613 caloris

0 642 20 672 5
70 632 287 687 geminam
335 634 463 674 nacta
511 632 625 673 inter
674 631 845 673 diuersa
889 630 1150 685 temperiem.
1224 644 1326 672 nam
1376 632 1419 671 et
1434 630 1487 671 ii

0 692 54 751 {iio
73 690 438 745 septemtrionalis
471 693 514 732 et
545 691 747 732 australis
779 688 1029 732 extremitas
1065 690 1275 743 perpetua
1306 689 1418 731 obri-

68 752 253 806 guerunt
282 749 455 805 pruina,
492 751 536 791 et
565 749 611 791 hi
641 749 763 790 uelut
794 748 878 790 duo
918 750 1020 790 sunt
1051 748 1230 814 cinguli,
1263 748 1419 803 quibus

7 835 10 840 -
68 813 184 851 terra
233 808 476 862 redimitur,
523 807 598 850 sed
648 807 814 850 ambitu
858 808 1011 848 breues
1055 807 1179 861 quasi
1228 810 1420 848 extrema

2 876 16 919 ἷ
69 867 302 934 cingentes·
363 867 518 909 horum
554 869 733 922 uterque
770 865 1055 908 habitationis
1093 865 1308 920 inpatiens
1341 869 1419 916 est,

69 927 169 982 quia
199 928 351 981 torpor
380 926 453 968 1118
486 926 682 982 glacialis
714 939 792 967 nec
817 924 996 967 animali
1026 938 1103 966 nec
1134 925 1252 979 frugi
1283 924 1419 966 uitam

0 992 51 1038 {¹⁵
69 985 304 1039 ministrat,
350 985 426 1027 illo
471 985 584 1028 enim
628 999 724 1027 aere
762 999 917 1038 corpus
956 983 1104 1035 alitur,
1158 997 1242 1038 quo
1285 983 1421 1026 herba

0 1038 16 1106 ᾖ
66 1044 269 1086 nutritur.
337 1043 502 1086 medius
539 1044 736 1098 cingulus
775 1045 819 1085 et
854 1042 951 1085 ideo
989 1042 1202 1084 maximus
1242 1044 1417 1085 aeterno
1435 1044 1494 1086 12

7 1106 15 1133 s'
68 1103 228 1145 adflatu
266 1103 458 1145 continui
495 1103 650 1145 caloris
681 1105 805 1144 ustus
837 1101 1044 1157 spatium,
1089 1102 1203 1157 quod
1246 1104 1290 1144 et
1327 1102 1418 1144 lato

0 1167 3 1169 ’
67 1164 112 1204 et
167 1162 331 1204 ambitu
384 1162 595 1217 prolixius
656 1161 902 1218 occupauit,
956 1161 1180 1203 nimietate
1234 1160 1418 1203 feruoris

0 1234 1 1238 ¹
49 1220 175 1263 ·faci‘t
216 1221 503 1263 inhabitabile
546 1221 737 1263 uicturiS.
804 1220 918 1262 inter
962 1223 1177 1262 extremos
1226 1234 1330 1262 uero
1378 1223 1420 1262 et

0 1280 51 1319 ἒῑεο
70 1280 255 1322 medium
282 1280 364 1322 duo
387 1281 570 1322 maiores
595 1280 774 1335 ultimis,
799 1278 941 1321 medio
961 1279 1162 1333 minores,
1189 1294 1239 1320 ex
1262 1279 1419 1321 utrius-

0 1393 1 1399 1
70 1353 151 1395 que
206 1339 443 1381 uicinitatis
498 1338 752 1393 intemperie
806 1340 1118 1393 temperantur,
1173 1338 1218 1379 in
1266 1338 1419 1394 hisque

0 1407 3 1450 ζ
70 1400 243 1440 tantum
268 1398 425 1440 uitales
459 1413 584 1440 auras
616 1400 775 1440 natura
802 1396 919 1439 dedit
948 1397 1102 1439 incolis
1134 1411 1322 1452 carpere.
1375 1401 1418 1439 et
1435 1399 1493 1441 13

0 1479 2 1482 >
71 1457 172 1512 quia
203 1457 345 1499 animo
386 1457 556 1500 facilius
594 1457 803 1499 inlabitur
839 1457 1047 1510 concepta
1084 1456 1196 1498 ratio
1236 1456 1419 1511 descrip-

0 1515 2 1519 ’
69 1516 188 1558 tione
220 1531 349 1572 quam
381 1530 595 1571 sermone,
633 1519 725 1558 esto
757 1515 875 1557 orbis
906 1518 1063 1568 terrae,
1100 1515 1169 1557 cui
1201 1514 1419 1570 adscripta

17 1586 53 1613 25
72 1577 172 1617 sunt
204 1573 373 1630 ABCD,
405 1579 448 1616 et
479 1576 592 1618 circa
618 1576 656 1617 A
689 1574 988 1617 adscribantur
1012 1572 1052 1615 N
1086 1576 1130 1615 et
1160 1573 1206 1627 L,
1239 1574 1351 1617 circa
1380 1573 1417 1615 B

0 1630 3 1633 ’
71 1637 216 1676 autem
252 1633 298 1675 M
336 1637 380 1676 et
416 1634 456 1676 K
495 1637 538 1676 et
576 1634 689 1676 circa
727 1632 760 1676 O
794 1632 832 1674 G
864 1636 907 1674 et
937 1631 977 1686 I,
1014 1635 1058 1674 et
1089 1632 1203 1675 circa
1232 1632 1271 1674 D
1304 1633 1340 1675 E
1374 1636 1419 1675 et

70 1691 122 1746 F,
160 1695 204 1734 et
235 1692 448 1735 ducantur
484 1696 627 1736 rectae
658 1693 798 1734 lineae
832 1707 857 1733 a
889 1691 1024 1746 signis
1057 1692 1110 1733 ad
1152 1691 1278 1748 signa
1310 1706 1418 1748 quae

71 1751 269 1807 dicimus,
305 1752 348 1794 id
380 1755 446 1794 est
482 1768 508 1794 a
539 1751 577 1794 Gr
608 1753 654 1794 in
685 1751 725 1806 I,
757 1751 811 1792 ab
843 1750 889 1791 M
920 1751 966 1791 in
996 1750 1050 1804 N,
1082 1765 1106 1792 a
1140 1749 1178 1791 K
1209 1751 1254 1792 in
1285 1751 1332 1807 L,
1363 1752 1417 1793 ab

69 1809 106 1852 E
139 1810 184 1853 in
216 1810 261 1853 F.
323 1811 465 1866 spatia
494 1812 628 1867 igitur
659 1811 743 1852 duo
776 1810 957 1852 aduersa.
989 1809 1083 1864 sibi,
1113 1810 1158 1851 id
1189 1812 1256 1852 est
1287 1825 1418 1852 unum
1435 1811 1494 1852 14

6 1881 54 1908 4κιο
72 1884 98 1911 a
129 1868 163 1912 G
194 1884 329 1925 usque
361 1870 414 1912 ad
444 1870 604 1913 lineam
637 1884 745 1925 quae
776 1869 823 1910 in
853 1867 875 1910 I
906 1868 1033 1910 ducta
1064 1871 1147 1923 est,
1179 1868 1362 1911 alterum
1393 1885 1419 1912 a

70 1927 109 1969 D
141 1943 276 1984 usque
308 1928 360 1970 ad
386 1929 544 1972 lineam
569 1943 678 1985 quae
709 1928 755 1970 111
786 1927 819 1970 F
845 1927 973 1969 ducta
998 1930 1076 1982 est,
1106 1927 1419 1984 intellegantur

167 2060 185 2091 1
210 2056 407 2092 retulimus
426 2057 464 2092 Β
535 2059 558 2092 4
583 2067 678 2101 quae
704 2067 727 2091 a
750 2055 859 2091 nobis
879 2066 951 2090 non
970 2055 1147 2091 uidentur
1164 2056 1200 2090 Β
1275 2058 1296 2090 5
1317 2067 1419 2092 omni

70 2103 176 2148 parte
202 2103 255 2138 sui
281 2104 318 2139 Β
413 2103 562 2149 suscipit
586 2104 630 2149 P,
655 2105 672 2138 1
696 2102 776 2149 susp
778 2104 846 2139 icit
870 2103 955 2139 add.
981 2103 1044 2138 Ρ1η
1137 2107 1158 2138 6
1183 2103 1337 2160 puotum
1367 2101 1416 2138 P'

72 2153 92 2184 ⁷
117 2150 297 2187 immensa
320 2151 356 2185 Β
461 2154 503 2186 11
528 2150 570 2186 111
593 2161 660 2187 om.
686 2148 734 2185 P'
839 2154 882 2185 12
909 2150 1122 2185 redimittur
1145 2150 1183 2185 P
1307 2150 1357 2186 set
1382 2152 1419 2186 Β

73 2201 116 2232 13
141 2198 387 2244 impatiensp
388 2198 426 2234 B
517 2202 559 2234 17
586 2198 716 2234 affiatu
740 2198 778 2233 Β
865 2201 910 2233 23
935 2197 1106 2233 illabitur
1130 2198 1168 2233 B
1251 2198 1347 2234 ratio
1374 2209 1419 2233 ex

72 2244 314 2291 descriptione
335 2209 387 2281 Bp
445 2248 490 2281 24
509 2255 622 2290 quam
640 2245 807 2281 sermone
827 2244 1074 2290 descriptione
1094 2244 1132 2279 P
1194 2244 1370 2290 asscripta
1383 2245 1420 2279 Β

72 2295 116 2328 29
143 2305 182 2328 in
206 2296 292 2328 ante
317 2292 345 2327 F
371 2303 438 2329 om.
465 2292 500 2327 Β
571 2304 688 2328 unum
712 2303 778 2329 om.
804 2291 842 2327 Β
915 2295 959 2326 31
987 2292 1101 2327 ducta
1124 2292 1239 2328 ducta
1264 2293 1299 2327 B
