1526 2444
133 98 218 138 426
621 96 719 132 SAT.
745 96 872 131 LIBRI
895 96 963 132 VII

70 205 123 247 13
137 204 362 258 quaeritur.
430 202 541 256 quod
584 204 725 243 autem
761 203 805 243 in
842 202 1002 244 edendo
1040 202 1148 244 sicut
1184 203 1228 243 in
1263 202 1450 257 potando

138 261 286 303 suades
323 260 445 301 uaria
481 260 627 314 uitari,
663 260 794 301 habet
823 260 993 302 latentis
1025 260 1234 315 captionis
1265 259 1451 314 insidias,

135 319 233 372 quia
274 317 444 359 nomine
488 317 774 359 similitudinis
812 318 1036 359 coloratur.
1101 320 1286 359 ceterum
1323 317 1450 372 longe

135 376 218 417 alia
242 378 380 430 potus,
412 375 494 416 alia
519 375 708 416 ciborum
732 375 842 416 ratio
869 377 944 416 est.
994 375 1087 429 quis
1114 375 1225 416 enim
1250 389 1450 428 umquam

135 433 293 475 edendo
318 433 548 487 plurimum
573 438 714 474 mente
741 433 953 474 sauciatus
974 435 1050 487 est,
1075 433 1186 486 quod
1204 433 1247 473 in
1266 432 1448 474 bibendo
1484 448 1501 475 5

67 494 122 535 14
136 490 373 546 contingit?
421 490 556 531 fartus
589 490 683 531 cibo
716 490 933 531 stomacho
965 490 1034 531 uel
1065 492 1210 531 uentre
1236 492 1448 545 grauatur,

133 548 298 590 infusus
330 548 429 590 uino
460 549 509 590 fit
541 547 691 589 similis
723 548 887 601 insano,
918 548 1067 602 opinor
1091 547 1189 601 quia
1214 548 1447 589 crassitudo

133 606 217 647 eibi
247 620 330 647 uno
361 606 405 647 iu
429 605 522 647 loco
547 619 797 660 permanens
823 607 1017 660 expectat
1042 605 1448 646 administrationem

133 663 393 718 digestionis,
423 665 466 704 et
495 666 596 705 tune
628 663 795 704 demum
827 663 1026 704 membris
1052 663 1207 704 sensim
1233 662 1446 705 confectus

133 722 342 774 illabitur3
378 723 503 775 potus
540 723 588 762 ut
623 723 775 762 natura
810 721 945 762 leuior
981 734 1079 762 mox
1110 720 1242 761 altum
1273 721 1379 774 petit
1409 723 1452 761 et
1471 737 1504 762 ιο

135 779 370 833 cerebrum,
413 778 524 832 quod
566 778 611 819 in
653 778 812 819 uertice
856 778 1039 820 locatum
1083 781 1163 832 est,
1205 777 1304 819 ferit
1346 778 1451 819 fumi

67 841 120 882 15
136 837 307 878 calentis
351 836 583 891 aspergine.
650 839 692 877 et
725 836 819 877 ideo
856 835 975 876 uaria
1010 835 1111 876 uina
1146 835 1355 888 uitantur,
1397 849 1450 876 ne

135 908 215 948 res,
246 909 352 948 quae
384 893 436 935 ad
467 893 766 948 possidendum
798 895 924 946 caput
953 892 1175 946 repentina
1206 895 1282 946 est,
1313 893 1449 934 calore

134 956 223 993 tam
248 952 414 993 diuerso
441 965 566 1005 quam
593 951 732 992 subito
758 950 924 992 consilii
949 950 1089 992 sedem
1115 950 1284 992 sauciet.
1340 950 1450 1004 quod
1524 1000 1526 1002 ,

134 1023 264 1063 aeque
301 1009 346 1050 in
382 1009 466 1050 cibi
501 1008 707 1050 uarietate
743 1008 1015 1050 metuendum
1052 1008 1169 1049 nulla
1204 1007 1449 1061 similitudo,
1469 1022 1526 1048 15³

67 1072 120 1113 16
137 1068 244 1108 ratio
275 1067 395 1108 nulla
424 1066 659 1120 persuadet.
719 1066 766 1106 in
795 1066 870 1107 illa
901 1080 1001 1108 uero
1033 1065 1336 1119 disputatione,
1368 1079 1451 1119 qua
1518 1093 1526 1124 l

135 1124 416 1179 digestionum
479 1124 667 1166 ordinem
725 1137 916 1165 sermone
968 1123 1182 1164 luculento
1237 1125 1279 1164 et
1331 1123 1449 1164 uario
1519 1137 1526 1176 ᾗ

136 1182 366 1237 digessisti,
396 1182 472 1223 illa
497 1182 650 1236 omnia,
682 1195 787 1235 quae
814 1181 864 1222 de
887 1183 1039 1222 natura
1063 1180 1238 1221 humani
1263 1180 1450 1234 corporis

133 1239 244 1282 dicta
287 1242 407 1293 sunt,
449 1242 491 1281 et
532 1239 595 1280 nil
638 1240 792 1280 nocent
833 1237 1074 1293 propositae
1113 1237 1367 1292 quaestioni,
1409 1239 1451 1278 et

134 1298 381 1351 eloquenter
412 1297 525 1338 dicta
554 1310 642 1338 non
673 1296 848 1351 abnego.
902 1296 966 1337 illi
997 1295 1078 1337 soli
1108 1309 1192 1336 non
1224 1295 1449 1349 adsentior,
1467 1252 1526 1403 2οέ

135 1355 246 1409 quod
271 1369 393 1396 sucos
418 1355 561 1396 uarios
588 1354 638 1395 de
663 1354 854 1396 ciborum
878 1354 1083 1395 uarietate
1109 1352 1321 1394 confectos
1344 1352 1448 1394 dicis

133 1412 370 1454 contrarios
402 1426 492 1453 esse
524 1412 788 1466 corporibus,
819 1426 913 1453 cum
944 1425 1120 1465 corpora
1149 1411 1243 1464 ipsa
1274 1410 1323 1451 de
1354 1424 1451 1452 con·
1501 1396 1526 1467 Q

65 1475 116 1516 17
134 1471 275 1512 trariis
314 1470 589 1525 qualitatibus
620 1469 829 1511 fabricata
860 1469 956 1510 siut.
1017 1483 1067 1510 ex
1097 1468 1232 1510 calido
1265 1467 1376 1509 enim
1409 1469 1450 1509 et
1506 1465 1526 1558 Ξ

132 1528 305 1583 frigido,
347 1528 397 1568 de
441 1528 551 1569 sicco
589 1529 631 1569 et
665 1527 838 1568 humido
876 1528 1130 1568 constamus.
1197 1526 1312 1567 cibus
1348 1539 1449 1567 uero

134 1585 314 1641 simplex
346 1599 490 1627 sucum
522 1585 571 1626 de
603 1599 647 1626 se
677 1585 802 1626 unius
828 1585 1044 1639 qualitatis
1069 1583 1235 1625 emittit.
1291 1583 1445 1625 scimus
1465 1559 1526 1643 2⁵1}

135 1646 276 1685 autem
309 1643 518 1684 similibus
550 1642 705 1684 similia
734 1642 900 1684 nutriri.
955 1642 1020 1683 dic
1050 1655 1204 1695 quaeso
1229 1640 1339 1682 unde
1364 1643 1449 1682 tres
1501 1638 1526 1683 ⁴53.

66 1706 117 1748 18
134 1701 240 1743 aliae
267 1701 493 1756 qualitates
519 1701 707 1755 corporis
730 1700 1002 1741 nutriantur?
1052 1699 1220 1753 singula
1239 1701 1377 1739 autem
1399 1698 1451 1740 ad
1503 1683 1526 1753 {3

136 1773 180 1800 se
201 1758 519 1800 similitudinem
539 1759 603 1800 sui
622 1772 770 1812 rapere
788 1757 912 1799 testis
931 1756 1261 1811 Empedocles
1269 1789 1279 1809 ,
1299 1756 1371 1810 qui
1391 1755 1451 1797 ait

133 1839 190 1887 ὡς
203 1841 339 1891 γλυκὺ
354 1837 433 1893 μὲν
446 1840 583 1892 γλυκὺ
596 1838 774 1893 μάρπτε,
786 1839 941 1894 πικρὸν
956 1833 995 1879 δ’
1007 1835 1075 1878 ἐπὶ
1088 1837 1244 1891 πικρὸν
1253 1837 1450 1890 ὄρουσεν,
1506 1831 1515 1881 s

136 1895 212 1946 ὀξὺ
245 1895 283 1938 δ’
316 1895 380 1937 ἐπ’
412 1897 488 1947 ὀξὺ
520 1898 616 1951 ἔβη,
649 1897 817 1952 θερμὸν
849 1892 888 1937 δ’
918 1894 1141 1950 ἐποχεύετο
1172 1898 1336 1950 θερμῷ.
1467 1894 1516 1939 εοῖζ

65 1984 118 2025 19
132 1980 174 2019 te
223 1979 365 2019 autem
414 1990 537 2031 saepe
587 1977 710 2019 audio
754 1976 1025 2031 Hippocratis
1073 1975 1137 2017 tui
1184 1974 1314 2016 uerba
1357 1988 1452 2016 cum

225 2117 245 2147 6
276 2113 463 2148 stomachi]
485 2114 490 2156 1
512 2112 571 2147 uel
602 2114 728 2147 uentre
759 2112 795 2147 P
879 2115 922 2146 25
954 2110 1149 2157 qual1ltab3
1180 2111 1216 2145 P
1308 2114 1351 2145 28
1377 2122 1450 2146 em·
1508 2106 1510 2111 '

130 2159 306 2205 podooles
320 2159 362 2193 Ῥ
490 2161 534 2194 29
563 2160 698 2204 'AYQKY
724 2159 969 2194 ΜΕΝΤΛΥΚΥ
988 2158 1024 2192 Ρ
1153 2157 1228 2203 ἐ[πὶ
1253 2158 1380 2200 πικρόν
1406 2175 1449 2182 -
1510 2179 1515 2181 Δ

130 2238 478 2323 θεῗ-ᾈῘιὲζὲᾷτὲιτέὲ
531 2242 574 2274 30
595 2240 702 2285 prius
727 2238 805 2285 ὀξύ]
833 2239 909 2284 §W
933 2238 969 2273 P
1049 2204 1131 2281 ΕΒΕΗ
1152 2239 1188 2273 Ρ
1274 2239 1307 2273 δ’
1331 2248 1395 2274 om.
1421 2237 1457 2272 P
