1526 2444
509 38 560 74 XI
588 42 726 75 11—17
760 38 829 74 XII
855 42 946 74 i-2
1314 35 1401 79 623

3 173 12 189 f.
55 147 191 191 decim
235 147 374 203 milia,
418 148 531 190 sicut
571 147 776 190 adserunt
817 147 1001 204 physici,
1046 148 1110 190 sol
1155 147 1293 190 denuo
1338 147 1401 189 ita

54 207 240 260 deficiet,
277 209 327 248 ut
363 206 409 248 in
446 205 595 249 eodem
633 207 758 263 signo
797 207 1029 262 eademque
1066 208 1188 262 parte
1226 205 1323 261 sit,-
1347 206 1400 248 ad

0 279 6 312 i<
53 266 166 309 idem
197 265 472 321 principium,
515 266 560 307 in
598 280 682 320 quo
722 266 800 308 sub
839 265 1026 309 Romulo
1063 267 1222 319 fuerat,
1261 265 1399 308 stellis

53 338 220 380 quoque
258 324 459 366 omnibus
497 324 718 380 signisque
759 326 984 368 reuocatis.
1050 326 1216 380 peracti
1255 326 1397 366 autem
1416 323 1471 365 16

2 380 3 388 ¹
54 383 243 438 fuerant,
281 397 376 425 cum
415 382 558 438 Scipio
602 384 646 425 in
682 383 834 426 Africa
875 384 1099 436 militaret,
1143 399 1168 427 a
1211 383 1401 426 discessu

0 460 3 496 ς]
31 479 33 482 ⁴
54 441 227 484 Romuli
253 442 356 484 anni
382 442 605 498 quingenti
625 443 898 498 septuaginta
924 446 967 485 et
990 446 1088 486 tres.
1147 457 1259 485 anno
1286 442 1401 484 enim

30 548 34 553 ,
55 501 109 543 ab
159 501 267 543 urbe
316 501 490 543 condita
540 501 847 544 sexcentesimo
905 503 1087 558 septimo
1137 502 1208 544 hic
1258 500 1400 556 Scipio

0 557 8 589 ¹>
28 587 31 589 -
53 559 194 602 deleta
226 559 488 616 Carthagine
518 561 822 615 triumphauit,
860 576 910 603 ex
948 576 1031 616 quo
1063 575 1242 603 numero
1275 561 1400 603 annis

53 619 230 662 remotis
268 618 452 675 triginta
483 619 647 662 duobus
678 620 799 675 regni
831 619 1005 662 Romuli
1038 622 1080 662 et
1111 620 1296 675 duobus,
1328 620 1401 674 qui

53 677 165 719 inter
190 678 406 719 somnium
432 681 476 720 et
501 685 844 721 consummatum
877 679 1037 721 bellum
1064 679 1248 732 fuerunt,
1279 678 1400 734 quin-

4 742 7 746 '
52 737 172 791 genti
205 738 480 792 septuaginta
505 740 594 779 tres
621 752 646 778 a
678 738 868 779 discessu
893 737 1067 779 Romuli
1099 738 1152 780 ad
1184 737 1399 779 somnium

0 801 11 851 ξ’,
51 809 186 850 usque
206 796 498 837 remanebunt.
531 809 635 851 ergo
654 796 974 838 rationabiliter
992 810 1177 852 uereque
1197 795 1398 852 signauit,
1418 795 1468 836 17

0 854 230 896 necdum
274 854 479 896 mundani
529 854 630 896 anni
673 854 920 897 uicesimam
963 858 1131 911 partem
1170 869 1262 897 esse
1301 869 1399 897 con-

3 910 232 970 A'uersam.
293 926 394 954 nam
433 913 664 955 uicesima-e
704 914 817 969 parti
852 917 955 969 quot
994 914 1095 957 anni
1127 913 1344 968 supersint
1375 928 1400 955 a

0 1024 6 1027 „
50 971 133 1013 fine
170 971 344 1014 Romuli
389 972 442 1013 ad
479 969 731 1014 Africanam
775 974 979 1016 militiam
1019 973 1247 1029 Scipionis,
1292 986 1399 1028 quos

2 1051 4 1054 >
49 1030 236 1072 diximus
293 1045 427 1073 annos
477 1031 610 1073 fuisse
666 1033 926 1087 quingentos
977 1033 1250 1088 septuaginta
1299 1035 1400 1085 tres,

0 1100 2 1102 ’
47 1089 239 1144 quisquis
272 1089 315 1130 in
347 1090 507 1146 digitos
539 1091 676 1132 mittit
706 1091 908 1134 inueniet.

165 1171 237 1214 Tu
284 1186 404 1214 uero
442 1172 638 1215 enitere
680 1177 728 1215 et
766 1174 838 1216 sic
874 1174 1083 1230 habeto,
1126 1188 1225 1216 non
1265 1172 1471 1216 esseXII

0 1230 98 1274 *te
141 1231 411 1274 mortalem
458 1231 543 1273 sed
588 1246 770 1288 corpus
808 1233 920 1288 hoc,
962 1248 1054 1276 nec
1093 1233 1224 1275 enim
1262 1234 1317 1275 tu
1355 1233 1397 1274 is

52 1304 122 1345 es,
159 1305 302 1346 quem
341 1290 506 1333 forma
543 1290 648 1333 ista
679 1291 909 1334 declarat
941 1293 1025 1334 sed
1058 1307 1196 1334 mens
1229 1292 1399 1334 cuius-

5 1354 8 1359 ’
51 1363 144 1404 que
176 1350 219 1392 is
252 1353 330 1392 est
362 1350 595 1405 quisque,
633 1364 733 1392 non
764 1365 819 1393 ea
850 1351 1040 1407 figura,
1072 1366 1199 1407 quae
1231 1351 1397 1406 digito

7 1434 27 1478 ἒ,
51 1408 399 1451 demonstrari
430 1411 616 1463 potest.
668 1410 809 1451 deum
844 1413 889 1452 te
922 1410 1084 1466 igitur
1111 1410 1241 1452 scito
1269 1424 1399 1464 esse,

0 1467 94 1647 lsi
132 1467 332 1522 quidem
370 1471 448 1510 est
486 1467 631 1523 deus,
668 1469 753 1523 qui
784 1469 944 1525 uiget,
982 1469 1066 1524 qui
1099 1469 1276 1524 sentit,
1314 1469 1399 1522 qui

52 1527 298 1582 meminit,
332 1527 417 1581 qui
448 1527 706 1581 prouidet,
739 1528 823 1582 qui
854 1531 957 1570 tam
988 1528 1125 1583 regit
1156 1530 1204 1570 et
1229 1527 1398 1570 mode-

22 1638 24 1640 Υ
53 1588 198 1627 ratur
229 1588 279 1627 et
310 1588 481 1628 mouet
511 1585 559 1627 id
592 1600 795 1642 corpus,
828 1587 906 1629 cui
937 1587 1269 1642 praepositus
1302 1589 1399 1641 est,

4 1645 195 1702 {quam
233 1644 366 1687 hunc
403 1645 641 1687 mundum
678 1645 772 1687 ille
809 1646 1047 1701 princeps
1086 1646 1226 1701 deus,
1263 1648 1312 1687 et
1343 1649 1398 1688 ut

5 1707 23 1760 ξ
53 1702 145 1745 ille
199 1703 435 1745 mundum
491 1704 705 1758 quadam
761 1707 907 1760 parte
963 1706 1230 1748 mortalem
1287 1705 1397 1760 ipse

8 1761 172 1804 {deus
234 1764 495 1818 aeternus,
563 1763 636 1805 sic
697 1763 889 1820 fragile
951 1778 1135 1819 corpus
1198 1764 1395 1806 animus

4 1827 12 1832 ’·
51 1821 393 1875 sempiternus
437 1824 618 1864 mouet.
685 1822 793 1864 bene
838 1825 881 1864 et
922 1822 1137 1878 sapienter
1173 1822 1437 1866 Tullianus2

49 1878 121 1921 hic
153 1879 297 1934 Scipio
336 1880 448 1922 eirca
485 1880 804 1923 institutionem
840 1882 1011 1936 nepotis
1049 1881 1242 1924 ordinem
1280 1884 1395 1924 recte

146 1999 164 2029 1
191 1994 354 2031 asserunt
377 1996 414 2032 Β
551 1996 685 2042 phisici
708 1996 779 2033 PB
914 2002 937 2034 4
963 1997 1201 2042 omnibusque
1226 1997 1341 2043 signis
1358 1998 1395 2033 Β

50 2044 72 2076 ὅ
97 2053 167 2078 con
195 2040 246 2078 P'
325 2043 454 2079 affrica
479 2043 517 2079 P
588 2047 608 2079 6
634 2043 828 2090 quingenti
852 2045 1047 2092 sexaginta
1070 2048 1155 2081 octo
1186 2045 1396 2081 Triemelius

49 2091 92 2125 in
134 2088 362 2126 Fleckeiseni
397 2091 609 2127 Annalibus
647 2094 765 2137 1888,
806 2094 880 2129 376·
1013 2097 1032 2128 ’1
1071 2092 1321 2129 sescentesimo
1361 2093 1398 2127 P

50 2139 73 2171 8
98 2137 288 2182 cartagine
314 2138 385 2174 PB
521 2138 731 2184 triuphauit
753 2139 791 2174 B
929 2143 974 2175 10
999 2139 1103 2175 ffinlsl
1126 2140 1169 2176 in
1193 2150 1266 2176 ras.
1291 2141 1334 2176 in
1360 2140 1398 2174 P

98 2183 351 2220 consumatum
377 2184 414 2220 Β
497 2189 541 2221 13
565 2184 703 2221 nedum
728 2184 775 2222 B'
851 2191 894 2223 18
919 2190 1080 2223 emterre
1104 2187 1142 2223 P
1214 2191 1255 2223 19
1281 2186 1336 2223 set
1358 2187 1395 2221 R

92 2241 165 2276 pro
189 2242 257 2267 nec
282 2242 380 2267 enim
409 2252 451 2258 —-
478 2236 522 2269 27
547 2234 654 2278 parte
678 2234 874 2270 mortalem
899 2238 950 2271 est
973 2234 1088 2279 usque
1112 2236 1155 2270 in
1178 2235 1216 2270 B
1294 2238 1338 2270 23
1364 2235 1395 2271 ὣ

0 2322 25 2330 „
52 2276 93 2312 es
111 2281 154 2314 ut
177 2279 255 2314 uid.
280 2277 330 2314 P'
405 2282 450 2314 28
477 2279 570 2315 deus
588 2280 759 2316 mortalis
779 2280 828 2316 P'
903 2285 948 2317 28
973 2281 1102 2328 fragili
1130 2279 1180 2316 P'
