1526 2444
155 74 213 116 90
676 74 776 110 SAT.
801 73 928 109 LIBRI
952 74 968 109 I

155 194 254 236 ergo
294 180 381 222 sint
416 179 590 222 huiusce
628 180 796 236 sideris,
838 181 881 222 id
918 182 983 222 est
1019 180 1139 235 solis,
1182 180 1264 222 duo
1301 179 1474 222 maximi

154 239 345 289 effeetus,
383 239 491 280 alter
528 252 610 292 quo
646 239 784 280 calore
814 241 1051 292 temperato
1082 239 1202 280 iuuat
1231 238 1475 279 mortalium
1505 236 1508 247 ²

153 296 300 350 uitam,
331 297 439 337 alter
470 311 554 350 quo
584 296 699 338 iactu
729 296 943 338 radiorum
972 311 1059 338 non
1087 310 1317 351 numquam
1348 295 1476 349 pesti·
1502 323 1507 350 3

153 355 289 396 ferum
320 356 435 395 uirus
458 353 679 409 immittit,
709 354 790 396 duo
823 355 1050 409 eademque
1081 354 1335 409 cognomina
1365 353 1476 395 circa
1503 379 1511 411 ᾗ

155 412 347 467 singulos
385 411 558 453 effectus
589 413 771 466 propriis
803 412 1167 454 enuntiationibus
1200 411 1372 467 signant
1403 425 1473 465 ap·
1503 412 1505 414 ’

153 471 362 524 pellantes
394 470 518 511 deum
544 465 676 524 Ἰήιον
702 472 828 525 atque
853 473 1039 512 Παιᾶνα.
1089 484 1196 524 quae
1221 469 1508 524 cognomina

152 527 320 583 utrique
347 528 515 570 effectui
546 530 646 582 apta
672 532 781 582 sunt,
811 530 860 569 ut
885 528 941 569 sit
961 526 1089 582 Ἰήιος
1114 528 1197 570 ἀπὸ
1221 533 1300 570 τοῦ
1325 528 1474 569 ἰᾶσθαι
1502 554 1507 560 r

153 585 196 626 id
221 589 286 627 est
316 601 340 627 a
366 585 566 640 sanando,
591 588 633 627 et
651 586 798 627 Παιὰν
829 585 911 627 ἀπὸ
932 592 1011 628 τοῦ
1047 586 1202 628 παύειν
1232 586 1307 635 τὰς
1337 584 1474 639 ἀνίας,

153 646 195 685 et
225 648 371 685 rursus
397 642 527 697 Ἰήιος
558 643 640 685 ἀπὸ
671 644 749 686 τού
783 642 893 685 ι”έναι
913 644 966 685 ab
986 644 1270 699 immittendo,
1505 659 1507 662 ·

534 723 659 779 βέλος
690 722 913 779 ἐχεπευκὲς
944 724 1089 778 ἐφιείς.

87 807 138 847 17
154 808 196 847 et
227 806 373 847 Παιὰν
404 805 488 848 ἀπὸ
519 811 597 848 τοῦ
627 808 770 847 παίειν
802 820 826 846 a
854 805 1056 847 feriendo.
1111 805 1299 847 obtinuit
1330 806 1473 846 tamen

151 866 220 918 ut,
268 878 363 906 cum
412 864 638 905 sanitatem
689 863 780 905 dari
823 864 907 905 sibi
947 865 1194 918 precantur,
1243 863 1285 916 ἰὴ
1328 862 1472 904 Παιάν
1504 861 1508 867 “

150 936 226 976 per
260 927 287 975 ἢ
324 922 514 963 litteram
546 923 779 972 enuntient,
816 920 858 962 id
889 923 956 962 est
985 921 1151 962 medere
1182 921 1340 962 Paean:
1378 935 1474 962 cum
1507 933 1523 971 „i

152 982 293 1021 autem
319 980 357 1021 ἵε
382 979 527 1021 Παιάν
551 994 626 1034 per
648 985 671 1020 ἓ
695 980 883 1021 litteram
908 979 1052 1021 dicunt
1070 993 1165 1021 cum
1186 978 1472 1032 adspiratione
1508 1000 1525 1024 ῑ

149 1038 303 1092 prioris
328 1038 509 1092 litterae,
535 1038 778 1092 significant
801 1037 882 1079 hoc
905 1037 998 1091 dici,
1022 1037 1068 1078 in
1093 1036 1276 1091 aliquem
1297 1033 1522 1083 aduersa

150 1097 393 1149 precatione
423 1096 529 1150 βάλε
559 1096 721 1149 Παιάν,
751 1095 794 1137 id
826 1097 891 1137 est
922 1095 1103 1136 immitte
1132 1094 1331 1136 feriendo.
1391 1107 1474 1147 qua
1500 1093 1522 1125 1

150 1168 253 1195 uoce
277 1153 420 1195 ferunt
445 1154 653 1196 Latonam
680 1168 813 1205 usam,
845 1167 939 1195 cum
964 1152 1208 1207 Apollinem
1233 1153 1474 1195 hortaretur
1505 1157 1518 1202 ζῗ

148 1211 354 1265 impetum
367 1211 572 1266 Pythonis
591 1212 801 1254 incessere
821 1211 1002 1266 sagittis,
1020 1211 1138 1253 cuius
1158 1211 1220 1252 rei
1236 1210 1474 1252 naturalem
1501 1215 1520 1250 ζζ

83 1268 137 1310 18
151 1270 359 1311 rationem
402 1284 478 1311 suo
522 1270 614 1311 loco
651 1270 835 1311 reddam.
901 1269 1012 1311 hanc
1049 1283 1214 1323 uocem,
1256 1269 1299 1310 id
1336 1269 1400 1309 est
1435 1268 1474 1309 ἵε
1501 1270 1524 1322 ζξρ

150 1328 311 1381 Παιάν,
343 1328 615 1369 confirmasse
646 1328 781 1369 fertur
812 1328 1028 1369 oraculum
1059 1326 1313 1381 Delphicum
1341 1325 1471 1367 Athe·
1496 1333 1516 1376 ³5]

149 1385 367 1427 niensibus
414 1386 658 1439 petentibus
707 1399 831 1439 opem
877 1385 943 1426 dei
987 1385 1190 1426 aduersus
1233 1385 1470 1426 Amazonas

149 1443 312 1485 Theseo
344 1446 561 1498 regnante.
621 1457 804 1498 namque
840 1443 1021 1484 inituros
1059 1443 1218 1484 bellum
1249 1442 1374 1484 iussit
1404 1441 1471 1483 his
1509 1447 1518 1467 ³<

147 1501 252 1554 ipsis
278 1502 422 1543 uerbis
449 1504 582 1542 semet
605 1502 744 1556 ipsum
764 1501 1059 1543 auxiliatorem
1077 1500 1275 1542 inuocare
1294 1500 1471 1541 hortari-
1506 1507 1524 1545 ³:12

82 1558 133 1598 19
150 1573 241 1613 que.
313 1559 660 1602 APOLLODORVS
708 1560 753 1600 in
800 1559 909 1601 libro
953 1560 1104 1613 quarto
1149 1559 1309 1600 decimo
1355 1555 1471 1612 περὶ
1499 1559 1516 1614 '5²

148 1621 285 1658 θεῶν
312 1613 442 1671 Ἰήιον
474 1618 630 1659 solem
661 1617 825 1658 scribit:
855 1617 927 1658 ita
958 1617 1211 1670 appellari
1242 1615 1470 1670 Appolli-
1492 1612 1524 1654 *3:ss

147 1689 256 1715 nem
287 1674 370 1716 ἀπὸ
400 1680 479 1716 τοῦ
508 1675 615 1716 κατὰ
645 1676 722 1716 τὸν
746 1676 910 1728 κόσμον
935 1675 1081 1716 ἵεσθαι
1105 1673 1176 1715 καὶ
1203 1672 1327 1728 ἰέναι,
1359 1673 1469 1728 quod
1507 1676 1513 1688 ³

76 1731 134 1772 20
149 1733 212 1773 sol
242 1747 316 1786 per
347 1733 491 1774 orbem
523 1733 685 1787 impetu
715 1733 862 1775 fertur.
923 1733 995 1774 sed
1026 1732 1276 1774 Timotheus
1308 1732 1371 1773 ita

239 1883 259 1914 5
285 1880 605 1915 enunclatiombus
624 1881 660 1915 Β
762 1884 781 1915 6
807 1882 936 1916 ΤΑΙΝΔ
962 1882 999 1916 Β
1102 1885 1120 1916 7
1148 1881 1233 1916 ΗΟ(
1258 1881 1352 1915 ΑΠΟ
1377 1881 1469 1914 ΤΟΥ

148 1928 278 1962 mcum
305 1927 341 1961 Β
402 1930 422 1960 8
448 1928 485 1961 et
508 1927 558 1962 B:
588 1928 621 1961 ΕΙ
646 1927 683 1961 Ρ
741 1931 761 1961 9
788 1920 893 1962 ῙΕΝΔΙ
922 1928 957 1962 Ρ
1015 1928 1062 1962 ab
1080 1927 1312 1962 1mm1ttendo
1331 1927 1466 1961 ΠΑΙΑΝ
1502 1918 1524 1960 35]

148 1974 242 2008 ΔΠΟ
267 1974 359 2008 ΤΟΥ
385 1974 529 2008 ΠΛΙΕΙΝ
552 1974 691 2008 ΒΕΛΟΕ
712 1974 717 2017 Ι
739 1974 994 2009 ΕΧΕΠΕΥΚΕΕ
1011 1974 1145 2008 ΕΦΙΕΙΕ
1159 1974 1193 2008 ΕΙ
1213 1983 1236 2007 a
1253 1973 1419 2008 ferlendo
1434 1972 1467 2006 B
1502 2007 1503 2010 ,

146 2022 188 2053 11
216 2020 387 2054 obtenuit-
411 2017 458 2054 B'
550 2023 593 2054 12
617 2022 788 2064 precatur
815 2021 852 2054 ΙΗ
876 2022 880 2064 Ι
901 2021 1087 2055 ΠΛΝΗΤΑ
1110 2019 1275 2054 l1tteram
1302 2019 1338 2053 P
1427 2022 1468 2053 13
1502 2019 1516 2038 ῑ’

145 2066 270 2100 ΗΤΛΜ
296 2065 332 2099 Ρ
402 2069 444 2100 14
468 2067 604 2101 ΠΑΙΔΝ
630 2067 709 2100 ΒΡ
778 2067 812 2101 ΙΕ
833 2066 1058 2112 Cantabri9.:
1086 2067 1124 2101 ΙΗ
1145 2066 1224 2101 ΒΡ
1285 2069 1328 2100 16
1347 2065 1468 2101 ΠΑΛΕ
1508 2063 1523 2078 ⁹

143 2112 179 2146 Β
254 2115 295 2146 17
321 2112 531 2147 hortaretur
554 2123 619 2148 om.
647 2111 696 2147 P'
779 2116 822 2148 18
848 2114 1028 2157 1mpetum
1051 2123 1117 2148 om.
1143 2112 1180 2146 P
1251 2111 1399 2156 pytonil'
1418 2110 1465 2147 P'
1498 2114 1500 2118 ’

143 2158 359 2202 *sssagittls
381 2159 417 2192 P
474 2163 515 2193 19
541 2158 576 2193 le
598 2159 822 2203 Cantabria:
850 2161 887 2194 ΙΗ
915 2160 951 2194 Β
1010 2162 1056 2194 24
1080 2158 1182 2193 XIIII
1201 2158 1279 2193 BP
1334 2158 1467 2194 ΠΕΡΙΟ
1493 2190 1499 2203 ‚

143 2205 181 2239 P
237 2208 281 2239 25
309 2205 408 2239 ΗΙΟΝ
434 2205 471 2239 Β
530 2205 720 2250 appellare
744 2203 790 2239 B'
854 2209 896 2240 26
921 2207 1010 2241 ΤΟΝ
1031 2205 1079 2240 P:
1105 2206 1186 2241 ΓΟΝ
1206 2205 1242 2239 Β
1304 2205 1466 2240 ΚΔΙΕΝΑΙ
1491 2204 1500 2248 f

141 2274 178 2308 B
250 2278 293 2309 27
318 2273 431 2320 solem
456 2274 494 2308 B
564 2263 806 2320 t1m02thgssur
826 2275 863 2310 P
