1526 2444
613 82 664 118 XI
689 84 829 117 23-33
1341 78 1400 120 53

55 191 485 250 magnanimitatem?
553 190 840 233 Anaxilaus
879 188 994 231 enim
1030 187 1288 242 Messenius,
1328 187 1400 242 qui
1414 187 1470 229 29

16 267 19 300 1
52 253 299 296 Messanam
317 252 362 293 in
376 249 526 293 Sicilia
545 249 746 304 condidit,
768 248 850 291 fuit
864 248 1160 304 Rheginorum
1177 248 1402 302 tyrannus.

54 313 90 355 is
117 326 213 354 cum
237 324 394 366 paruos
419 309 680 364 relinqueret
704 308 877 362 liberos,
909 306 1138 362 Micytho
1170 320 1295 348 seruo
1323 319 1400 347 suo

16 370 374 415 ‘commendasse
406 370 633 412 contentus
666 369 742 410 est.
792 367 830 410 is
861 366 1042 409 tutelam
1073 367 1221 408 sancte
1253 365 1402 420 gessit,

16 429 366 485 imperiumque
411 430 499 470 tam
542 427 776 469 clementer
817 425 1022 479 obtinuit,
1066 426 1114 466 ut
1151 423 1340 478 Rhegini
1378 438 1403 465 a

17 495 19 540 ξ
57 503 181 532 seruo
224 487 317 544 regi
359 501 448 529 non
490 485 833 542 dedignarentur.
898 484 1118 540 perductis
1162 482 1313 526 deinde
1356 482 1404 524 in

17 541 19 566 ³
56 549 243 590 aetatem
285 546 428 601 pueris
472 547 515 587 et
560 545 674 587 bona
717 547 760 586 et
802 544 1030 600 imperium
1070 541 1267 597 tradidit,
1309 541 1403 596 ipse

54 620 190 662 paruo
222 605 380 647 uiatico
414 607 588 659 sumpto
620 603 839 658 profectus
869 606 947 658 est,
979 605 1023 644 et
1049 601 1280 656 Olympiae
1306 615 1404 643 cum

16 658 19 718 ⁴5
56 679 224 708 summa
254 663 570 719 tranquillitate
602 662 838 705 consenuit.

17 763 20 768 .
174 722 285 773 Quid
317 723 449 765 etiam
474 722 521 764 in
546 735 772 765 commune
799 719 967 763 seruilis
992 719 1168 762 fortuna
1192 717 1405 773 profuerit
1419 717 1476 759 30

17 806 19 821 1
55 797 145 825 non
180 782 328 837 paucis
366 781 550 824 docetur.
610 780 727 822 bello
759 778 923 821 Punico
962 793 1058 821 cum
1098 777 1295 820 deessent
1333 777 1406 832 qui

18 852 19 875 1
58 841 358 896 scriberentur,
390 840 501 882 serui
532 854 610 894 pro
643 838 827 881 dominis
852 840 1121 894 pugnaturos
1149 851 1194 879 se
1220 836 1406 892 polliciti

17 895 19 937 ἒ
56 900 102 942 111
138 899 358 943 ciuitatem
394 899 556 954 recepti
593 900 711 954 sunt,
749 900 792 940 et
829 896 1075 951 Volones,
1112 896 1214 952 quia
1251 897 1406 950 sponte

56 959 138 1002 hoc
168 959 416 1013 uoluerunt,
448 957 665 1012 appellati.

17 1059 20 1070 ,
173 1017 242 1060 Ad
285 1016 456 1060 Cannas
507 1030 674 1071 quoque
716 1016 843 1058 uictis
888 1014 1097 1057 Romanis
1143 1016 1241 1056 octo
1285 1013 1406 1055 milia
1421 1013 1475 1055 31

18 1080 20 1095 '
57 1091 279 1119 seruorum
310 1078 457 1131 empta
486 1075 798 1130 militauerant,
829 1088 1010 1130 cumque
1040 1074 1217 1116 minoris
1245 1073 1407 1128 captiui

18 1133 21 1188 J
56 1135 208 1178 redimi
238 1137 433 1190 possent,
465 1135 619 1178 maluit
651 1148 695 1176 se
727 1149 795 1177 res
827 1133 1004 1189 publica
1036 1133 1172 1175 seruis
1205 1132 1251 1174 in
1281 1133 1407 1174 tanta

18 1193 20 1243 f
56 1196 316 1250 tempestate
341 1194 622 1236 committere.
675 1193 750 1235 sed
775 1195 819 1235 et
842 1194 943 1248 post
969 1192 1267 1235 calamitatem
1294 1191 1406 1246 apud

57 1252 384 1295 Trasimennum
419 1255 547 1295 notae
585 1251 717 1295 cladis
758 1254 978 1307 acceptam
1012 1250 1205 1294 libertini
1238 1264 1407 1306 quoque

18 1317 35 1363 j·
59 1313 104 1354 in
135 1314 446 1354 sacramentum
477 1311 620 1353 uocati
652 1313 765 1353 sunt.

18 1410 20 1421 ,Ἴ
176 1370 299 1412 Bello
344 1370 492 1413 sociali
536 1369 777 1412 cohortium
821 1369 1045 1412 duodecim
1089 1383 1140 1411 ex
1189 1368 1405 1411 libertinis
1421 1369 1478 1410 32

18 1459 20 1482 a
60 1430 400 1484 conscriptarum
450 1442 580 1484 opera
627 1428 924 1471 memorabilis
973 1428 1146 1470 uirtutis
1193 1427 1407 1483 apparuit.

61 1486 106 1531 C.
133 1487 423 1542 Caesarem,
454 1502 549 1530 cum
580 1487 742 1530 milites
774 1487 819 1529 in
851 1487 1106 1529 amissorum
1137 1487 1278 1528 locum
1311 1487 1409 1529 sub-

19 1566 22 1607 J
60 1547 268 1602 stitueret,
299 1561 447 1589 seruos
478 1561 646 1602 quoque
678 1546 732 1588 ab
765 1546 914 1588 amicis
947 1546 1162 1601 accepisse
1191 1548 1234 1587 et
1260 1560 1407 1588 eorum

59 1605 163 1648 forti
195 1620 325 1660 opera
355 1620 480 1647 usum
512 1619 604 1647 esse
637 1605 936 1660 comperimus.

21 1666 23 1682 l
176 1662 363 1707 Caesar
399 1663 664 1719 Augustus
702 1664 747 1706 in
778 1663 1009 1706 Germania
1047 1666 1091 1706 et
1127 1663 1304 1719 Illyrico
1340 1677 1407 1706 co-

19 1729 22 1786 ξ
57 1722 203 1824 horte?
235 1723 536 1766 libertinorum
568 1723 808 1779 complures
840 1723 965 1779 legit,
1001 1737 1107 1778 quas
1139 1722 1407 1765 uoluntarias

58 1796 166 1838 appe
204 1783 305 1824 auit.

19 1845 22 1874 ἓ
174 1840 239 1883 Ac
281 1855 334 1883 ne
377 1843 503 1896 putes
546 1840 652 1883 haec
691 1841 736 1883 in
774 1843 926 1884 nostra
962 1842 1133 1883 tantum
1170 1840 1406 1896 contigisse
1421 1841 1479 1884 33

20 1923 33 1952 μ
56 1913 101 1942 re
136 1900 327 1955 publica,
363 1898 806 1955 Borysthenithae
844 1900 1121 1956 obpugnante
1153 1899 1407 1955 Zopyrione,

149 2089 172 2120 2
199 2085 315 2121 sicilia
340 2086 378 2121 P
468 2097 681 2131 reginorum
706 2086 750 2132 P,
775 2086 986 2133 reg}norum
1012 2086 1049 2122 Β
1146 2090 1167 2121 3
1192 2087 1346 2122 m1c1tho
1374 2086 1411 2121 P

57 2135 79 2167 5
106 2133 269 2178 optinuit
293 2132 331 2168 P
416 2144 537 2179 regim
561 2134 642 2169 BP
775 2137 797 2169 8
822 2133 1013 2179 profectus
1028 2138 1176 2179 praeter
1200 2134 1245 2169 us
1266 2134 1308 2169 in
1331 2145 1405 2170 ras.

20 2225 21 2232 ἵ
57 2181 196 2225 (prima
227 2180 295 2215 litt.
320 2180 395 2224 fuit
420 2180 454 2225 f)
479 2181 521 2216 in
546 2180 584 2216 P
676 2180 830 2229 ol1mp1e
857 2181 895 2215 P
983 2185 1026 2217 16
1051 2181 1215 2218 minores
1235 2182 1271 2216 B
1363 2184 1406 2216 19

20 2240 21 2250 ¹
54 2226 258 2263 tranmsnu
284 2227 322 2262 P
395 2231 439 2263 21
466 2227 640 2264 [οι-,1111100
666 2228 827 2264 hostmm
853 2225 902 2263 B'
989 2239 1033 2264 ex
1057 2228 1246 2264 libertlms
1262 2232 1408 2274 praeter

20 2306 21 2309 ,
54 2272 115 2309 ms
127 2274 169 2310 in
187 2284 259 2310 ras.
280 2275 323 2310 in
341 2273 380 2309 P
447 2278 492 2310 23
514 2275 540 2311 O
560 2285 627 2311 om.
646 2275 683 2310 B
757 2279 802 2311 26
820 2274 957 2312 111meo
978 2275 1015 2310 P
1083 2280 1128 2311 30
1147 2275 1407 2321 borysthemae

21 2350 22 2354 ,
57 2319 94 2355 Β
164 2321 407 2366 oppugnante
433 2321 471 2356 P
538 2322 741 2369 zopinlone
767 2322 804 2357 P
