<?xml version="1.0" encoding="UTF-8"?>
<!DOCTYPE html PUBLIC "-//W3C//DTD XHTML 1.0 Transitional//EN"
    "http://www.w3.org/TR/xhtml1/DTD/xhtml1-transitional.dtd">
<html xmlns="http://www.w3.org/1999/xhtml" xml:lang="en" lang="en">
 <head>
  <title>
</title>
<meta http-equiv="Content-Type" content="text/html;charset=utf-8" />
  <meta name='ocr-system' content='tesseract 3.04.00' />
  <meta name='ocr-capabilities' content='ocr_page ocr_carea ocr_par ocr_line ocrx_word'/>
</head>
<body>
  <div class='ocr_page' id='page_1' title='image "./macrobiusfrancis00macruoft_0434.png"; bbox 0 0 1526 2444; ppageno 0'>
   <div class='ocr_carea' id='block_1_1' title="bbox 143 95 977 136">
    <p class='ocr_par' dir='ltr' id='par_1_1' title="bbox 143 95 977 136">
     <span class='ocr_line' id='line_1_1' title="bbox 143 95 977 136; baseline -0.008 0"><span class='ocrx_word' id='word_1_1' title='bbox 143 95 228 136; x_wconf 81' lang='grc'>422</span> <span class='ocrx_word' id='word_1_2' title='bbox 635 95 732 130; x_wconf 81' lang='lat' dir='ltr'>SAT.</span> <span class='ocrx_word' id='word_1_3' title='bbox 757 95 886 130; x_wconf 80' lang='lat' dir='ltr'>LIBRI</span> <span class='ocrx_word' id='word_1_4' title='bbox 909 95 977 130; x_wconf 89' lang='lat' dir='ltr'>VII</span> 
     </span>
    </p>
   </div>
   <div class='ocr_carea' id='block_1_2' title="bbox 73 201 1526 2102">
    <p class='ocr_par' dir='ltr' id='par_1_2' title="bbox 73 201 1526 2100">
     <span class='ocr_line' id='line_1_2' title="bbox 144 201 1462 255; baseline -0.001 -12"><span class='ocrx_word' id='word_1_5' title='bbox 144 216 219 243; x_wconf 87' lang='lat' dir='ltr'>sua</span> <span class='ocrx_word' id='word_1_6' title='bbox 262 201 430 255; x_wconf 79' lang='lat' dir='ltr'><strong>desunt,</strong></span> <span class='ocrx_word' id='word_1_7' title='bbox 473 214 597 255; x_wconf 85' lang='lat' dir='ltr'>quae,</span> <span class='ocrx_word' id='word_1_8' title='bbox 640 214 732 242; x_wconf 89' lang='lat' dir='ltr'>cum</span> <span class='ocrx_word' id='word_1_9' title='bbox 770 201 959 243; x_wconf 92' lang='lat' dir='ltr'>membra</span> <span class='ocrx_word' id='word_1_10' title='bbox 996 201 1136 243; x_wconf 90' lang='lat' dir='ltr'>omnia</span> <span class='ocrx_word' id='word_1_11' title='bbox 1172 201 1216 241; x_wconf 91' lang='lat' dir='ltr'>in</span> <span class='ocrx_word' id='word_1_12' title='bbox 1254 214 1330 242; x_wconf 84' lang='lat' dir='ltr'>sua</span> <span class='ocrx_word' id='word_1_13' title='bbox 1366 203 1462 242; x_wconf 89' lang='lat' dir='ltr'>sunt</span> 
     </span>
     <span class='ocr_line' id='line_1_3' title="bbox 73 258 1461 313; baseline -0.001 -12"><span class='ocrx_word' id='word_1_14' title='bbox 73 259 131 301; x_wconf 80' lang='lat'>24</span> <span class='ocrx_word' id='word_1_15' title='bbox 145 261 337 312; x_wconf 86' lang='lat' dir='ltr'>sanitate,</span> <span class='ocrx_word' id='word_1_16' title='bbox 368 273 443 312; x_wconf 89' lang='lat' dir='ltr'>per</span> <span class='ocrx_word' id='word_1_17' title='bbox 475 259 659 300; x_wconf 89' lang='lat' dir='ltr'>occultos</span> <span class='ocrx_word' id='word_1_18' title='bbox 692 262 946 301; x_wconf 89' lang='lat' dir='ltr'>euanescunt</span> <span class='ocrx_word' id='word_1_19' title='bbox 977 261 1149 300; x_wconf 83' lang='lat' dir='ltr'>meatus.</span> <span class='ocrx_word' id='word_1_20' title='bbox 1211 258 1331 313; x_wconf 84' lang='lat' dir='ltr'>siqua</span> <span class='ocrx_word' id='word_1_21' title='bbox 1362 272 1461 300; x_wconf 89' lang='lat' dir='ltr'>uero</span> 
     </span>
     <span class='ocr_line' id='line_1_4' title="bbox 143 316 1461 371; baseline -0.002 -12"><span class='ocrx_word' id='word_1_22' title='bbox 143 332 243 371; x_wconf 89' lang='lat' dir='ltr'>pars</span> <span class='ocrx_word' id='word_1_23' title='bbox 281 316 469 370; x_wconf 91' lang='lat' dir='ltr'>corporis</span> <span class='ocrx_word' id='word_1_24' title='bbox 508 319 742 371; x_wconf 75' lang='lat' dir='ltr'>aegrescat,</span> <span class='ocrx_word' id='word_1_25' title='bbox 779 317 825 357; x_wconf 90' lang='lat' dir='ltr'>in</span> <span class='ocrx_word' id='word_1_26' title='bbox 860 317 998 370; x_wconf 88' lang='lat' dir='ltr'><strong>ipsam</strong></span> <span class='ocrx_word' id='word_1_27' title='bbox 1036 316 1157 371; x_wconf 82' lang='lat' dir='ltr'>quasi</span> <span class='ocrx_word' id='word_1_28' title='bbox 1187 316 1461 357; x_wconf 88' lang='lat' dir='ltr'>infirmiorem</span> 
     </span>
     <span class='ocr_line' id='line_1_5' title="bbox 144 373 1463 428; baseline -0.001 -13"><span class='ocrx_word' id='word_1_29' title='bbox 144 375 299 416; x_wconf 84' lang='lat' dir='ltr'>ultima</span> <span class='ocrx_word' id='word_1_30' title='bbox 322 374 407 428; x_wconf 90' lang='lat' dir='ltr'>illa,</span> <span class='ocrx_word' id='word_1_31' title='bbox 438 388 543 428; x_wconf 90' lang='lat' dir='ltr'>quae</span> <span class='ocrx_word' id='word_1_32' title='bbox 569 374 749 415; x_wconf 86' lang='lat' dir='ltr'><strong>diximus</strong></span> <span class='ocrx_word' id='word_1_33' title='bbox 774 374 1031 428; x_wconf 85' lang='lat' dir='ltr'>retrimenta,</span> <span class='ocrx_word' id='word_1_34' title='bbox 1059 374 1273 428; x_wconf 86' lang='lat' dir='ltr'>labuntur,</span> <span class='ocrx_word' id='word_1_35' title='bbox 1298 375 1341 414; x_wconf 86' lang='lat' dir='ltr'>et</span> <span class='ocrx_word' id='word_1_36' title='bbox 1365 373 1463 415; x_wconf 89' lang='lat' dir='ltr'>hinc</span> 
     </span>
     <span class='ocr_line' id='line_1_6' title="bbox 142 430 1513 485; baseline 0.002 -13"><span class='ocrx_word' id='word_1_37' title='bbox 142 434 374 474; x_wconf 88' lang='lat' dir='ltr'>nascuntur</span> <span class='ocrx_word' id='word_1_38' title='bbox 415 432 661 474; x_wconf 85' lang='lat' dir='ltr'>morborum</span> <span class='ocrx_word' id='word_1_39' title='bbox 704 445 874 485; x_wconf 87' lang='lat' dir='ltr'>causae,</span> <span class='ocrx_word' id='word_1_40' title='bbox 918 446 1024 485; x_wconf 87' lang='lat' dir='ltr'>quae</span> <span class='ocrx_word' id='word_1_41' title='bbox 1065 430 1254 485; x_wconf 80' lang='grc' dir='ltr'><em>ῥεύματα</em></span> <span class='ocrx_word' id='word_1_42' title='bbox 1291 431 1462 472; x_wconf 90' lang='lat' dir='ltr'>medicis</span> <span class='ocrx_word' id='word_1_43' title='bbox 1497 447 1513 475; x_wconf 79' lang='lat'>⁵</span> 
     </span>
     <span class='ocr_line' id='line_1_7' title="bbox 73 488 1464 533; baseline -0.003 0"><span class='ocrx_word' id='word_1_44' title='bbox 73 491 130 533; x_wconf 80' lang='lat'>25</span> <span class='ocrx_word' id='word_1_45' title='bbox 143 504 294 532; x_wconf 85' lang='lat' dir='ltr'>uocare</span> <span class='ocrx_word' id='word_1_46' title='bbox 319 504 409 531; x_wconf 91' lang='lat' dir='ltr'>mos</span> <span class='ocrx_word' id='word_1_47' title='bbox 435 491 511 531; x_wconf 90' lang='lat' dir='ltr'>est.</span> <span class='ocrx_word' id='word_1_48' title='bbox 556 490 592 530; x_wconf 88' lang='lat' dir='ltr'>si</span> <span class='ocrx_word' id='word_1_49' title='bbox 618 490 729 531; x_wconf 93' lang='lat' dir='ltr'>enim</span> <span class='ocrx_word' id='word_1_50' title='bbox 754 489 882 530; x_wconf 91' lang='lat' dir='ltr'>fuerit</span> <span class='ocrx_word' id='word_1_51' title='bbox 899 489 1039 530; x_wconf 90' lang='lat' dir='ltr'>ultimi</span> <span class='ocrx_word' id='word_1_52' title='bbox 1059 490 1147 530; x_wconf 90' lang='lat' dir='ltr'>suci</span> <span class='ocrx_word' id='word_1_53' title='bbox 1164 489 1276 531; x_wconf 88' lang='lat' dir='ltr'>iusto</span> <span class='ocrx_word' id='word_1_54' title='bbox 1295 488 1464 530; x_wconf 86' lang='lat' dir='ltr'>uberior</span> 
     </span>
     <span class='ocr_line' id='line_1_8' title="bbox 143 546 1463 601; baseline -0.002 -12"><span class='ocrx_word' id='word_1_55' title='bbox 143 547 386 601; x_wconf 88' lang='lat' dir='ltr'>multitudo,</span> <span class='ocrx_word' id='word_1_56' title='bbox 416 547 526 588; x_wconf 90' lang='lat' dir='ltr'>hanc</span> <span class='ocrx_word' id='word_1_57' title='bbox 558 562 583 588; x_wconf 88' lang='lat' dir='ltr'>a</span> <span class='ocrx_word' id='word_1_58' title='bbox 613 561 658 588; x_wconf 90' lang='lat' dir='ltr'>se</span> <span class='ocrx_word' id='word_1_59' title='bbox 688 547 856 600; x_wconf 87' lang='lat' dir='ltr'>repellit</span> <span class='ocrx_word' id='word_1_60' title='bbox 885 561 982 600; x_wconf 86' lang='lat' dir='ltr'>pars</span> <span class='ocrx_word' id='word_1_61' title='bbox 1014 546 1203 600; x_wconf 89' lang='lat' dir='ltr'>corporis</span> <span class='ocrx_word' id='word_1_62' title='bbox 1234 546 1327 600; x_wconf 88' lang='lat' dir='ltr'>illa,</span> <span class='ocrx_word' id='word_1_63' title='bbox 1358 560 1463 600; x_wconf 83' lang='lat' dir='ltr'>quae</span> 
     </span>
     <span class='ocr_line' id='line_1_9' title="bbox 144 604 1462 660; baseline -0.002 -13"><span class='ocrx_word' id='word_1_64' title='bbox 144 606 287 648; x_wconf 83' lang='lat' dir='ltr'>sanior</span> <span class='ocrx_word' id='word_1_65' title='bbox 311 607 387 660; x_wconf 89' lang='lat' dir='ltr'>est,</span> <span class='ocrx_word' id='word_1_66' title='bbox 412 607 455 646; x_wconf 89' lang='lat' dir='ltr'>et</span> <span class='ocrx_word' id='word_1_67' title='bbox 481 605 569 646; x_wconf 87' lang='lat' dir='ltr'>sine</span> <span class='ocrx_word' id='word_1_68' title='bbox 596 605 724 646; x_wconf 91' lang='lat' dir='ltr'>dubio</span> <span class='ocrx_word' id='word_1_69' title='bbox 749 605 906 646; x_wconf 79' lang='lat' dir='ltr'>labitur</span> <span class='ocrx_word' id='word_1_70' title='bbox 930 605 974 645; x_wconf 89' lang='lat' dir='ltr'>in</span> <span class='ocrx_word' id='word_1_71' title='bbox 995 604 1205 645; x_wconf 86' lang='lat' dir='ltr'>infirmam</span> <span class='ocrx_word' id='word_1_72' title='bbox 1226 618 1332 658; x_wconf 85' lang='lat' dir='ltr'>quae</span> <span class='ocrx_word' id='word_1_73' title='bbox 1351 604 1462 645; x_wconf 87' lang='lat' dir='ltr'>uires</span> 
     </span>
     <span class='ocr_line' id='line_1_10' title="bbox 142 661 1464 717; baseline -0.002 -12"><span class='ocrx_word' id='word_1_74' title='bbox 142 677 230 705; x_wconf 90' lang='lat' dir='ltr'>non</span> <span class='ocrx_word' id='word_1_75' title='bbox 270 663 402 705; x_wconf 88' lang='lat' dir='ltr'>habet</span> <span class='ocrx_word' id='word_1_76' title='bbox 438 662 684 717; x_wconf 87' lang='lat' dir='ltr'>repellendi,</span> <span class='ocrx_word' id='word_1_77' title='bbox 727 662 838 704; x_wconf 92' lang='lat' dir='ltr'>unde</span> <span class='ocrx_word' id='word_1_78' title='bbox 874 662 1003 703; x_wconf 85' lang='lat' dir='ltr'>alieni</span> <span class='ocrx_word' id='word_1_79' title='bbox 1040 662 1225 716; x_wconf 75' lang='lat' dir='ltr'>receptio</span> <span class='ocrx_word' id='word_1_80' title='bbox 1263 661 1464 703; x_wconf 73' lang='lat' dir='ltr'>distendit</span> 
     </span>
     <span class='ocr_line' id='line_1_11' title="bbox 143 719 1517 775; baseline 0 -13"><span class='ocrx_word' id='word_1_81' title='bbox 143 722 295 775; x_wconf 88' lang='lat' dir='ltr'>locum,</span> <span class='ocrx_word' id='word_1_82' title='bbox 314 721 358 762; x_wconf 91' lang='lat' dir='ltr'>in</span> <span class='ocrx_word' id='word_1_83' title='bbox 378 735 501 775; x_wconf 90' lang='lat' dir='ltr'>quem</span> <span class='ocrx_word' id='word_1_84' title='bbox 522 719 728 773; x_wconf 82' lang='lat' dir='ltr'>ceciderit,</span> <span class='ocrx_word' id='word_1_85' title='bbox 749 722 790 761; x_wconf 90' lang='lat' dir='ltr'>et</span> <span class='ocrx_word' id='word_1_86' title='bbox 807 720 907 762; x_wconf 89' lang='lat' dir='ltr'>hinc</span> <span class='ocrx_word' id='word_1_87' title='bbox 926 722 1120 761; x_wconf 83' lang='lat' dir='ltr'>creantur</span> <span class='ocrx_word' id='word_1_88' title='bbox 1140 719 1317 761; x_wconf 88' lang='lat' dir='ltr'>dolores.</span> <span class='ocrx_word' id='word_1_89' title='bbox 1361 719 1464 761; x_wconf 83' lang='lat' dir='ltr'>haec</span> <span class='ocrx_word' id='word_1_90' title='bbox 1483 736 1517 762; x_wconf 77' lang='grc' dir='ltr'>ιο</span> 
     </span>
     <span class='ocr_line' id='line_1_12' title="bbox 144 777 1465 833; baseline -0.002 -13"><span class='ocrx_word' id='word_1_91' title='bbox 144 781 209 820; x_wconf 89' lang='lat' dir='ltr'>est</span> <span class='ocrx_word' id='word_1_92' title='bbox 244 792 343 833; x_wconf 90' lang='lat' dir='ltr'>ergo</span> <span class='ocrx_word' id='word_1_93' title='bbox 375 778 530 832; x_wconf 85' lang='lat' dir='ltr'>triplex</span> <span class='ocrx_word' id='word_1_94' title='bbox 562 792 689 819; x_wconf 85' lang='lat' dir='ltr'>causa</span> <span class='ocrx_word' id='word_1_95' title='bbox 719 778 786 819; x_wconf 90' lang='lat' dir='ltr'>uel</span> <span class='ocrx_word' id='word_1_96' title='bbox 818 778 1031 832; x_wconf 85' lang='lat' dir='ltr'>podagrae</span> <span class='ocrx_word' id='word_1_97' title='bbox 1062 777 1130 818; x_wconf 90' lang='lat' dir='ltr'>uel</span> <span class='ocrx_word' id='word_1_98' title='bbox 1161 777 1384 818; x_wconf 88' lang='lat' dir='ltr'>cuiuslibet</span> <span class='ocrx_word' id='word_1_99' title='bbox 1414 791 1465 818; x_wconf 85' lang='lat' dir='ltr'>ex</span> 
     </span>
     <span class='ocr_line' id='line_1_13' title="bbox 145 834 1463 888; baseline -0.002 -10"><span class='ocrx_word' id='word_1_100' title='bbox 145 836 401 878; x_wconf 88' lang='lat' dir='ltr'>confluentia</span> <span class='ocrx_word' id='word_1_101' title='bbox 431 836 570 877; x_wconf 88' lang='lat' dir='ltr'>morbi</span> <span class='ocrx_word' id='word_1_102' title='bbox 599 835 644 876; x_wconf 91' lang='lat' dir='ltr'>id</span> <span class='ocrx_word' id='word_1_103' title='bbox 675 837 739 877; x_wconf 90' lang='lat' dir='ltr'>est</span> <span class='ocrx_word' id='word_1_104' title='bbox 767 835 995 877; x_wconf 90' lang='lat' dir='ltr'>multitudo</span> <span class='ocrx_word' id='word_1_105' title='bbox 1026 835 1230 888; x_wconf 89' lang='lat' dir='ltr'>humoris,</span> <span class='ocrx_word' id='word_1_106' title='bbox 1259 834 1463 876; x_wconf 89' lang='lat' dir='ltr'>fortitudo</span> 
     </span>
     <span class='ocr_line' id='line_1_14' title="bbox 74 892 1464 948; baseline -0.003 -12"><span class='ocrx_word' id='word_1_107' title='bbox 74 896 131 937; x_wconf 84' lang='grc'>26</span> <span class='ocrx_word' id='word_1_108' title='bbox 144 894 326 935; x_wconf 90' lang='lat' dir='ltr'>membri</span> <span class='ocrx_word' id='word_1_109' title='bbox 357 909 381 935; x_wconf 90' lang='lat' dir='ltr'>a</span> <span class='ocrx_word' id='word_1_110' title='bbox 411 908 454 935; x_wconf 89' lang='lat' dir='ltr'>se</span> <span class='ocrx_word' id='word_1_111' title='bbox 482 893 727 948; x_wconf 84' lang='lat' dir='ltr'>repellentis</span> <span class='ocrx_word' id='word_1_112' title='bbox 753 895 796 935; x_wconf 89' lang='lat' dir='ltr'>et</span> <span class='ocrx_word' id='word_1_113' title='bbox 819 892 1060 947; x_wconf 87' lang='lat' dir='ltr'>recipientis</span> <span class='ocrx_word' id='word_1_114' title='bbox 1085 892 1320 933; x_wconf 87' lang='lat' dir='ltr'>infirmitas.</span> <span class='ocrx_word' id='word_1_115' title='bbox 1370 906 1464 933; x_wconf 90' lang='lat' dir='ltr'>cum</span> 
     </span>
     <span class='ocr_line' id='line_1_15' title="bbox 143 949 1464 1007; baseline -0.002 -15"><span class='ocrx_word' id='word_1_116' title='bbox 143 952 276 1007; x_wconf 86' lang='lat' dir='ltr'>igitur</span> <span class='ocrx_word' id='word_1_117' title='bbox 296 951 602 992; x_wconf 86' lang='lat' dir='ltr'>adseruerimus</span> <span class='ocrx_word' id='word_1_118' title='bbox 621 952 821 1004; x_wconf 88' lang='lat' dir='ltr'>quattuor</span> <span class='ocrx_word' id='word_1_119' title='bbox 839 951 882 991; x_wconf 93' lang='lat' dir='ltr'>in</span> <span class='ocrx_word' id='word_1_120' title='bbox 902 964 1074 1004; x_wconf 89' lang='lat' dir='ltr'>corpore</span> <span class='ocrx_word' id='word_1_121' title='bbox 1093 949 1183 991; x_wconf 86' lang='lat' dir='ltr'>fieri</span> <span class='ocrx_word' id='word_1_122' title='bbox 1196 949 1464 1004; x_wconf 81' lang='lat' dir='ltr'>digestiones,</span> 
     </span>
     <span class='ocr_line' id='line_1_16' title="bbox 145 1007 1519 1064; baseline -0.001 -13"><span class='ocrx_word' id='word_1_123' title='bbox 145 1024 322 1064; x_wconf 87' lang='lat' dir='ltr'>quarum</span> <span class='ocrx_word' id='word_1_124' title='bbox 348 1010 480 1051; x_wconf 85' lang='lat' dir='ltr'>altera</span> <span class='ocrx_word' id='word_1_125' title='bbox 503 1008 659 1063; x_wconf 89' lang='lat' dir='ltr'>pendet</span> <span class='ocrx_word' id='word_1_126' title='bbox 683 1023 733 1050; x_wconf 88' lang='lat' dir='ltr'>ex</span> <span class='ocrx_word' id='word_1_127' title='bbox 759 1009 903 1059; x_wconf 86' lang='lat' dir='ltr'>altera,</span> <span class='ocrx_word' id='word_1_128' title='bbox 935 1010 977 1049; x_wconf 92' lang='lat' dir='ltr'>et</span> <span class='ocrx_word' id='word_1_129' title='bbox 1002 1009 1038 1049; x_wconf 85' lang='lat' dir='ltr'>si</span> <span class='ocrx_word' id='word_1_130' title='bbox 1061 1007 1313 1062; x_wconf 85' lang='lat' dir='ltr'>praecedens</span> <span class='ocrx_word' id='word_1_131' title='bbox 1339 1007 1467 1048; x_wconf 87' lang='lat' dir='ltr'>fuerit</span> <span class='ocrx_word' id='word_1_132' title='bbox 1485 1022 1519 1049; x_wconf 88' lang='lat'>15</span> 
     </span>
     <span class='ocr_line' id='line_1_17' title="bbox 145 1065 1465 1121; baseline -0.003 -13"><span class='ocrx_word' id='word_1_133' title='bbox 145 1068 361 1121; x_wconf 87' lang='lat' dir='ltr'>impedita,</span> <span class='ocrx_word' id='word_1_134' title='bbox 379 1067 519 1108; x_wconf 90' lang='lat' dir='ltr'>nullus</span> <span class='ocrx_word' id='word_1_135' title='bbox 537 1067 587 1107; x_wconf 86' lang='lat' dir='ltr'>fit</span> <span class='ocrx_word' id='word_1_136' title='bbox 606 1066 821 1121; x_wconf 87' lang='lat' dir='ltr'>sequentis</span> <span class='ocrx_word' id='word_1_137' title='bbox 841 1066 1022 1118; x_wconf 87' lang='lat' dir='ltr'>effectus,</span> <span class='ocrx_word' id='word_1_138' title='bbox 1040 1079 1303 1106; x_wconf 82' lang='lat' dir='ltr'>recurramus</span> <span class='ocrx_word' id='word_1_139' title='bbox 1323 1065 1465 1105; x_wconf 89' lang='lat' dir='ltr'>animo</span> 
     </span>
     <span class='ocr_line' id='line_1_18' title="bbox 147 1122 1467 1178; baseline -0.003 -12"><span class='ocrx_word' id='word_1_140' title='bbox 147 1125 199 1167; x_wconf 86' lang='lat' dir='ltr'>ad</span> <span class='ocrx_word' id='word_1_141' title='bbox 222 1125 342 1166; x_wconf 85' lang='lat' dir='ltr'>illam</span> <span class='ocrx_word' id='word_1_142' title='bbox 366 1125 546 1178; x_wconf 83' lang='lat' dir='ltr'>primam</span> <span class='ocrx_word' id='word_1_143' title='bbox 565 1124 858 1178; x_wconf 82' lang='lat' dir='ltr'>digestionem,</span> <span class='ocrx_word' id='word_1_144' title='bbox 884 1137 989 1178; x_wconf 89' lang='lat' dir='ltr'>quae</span> <span class='ocrx_word' id='word_1_145' title='bbox 1008 1123 1052 1164; x_wconf 92' lang='lat' dir='ltr'>in</span> <span class='ocrx_word' id='word_1_146' title='bbox 1071 1125 1218 1163; x_wconf 85' lang='lat' dir='ltr'>uentre</span> <span class='ocrx_word' id='word_1_147' title='bbox 1238 1122 1467 1174; x_wconf 89' lang='lat' dir='ltr'>conficitur,</span> 
     </span>
     <span class='ocr_line' id='line_1_19' title="bbox 146 1179 1468 1247; baseline -0.003 -23"><span class='ocrx_word' id='word_1_148' title='bbox 146 1185 190 1223; x_wconf 86' lang='lat' dir='ltr'>et</span> <span class='ocrx_word' id='word_1_149' title='bbox 213 1182 466 1235; x_wconf 91' lang='lat' dir='ltr'>inuenietur,</span> <span class='ocrx_word' id='word_1_150' title='bbox 491 1182 590 1236; x_wconf 88' lang='lat' dir='ltr'>quid</span> <span class='ocrx_word' id='word_1_151' title='bbox 614 1181 906 1247; x_wconf 84' lang='lat' dir='ltr'>impedimenti</span> <span class='ocrx_word' id='word_1_152' title='bbox 931 1195 981 1221; x_wconf 84' lang='lat' dir='ltr'>ex</span> <span class='ocrx_word' id='word_1_153' title='bbox 1000 1179 1251 1222; x_wconf 79' lang='lat' dir='ltr'>multiformi</span> <span class='ocrx_word' id='word_1_154' title='bbox 1268 1182 1468 1221; x_wconf 85' lang='lat' dir='ltr'>nascatur</span> 
     </span>
     <span class='ocr_line' id='line_1_20' title="bbox 76 1238 1524 1283; baseline -0.003 -1"><span class='ocrx_word' id='word_1_155' title='bbox 76 1242 130 1283; x_wconf 81' lang='lat'>27</span> <span class='ocrx_word' id='word_1_156' title='bbox 147 1241 358 1282; x_wconf 88' lang='lat' dir='ltr'>alimonia.</span> <span class='ocrx_word' id='word_1_157' title='bbox 425 1240 689 1281; x_wconf 90' lang='lat' dir='ltr'>diuersorum</span> <span class='ocrx_word' id='word_1_158' title='bbox 739 1239 850 1279; x_wconf 83' lang='lat' dir='ltr'>enim</span> <span class='ocrx_word' id='word_1_159' title='bbox 888 1238 1077 1280; x_wconf 87' lang='lat' dir='ltr'>ciborum</span> <span class='ocrx_word' id='word_1_160' title='bbox 1114 1238 1282 1279; x_wconf 88' lang='lat' dir='ltr'>diuersa</span> <span class='ocrx_word' id='word_1_161' title='bbox 1317 1239 1467 1278; x_wconf 85' lang='lat' dir='ltr'>natura</span> <span class='ocrx_word' id='word_1_162' title='bbox 1520 1280 1524 1282; x_wconf 59' lang='grc'><strong>,</strong></span> 
     </span>
     <span class='ocr_line' id='line_1_21' title="bbox 149 1295 1526 1359; baseline -0.004 -20"><span class='ocrx_word' id='word_1_163' title='bbox 149 1300 224 1351; x_wconf 88' lang='lat' dir='ltr'>est,</span> <span class='ocrx_word' id='word_1_164' title='bbox 255 1301 298 1339; x_wconf 93' lang='lat' dir='ltr'>et</span> <span class='ocrx_word' id='word_1_165' title='bbox 330 1299 428 1339; x_wconf 89' lang='lat' dir='ltr'>sunt</span> <span class='ocrx_word' id='word_1_166' title='bbox 459 1297 532 1351; x_wconf 92' lang='lat' dir='ltr'>qui</span> <span class='ocrx_word' id='word_1_167' title='bbox 564 1297 752 1350; x_wconf 90' lang='lat' dir='ltr'>celerius,</span> <span class='ocrx_word' id='word_1_168' title='bbox 783 1298 882 1338; x_wconf 88' lang='lat' dir='ltr'>sunt</span> <span class='ocrx_word' id='word_1_169' title='bbox 912 1296 983 1350; x_wconf 91' lang='lat' dir='ltr'>qui</span> <span class='ocrx_word' id='word_1_170' title='bbox 1013 1295 1175 1337; x_wconf 87' lang='lat' dir='ltr'>tardius</span> <span class='ocrx_word' id='word_1_171' title='bbox 1207 1295 1466 1349; x_wconf 87' lang='lat' dir='ltr'>digeruntur.</span> <span class='ocrx_word' id='word_1_172' title='bbox 1485 1311 1526 1359; x_wconf 70' lang='lat'>²⁰?</span> 
     </span>
     <span class='ocr_line' id='line_1_22' title="bbox 147 1353 1526 1421; baseline -0.003 -24"><span class='ocrx_word' id='word_1_173' title='bbox 147 1370 241 1397; x_wconf 91' lang='lat' dir='ltr'>cum</span> <span class='ocrx_word' id='word_1_174' title='bbox 278 1369 378 1410; x_wconf 89' lang='lat' dir='ltr'>ergo</span> <span class='ocrx_word' id='word_1_175' title='bbox 416 1356 555 1421; x_wconf 88' lang='lat' dir='ltr'>prima</span> <span class='ocrx_word' id='word_1_176' title='bbox 592 1354 773 1408; x_wconf 89' lang='lat' dir='ltr'>digestio</span> <span class='ocrx_word' id='word_1_177' title='bbox 810 1354 940 1395; x_wconf 90' lang='lat' dir='ltr'>uertit</span> <span class='ocrx_word' id='word_1_178' title='bbox 978 1354 1020 1394; x_wconf 91' lang='lat' dir='ltr'>in</span> <span class='ocrx_word' id='word_1_179' title='bbox 1054 1366 1216 1406; x_wconf 87' lang='lat' dir='ltr'>sucum,</span> <span class='ocrx_word' id='word_1_180' title='bbox 1254 1353 1353 1407; x_wconf 91' lang='lat' dir='ltr'>quia</span> <span class='ocrx_word' id='word_1_181' title='bbox 1382 1366 1468 1394; x_wconf 89' lang='lat' dir='ltr'>non</span> <span class='ocrx_word' id='word_1_182' title='bbox 1523 1397 1526 1402; x_wconf 92' lang='lat'><em>.</em></span> 
     </span>
     <span class='ocr_line' id='line_1_23' title="bbox 148 1411 1468 1466; baseline -0.004 -11"><span class='ocrx_word' id='word_1_183' title='bbox 148 1414 274 1455; x_wconf 89' lang='lat' dir='ltr'>simul</span> <span class='ocrx_word' id='word_1_184' title='bbox 317 1414 460 1455; x_wconf 86' lang='lat' dir='ltr'>omnia</span> <span class='ocrx_word' id='word_1_185' title='bbox 503 1415 674 1466; x_wconf 85' lang='lat' dir='ltr'>accepta</span> <span class='ocrx_word' id='word_1_186' title='bbox 713 1414 955 1465; x_wconf 86' lang='lat' dir='ltr'>uertuntur,</span> <span class='ocrx_word' id='word_1_187' title='bbox 999 1411 1108 1465; x_wconf 92' lang='lat' dir='ltr'>quod</span> <span class='ocrx_word' id='word_1_188' title='bbox 1145 1411 1262 1464; x_wconf 90' lang='lat' dir='ltr'>prius</span> <span class='ocrx_word' id='word_1_189' title='bbox 1298 1424 1468 1451; x_wconf 89' lang='lat' dir='ltr'>uersum</span> 
     </span>
     <span class='ocr_line' id='line_1_24' title="bbox 148 1468 1467 1525; baseline -0.004 -12"><span class='ocrx_word' id='word_1_190' title='bbox 148 1474 223 1525; x_wconf 87' lang='lat' dir='ltr'>est,</span> <span class='ocrx_word' id='word_1_191' title='bbox 258 1471 356 1514; x_wconf 92' lang='lat' dir='ltr'>dum</span> <span class='ocrx_word' id='word_1_192' title='bbox 387 1471 471 1512; x_wconf 87' lang='lat' dir='ltr'>alia</span> <span class='ocrx_word' id='word_1_193' title='bbox 501 1471 665 1512; x_wconf 87' lang='lat' dir='ltr'>tardius</span> <span class='ocrx_word' id='word_1_194' title='bbox 696 1472 929 1523; x_wconf 90' lang='lat' dir='ltr'>uertuntur,</span> <span class='ocrx_word' id='word_1_195' title='bbox 961 1469 1128 1522; x_wconf 84' lang='lat' dir='ltr'>acescit,</span> <span class='ocrx_word' id='word_1_196' title='bbox 1159 1470 1202 1509; x_wconf 87' lang='lat' dir='ltr'>et</span> <span class='ocrx_word' id='word_1_197' title='bbox 1232 1468 1312 1509; x_wconf 90' lang='lat' dir='ltr'>hoc</span> <span class='ocrx_word' id='word_1_198' title='bbox 1343 1481 1467 1521; x_wconf 86' lang='lat' dir='ltr'>saepe</span> 
     </span>
     <span class='ocr_line' id='line_1_25' title="bbox 77 1525 1526 1581; baseline -0.004 -10"><span class='ocrx_word' id='word_1_199' title='bbox 77 1530 132 1571; x_wconf 77' lang='lat'>28</span> <span class='ocrx_word' id='word_1_200' title='bbox 149 1530 276 1571; x_wconf 85' lang='lat' dir='ltr'>etiam</span> <span class='ocrx_word' id='word_1_201' title='bbox 309 1528 536 1570; x_wconf 84' lang='lat' dir='ltr'>eructando</span> <span class='ocrx_word' id='word_1_202' title='bbox 570 1528 786 1569; x_wconf 88' lang='lat' dir='ltr'>sentimus.</span> <span class='ocrx_word' id='word_1_203' title='bbox 841 1527 926 1568; x_wconf 89' lang='lat' dir='ltr'>alia</span> <span class='ocrx_word' id='word_1_204' title='bbox 954 1540 1132 1581; x_wconf 88' lang='lat' dir='ltr'>quoque,</span> <span class='ocrx_word' id='word_1_205' title='bbox 1163 1526 1314 1579; x_wconf 90' lang='lat' dir='ltr'>quibus</span> <span class='ocrx_word' id='word_1_206' title='bbox 1345 1525 1469 1566; x_wconf 86' lang='lat' dir='ltr'>tarda</span> <span class='ocrx_word' id='word_1_207' title='bbox 1523 1571 1526 1573; x_wconf 49' lang='grc'><em>,</em></span> 
     </span>
     <span class='ocr_line' id='line_1_26' title="bbox 147 1583 1526 1642; baseline -0.001 -13"><span class='ocrx_word' id='word_1_208' title='bbox 147 1588 328 1642; x_wconf 89' lang='lat' dir='ltr'>digestio</span> <span class='ocrx_word' id='word_1_209' title='bbox 367 1589 448 1641; x_wconf 87' lang='lat' dir='ltr'>est,</span> <span class='ocrx_word' id='word_1_210' title='bbox 484 1587 602 1628; x_wconf 89' lang='lat' dir='ltr'>uelut</span> <span class='ocrx_word' id='word_1_211' title='bbox 637 1586 756 1640; x_wconf 86' lang='lat' dir='ltr'>ligna</span> <span class='ocrx_word' id='word_1_212' title='bbox 793 1585 983 1638; x_wconf 88' lang='lat' dir='ltr'>humida,</span> <span class='ocrx_word' id='word_1_213' title='bbox 1021 1598 1127 1638; x_wconf 87' lang='lat' dir='ltr'>quae</span> <span class='ocrx_word' id='word_1_214' title='bbox 1160 1585 1337 1637; x_wconf 89' lang='lat' dir='ltr'>urgente</span> <span class='ocrx_word' id='word_1_215' title='bbox 1367 1583 1526 1637; x_wconf 63' lang='lat' dir='ltr'>ignens?</span> 
     </span>
     <span class='ocr_line' id='line_1_27' title="bbox 148 1640 1468 1696; baseline -0.005 -9"><span class='ocrx_word' id='word_1_216' title='bbox 148 1645 310 1687; x_wconf 90' lang='lat' dir='ltr'>fumum</span> <span class='ocrx_word' id='word_1_217' title='bbox 360 1645 410 1686; x_wconf 90' lang='lat' dir='ltr'>de</span> <span class='ocrx_word' id='word_1_218' title='bbox 460 1658 504 1686; x_wconf 90' lang='lat' dir='ltr'>se</span> <span class='ocrx_word' id='word_1_219' title='bbox 553 1646 714 1696; x_wconf 86' lang='lat' dir='ltr'>creant,</span> <span class='ocrx_word' id='word_1_220' title='bbox 757 1643 816 1684; x_wconf 89' lang='lat' dir='ltr'>sic</span> <span class='ocrx_word' id='word_1_221' title='bbox 864 1645 908 1684; x_wconf 92' lang='lat' dir='ltr'>et</span> <span class='ocrx_word' id='word_1_222' title='bbox 954 1642 1030 1683; x_wconf 88' lang='lat' dir='ltr'>illa</span> <span class='ocrx_word' id='word_1_223' title='bbox 1077 1641 1321 1682; x_wconf 85' lang='lat' dir='ltr'>imminente</span> <span class='ocrx_word' id='word_1_224' title='bbox 1369 1640 1468 1694; x_wconf 87' lang='lat' dir='ltr'>igne</span> 
     </span>
     <span class='ocr_line' id='line_1_28' title="bbox 148 1675 1468 1755; baseline -0.005 -11"><span class='ocrx_word' id='word_1_225' title='bbox 148 1705 323 1744; x_wconf 85' lang='lat' dir='ltr'>naturae</span> <span class='ocrx_word' id='word_1_226' title='bbox 354 1702 530 1755; x_wconf 89' lang='lat' dir='ltr'>fumant,</span> <span class='ocrx_word' id='word_1_227' title='bbox 563 1702 661 1742; x_wconf 88' lang='lat' dir='ltr'>dum</span> <span class='ocrx_word' id='word_1_228' title='bbox 691 1675 851 1742; x_wconf 79' lang='lat' dir='ltr'>t&#39;ardius</span> <span class='ocrx_word' id='word_1_229' title='bbox 878 1701 1208 1753; x_wconf 90' lang='lat' dir='ltr'>concoquuntur,</span> <span class='ocrx_word' id='word_1_230' title='bbox 1240 1699 1276 1739; x_wconf 90' lang='lat' dir='ltr'>si</span> <span class='ocrx_word' id='word_1_231' title='bbox 1301 1698 1468 1752; x_wconf 92' lang='lat' dir='ltr'>quidem</span> 
     </span>
     <span class='ocr_line' id='line_1_29' title="bbox 79 1756 1470 1809; baseline -0.004 -8"><span class='ocrx_word' id='word_1_232' title='bbox 79 1760 134 1801; x_wconf 75' lang='lat'>29</span> <span class='ocrx_word' id='word_1_233' title='bbox 150 1775 226 1802; x_wconf 86' lang='lat' dir='ltr'>nec</span> <span class='ocrx_word' id='word_1_234' title='bbox 250 1761 330 1803; x_wconf 90' lang='lat' dir='ltr'>hoc</span> <span class='ocrx_word' id='word_1_235' title='bbox 351 1774 519 1802; x_wconf 88' lang='lat' dir='ltr'>sensum</span> <span class='ocrx_word' id='word_1_236' title='bbox 540 1759 770 1801; x_wconf 85' lang='lat' dir='ltr'>eructantis</span> <span class='ocrx_word' id='word_1_237' title='bbox 792 1758 943 1799; x_wconf 89' lang='lat' dir='ltr'>euadit.</span> <span class='ocrx_word' id='word_1_238' title='bbox 992 1757 1110 1799; x_wconf 88' lang='lat' dir='ltr'>cibus</span> <span class='ocrx_word' id='word_1_239' title='bbox 1130 1759 1270 1798; x_wconf 85' lang='lat' dir='ltr'>autem</span> <span class='ocrx_word' id='word_1_240' title='bbox 1292 1756 1470 1809; x_wconf 85' lang='lat' dir='ltr'>simplex</span> 
     </span>
     <span class='ocr_line' id='line_1_30' title="bbox 148 1813 1470 1868; baseline -0.005 -8"><span class='ocrx_word' id='word_1_241' title='bbox 148 1832 233 1859; x_wconf 92' lang='lat' dir='ltr'>non</span> <span class='ocrx_word' id='word_1_242' title='bbox 270 1818 401 1860; x_wconf 88' lang='lat' dir='ltr'>habet</span> <span class='ocrx_word' id='word_1_243' title='bbox 439 1819 757 1859; x_wconf 89' lang='lat' dir='ltr'>controuersam</span> <span class='ocrx_word' id='word_1_244' title='bbox 792 1830 972 1868; x_wconf 87' lang='lat' dir='ltr'>moram,</span> <span class='ocrx_word' id='word_1_245' title='bbox 1009 1815 1108 1856; x_wconf 91' lang='lat' dir='ltr'>dum</span> <span class='ocrx_word' id='word_1_246' title='bbox 1141 1814 1266 1856; x_wconf 90' lang='lat' dir='ltr'>simul</span> <span class='ocrx_word' id='word_1_247' title='bbox 1296 1813 1341 1854; x_wconf 92' lang='lat' dir='ltr'>in</span> <span class='ocrx_word' id='word_1_248' title='bbox 1372 1813 1470 1854; x_wconf 90' lang='lat' dir='ltr'>sim-</span> 
     </span>
     <span class='ocr_line' id='line_1_31' title="bbox 148 1870 1521 1929; baseline -0.002 -13"><span class='ocrx_word' id='word_1_249' title='bbox 148 1876 303 1929; x_wconf 89' lang='lat' dir='ltr'>plicem</span> <span class='ocrx_word' id='word_1_250' title='bbox 329 1890 475 1918; x_wconf 90' lang='lat' dir='ltr'>sucum</span> <span class='ocrx_word' id='word_1_251' title='bbox 500 1875 690 1928; x_wconf 88' lang='lat' dir='ltr'>uertitur,</span> <span class='ocrx_word' id='word_1_252' title='bbox 714 1888 792 1916; x_wconf 91' lang='lat' dir='ltr'>nec</span> <span class='ocrx_word' id='word_1_253' title='bbox 817 1874 1001 1929; x_wconf 90' lang='lat' dir='ltr'>digestio</span> <span class='ocrx_word' id='word_1_254' title='bbox 1027 1872 1113 1914; x_wconf 86' lang='lat' dir='ltr'>ulla</span> <span class='ocrx_word' id='word_1_255' title='bbox 1138 1872 1345 1924; x_wconf 88' lang='lat' dir='ltr'>turbatur,</span> <span class='ocrx_word' id='word_1_256' title='bbox 1371 1870 1468 1912; x_wconf 90' lang='lat' dir='ltr'>dum</span> <span class='ocrx_word' id='word_1_257' title='bbox 1486 1884 1521 1913; x_wconf 65' lang='lat' dir='ltr'>aa</span> 
     </span>
     <span class='ocr_line' id='line_1_32' title="bbox 152 1928 1470 1975; baseline -0.005 0"><span class='ocrx_word' id='word_1_258' title='bbox 152 1948 297 1975; x_wconf 89' lang='lat' dir='ltr'>omnes</span> <span class='ocrx_word' id='word_1_259' title='bbox 336 1933 416 1974; x_wconf 91' lang='lat' dir='ltr'>sibi</span> <span class='ocrx_word' id='word_1_260' title='bbox 452 1935 564 1974; x_wconf 86' lang='lat' dir='ltr'>stata</span> <span class='ocrx_word' id='word_1_261' title='bbox 595 1934 907 1974; x_wconf 87' lang='lat' dir='ltr'>momentorum</span> <span class='ocrx_word' id='word_1_262' title='bbox 937 1930 1197 1972; x_wconf 86' lang='lat' dir='ltr'>dimensione</span> <span class='ocrx_word' id='word_1_263' title='bbox 1229 1928 1470 1970; x_wconf 86' lang='lat' dir='ltr'>succedunt.</span> 
     </span>
     <span class='ocr_line' id='line_1_33' title="bbox 80 1986 1471 2052; baseline -0.005 -19"><span class='ocrx_word' id='word_1_264' title='bbox 80 1991 137 2033; x_wconf 88' lang='lat'>30</span> <span class='ocrx_word' id='word_1_265' title='bbox 151 1991 283 2046; x_wconf 91' lang='lat' dir='ltr'>siquis</span> <span class='ocrx_word' id='word_1_266' title='bbox 321 1994 460 2032; x_wconf 87' lang='lat' dir='ltr'>autem</span> <span class='ocrx_word' id='word_1_267' title='bbox 491 2015 548 2020; x_wconf 95' lang='lat'>—</span> <span class='ocrx_word' id='word_1_268' title='bbox 579 1991 678 2044; x_wconf 87' lang='lat' dir='ltr'>quia</span> <span class='ocrx_word' id='word_1_269' title='bbox 711 1989 818 2030; x_wconf 91' lang='lat' dir='ltr'>nihil</span> <span class='ocrx_word' id='word_1_270' title='bbox 848 1988 1140 2043; x_wconf 86' lang='lat' dir='ltr'>impatientius</span> <span class='ocrx_word' id='word_1_271' title='bbox 1171 1986 1383 2052; x_wconf 82' lang='lat' dir='ltr'>imperitia</span> <span class='ocrx_word' id='word_1_272' title='bbox 1413 2008 1471 2015; x_wconf 93' lang='lat'>—</span> 
     </span>
     <span class='ocr_line' id='line_1_34' title="bbox 150 2044 1469 2102; baseline -0.005 -11"><span class='ocrx_word' id='word_1_273' title='bbox 150 2049 336 2091; x_wconf 86' lang='lat' dir='ltr'>rationes</span> <span class='ocrx_word' id='word_1_274' title='bbox 367 2049 445 2090; x_wconf 89' lang='lat' dir='ltr'>has</span> <span class='ocrx_word' id='word_1_275' title='bbox 478 2048 726 2102; x_wconf 89' lang='lat' dir='ltr'>dedignetur</span> <span class='ocrx_word' id='word_1_276' title='bbox 757 2046 918 2100; x_wconf 89' lang='lat' dir='ltr'>audire,</span> <span class='ocrx_word' id='word_1_277' title='bbox 950 2046 1193 2097; x_wconf 87' lang='lat' dir='ltr'>aestimans,</span> <span class='ocrx_word' id='word_1_278' title='bbox 1225 2058 1311 2085; x_wconf 89' lang='lat' dir='ltr'>non</span> <span class='ocrx_word' id='word_1_279' title='bbox 1341 2044 1469 2098; x_wconf 86' lang='lat' dir='ltr'>impe-</span> 
     </span>
    </p>
   </div>
   <div class='ocr_carea' id='block_1_3' title="bbox 151 2190 1475 2335">
    <p class='ocr_par' dir='ltr' id='par_1_3' title="bbox 151 2190 1475 2335">
     <span class='ocr_line' id='line_1_35' title="bbox 245 2190 1469 2235; baseline -0.006 -3"><span class='ocrx_word' id='word_1_280' title='bbox 245 2201 287 2232; x_wconf 88' lang='lat'>10</span> <span class='ocrx_word' id='word_1_281' title='bbox 313 2198 373 2232; x_wconf 78' lang='lat' dir='ltr'>hic</span> <span class='ocrx_word' id='word_1_282' title='bbox 395 2194 445 2231; x_wconf 92' lang='lat' dir='ltr'>P&#39;</span> <span class='ocrx_word' id='word_1_283' title='bbox 514 2199 556 2230; x_wconf 86' lang='lat'>11</span> <span class='ocrx_word' id='word_1_284' title='bbox 583 2206 628 2230; x_wconf 87' lang='lat' dir='ltr'>ex</span> <span class='ocrx_word' id='word_1_285' title='bbox 648 2194 867 2230; x_wconf 77' lang='lat' dir='ltr'>confluentia</span> <span class='ocrx_word' id='word_1_286' title='bbox 887 2214 930 2219; x_wconf 94' lang='lat'>——-</span> <span class='ocrx_word' id='word_1_287' title='bbox 951 2197 993 2228; x_wconf 81' lang='lat'>12</span> <span class='ocrx_word' id='word_1_288' title='bbox 1014 2193 1212 2228; x_wconf 77' lang='lat' dir='ltr'>multitudo</span> <span class='ocrx_word' id='word_1_289' title='bbox 1231 2202 1296 2227; x_wconf 89' lang='lat' dir='ltr'>om.</span> <span class='ocrx_word' id='word_1_290' title='bbox 1318 2191 1363 2235; x_wconf 90' lang='lat' dir='ltr'>P,</span> <span class='ocrx_word' id='word_1_291' title='bbox 1386 2190 1469 2226; x_wconf 79' lang='lat' dir='ltr'>add.</span> 
     </span>
     <span class='ocr_line' id='line_1_36' title="bbox 152 2218 1475 2286; baseline -0.007 -6"><span class='ocrx_word' id='word_1_292' title='bbox 152 2244 322 2280; x_wconf 74' lang='lat' dir='ltr'>Cantabr.</span> <span class='ocrx_word' id='word_1_293' title='bbox 461 2246 502 2278; x_wconf 84' lang='lat'>17</span> <span class='ocrx_word' id='word_1_294' title='bbox 536 2241 791 2286; x_wconf 78' lang='lat' dir='ltr'>destigestlone</span> <span class='ocrx_word' id='word_1_295' title='bbox 816 2244 857 2276; x_wconf 78' lang='lat' dir='ltr'>ut</span> <span class='ocrx_word' id='word_1_296' title='bbox 880 2241 956 2276; x_wconf 77' lang='lat' dir='ltr'>uid.</span> <span class='ocrx_word' id='word_1_297' title='bbox 983 2240 1029 2274; x_wconf 91' lang='lat' dir='ltr'>P‘</span> <span class='ocrx_word' id='word_1_298' title='bbox 1167 2241 1211 2273; x_wconf 82' lang='lat'>25</span> <span class='ocrx_word' id='word_1_299' title='bbox 1236 2218 1414 2282; x_wconf 72' lang='lat' dir='ltr'>urgueiite</span> <span class='ocrx_word' id='word_1_300' title='bbox 1438 2235 1475 2271; x_wconf 87' lang='lat' dir='ltr'><em>P</em></span> 
     </span>
     <span class='ocr_line' id='line_1_37' title="bbox 151 2283 1392 2335; baseline -0.007 -9"><span class='ocrx_word' id='word_1_301' title='bbox 151 2293 195 2326; x_wconf 78' lang='lat'>26</span> <span class='ocrx_word' id='word_1_302' title='bbox 220 2301 303 2335; x_wconf 86' lang='lat' dir='ltr'>1gne</span> <span class='ocrx_word' id='word_1_303' title='bbox 329 2301 395 2326; x_wconf 87' lang='lat' dir='ltr'>om.</span> <span class='ocrx_word' id='word_1_304' title='bbox 422 2286 469 2325; x_wconf 92' lang='lat' dir='ltr'>P&#39;</span> <span class='ocrx_word' id='word_1_305' title='bbox 543 2292 587 2324; x_wconf 81' lang='lat'>29</span> <span class='ocrx_word' id='word_1_306' title='bbox 613 2286 873 2334; x_wconf 71' lang='lat' dir='ltr'>conltrouersra</span> <span class='ocrx_word' id='word_1_307' title='bbox 901 2284 949 2321; x_wconf 91' lang='lat' dir='ltr'>P&#39;</span> <span class='ocrx_word' id='word_1_308' title='bbox 1024 2290 1066 2321; x_wconf 87' lang='grc'>31</span> <span class='ocrx_word' id='word_1_309' title='bbox 1093 2284 1330 2320; x_wconf 83' lang='lat' dir='ltr'>succeduntur</span> <span class='ocrx_word' id='word_1_310' title='bbox 1355 2283 1392 2318; x_wconf 92' lang='lat' dir='ltr'><em>P</em></span> 
     </span>
    </p>
   </div>
  </div>
 </body>
</html>
