1526 2444
114 69 169 110 32
174 69 199 110 6
627 67 724 104 SAT.
744 67 873 103 LIBRI
896 67 930 103 V

114 176 159 217 in
185 189 342 230 aquae
368 174 720 229 significationem
739 174 977 228 ponebatur
995 172 1261 215 Achelous.
1298 187 1432 227 neque

113 233 157 274 id
187 233 358 274 frustra.
419 246 519 273 nam
549 246 676 273 causa
707 246 873 286 quoquc
904 231 991 273 eius
1023 231 1083 272 rei
1114 246 1210 272 cum
1242 245 1340 272 cura
1370 245 1434 272 re-

115 291 204 332 lata
231 294 305 331 est.
361 289 434 331 sed
458 290 703 344 priusquam
729 303 899 331 causam
924 303 1170 344 proponam,
1194 289 1301 330 illud
1327 289 1433 330 anti-

115 363 197 403 quo
247 350 373 401 pocta
414 350 524 388 teste
567 348 833 401 monstrabo,
880 347 993 388 hunc
1035 361 1194 388 morem
1236 346 1434 401 loquendi

115 408 395 460 peruagatum
443 405 591 456 fuisse,
639 407 688 446 ut
733 405 968 446 Acheloum
1015 419 1091 458 pro
1134 404 1281 458 quauis
1325 418 1469 458 aqua5

74 463 311 563 bgicerent.
371 463 722 505 ARISTOPHANES
760 465 881 504 uetus
918 462 1100 504 comicus
1137 463 1183 503 in
1218 461 1435 503 comoedia

150 532 299 564 OGALo
332 521 393 562 sic
424 521 485 562 ait

391 603 532 655 ἤμουν
564 602 717 655 ἄγριον

171 660 304 714 βάρος
339 683 385 689 -
420 661 593 713 ἤγειρεν
624 659 706 713 γάρ
737 661 807 700 τοί
833 655 875 712 μ’
914 655 1032 706 οἶνος
1066 682 1114 687 -

173 718 225 759 οὐ
256 716 378 772 μίξας
407 713 521 771 πῶμ’
551 715 758 772 Ἀχελῴῳ.
1457 732 1489 756 ιο

117 799 370 854 grauabar
401 797 541 852 inquit
571 798 707 851 uino,
739 797 818 838 cui
849 811 976 851 aqua
1006 810 1106 838 non
1136 795 1324 836 fuisset
1355 795 1437 836 ad-

76 857 293 906 6mixta‚
323 856 366 897 id
397 858 461 897 est
491 869 636 896 mero.
691 869 764 896 cur
795 857 936 895 autem
968 854 1027 895 sic
1054 853 1170 907 loqui
1197 853 1313 894 soliti
1339 852 1437 906 sint,

115 914 330 956 EPHossvs
385 913 632 955 notissimus
688 912 870 966 scriptor
925 912 1246 954 HISTORIARVM
1298 921 1435 951 Lumo

117 982 327 1014 SECVNDO
379 971 566 1012 ostendit
613 970 680 1011 his
729 969 870 1011 uerbis
913 976 1003 1018 τοῖς
1045 966 1124 1022 μὲν
1166 965 1248 1010 οὖν
1291 969 1437 1016 ἄλλοις

115 1036 325 1083 ποταμοῖς
379 1029 424 1071 οἱ
474 1029 767 1082 πλησιόχωροι
820 1029 947 1081 μόνοι
1000 1027 1210 1079 θύουσιν,
1265 1026 1340 1067 τὸν
1390 1023 1437 1066 δὲ
1458 1042 1490 1068 15

111 1084 325 1143 Ἀχελῷον
358 1089 496 1141 μόνον
527 1086 688 1134 πάντας
718 1084 981 1139 ἀνθρώπους
1012 1082 1281 1138 συμβέβηκεν
1311 1089 1437 1137 τιμᾶν

120 1146 190 1198 [οὐ
245 1152 336 1194 τοῖς
389 1151 553 1193 κοινοῖς
606 1144 817 1197 ὀνόμασιν
871 1141 968 1184 ἀντὶ
1022 1149 1108 1183 τῶν
1164 1142 1305 1193 ἰδίων]
1362 1147 1438 1182 τοῦ

111 1201 325 1259 Ἀχελςόου
367 1203 446 1256 τὴν
490 1203 606 1243 ἰδίαν
651 1201 900 1254 ἐπωνυμίαν
939 1198 1006 1241 ε’πὶ
1043 1201 1091 1241 τὸ
1129 1200 1279 1240 κοινὸν
1316 1213 1440 1253 μετα-

80 1261 343 1315 7φέροντας.
397 1261 445 1301 τὸ
477 1258 556 1313 μὲν
587 1259 668 1313 γὰρ
699 1258 820 1311 ὕδωρ
854 1258 975 1309 ὅλως,
1007 1257 1111 1311 ὅπερ
1143 1255 1261 1298 ἐστὶν
1289 1258 1439 1298 κοινὸν

119 1321 277 1373 ὄνομα,
322 1317 404 1359 ἀπὸ
441 1323 516 1371 τῆς
552 1318 665 1366 ἰδίας
701 1315 870 1358 ἐκείνου
906 1317 1196 1370 προσηγορίας
1227 1313 1439 1370 Ἀχελῷον
1458 1332 1492 1357 20

119 1380 349 1430 καλοῦμεν,
379 1383 466 1417 τῶν
498 1372 545 1416 δὲ
575 1375 720 1416 ἄλλων
751 1374 977 1428 ὀνομάτων
1007 1374 1058 1414 τὰ
1086 1373 1211 1414 κοινὰ
1235 1372 1440 1421 πολλάκις

119 1433 215 1476 ἀντὶ
269 1441 356 1475 τῶν
413 1434 539 1475 ἰδίων
593 1432 859 1485 ὀνομάζομεν
914 1433 1014 1480 τοὺς
1062 1428 1142 1485 μὲν
1179 1427 1441 1484 Ἀθηναίους

107 1492 343 1546 ”Έλληνας,
390 1493 492 1540 τοὺς
540 1487 588 1531 δὲ
636 1491 1009 1543 Λακεδαιμονίους
1058 1489 1442 1541 Πελοποννησίους

120 1550 448 1598 ἀποκαλοῦντες.
497 1549 655 1590 τούτου
682 1545 730 1589 δὲ
749 1554 826 1589 τοῦ
846 1546 1120 1602 ἀπορήματος
1139 1543 1270 1588 οὐδὲν
1289 1547 1441 1599 ἔχομεν

213 1686 234 1717 8
259 1680 435 1716 Meinekii
452 1679 581 1725 fragm.
602 1689 694 1714 com.
713 1677 757 1723 11,
777 1681 796 1712 2
818 1690 851 1723 p.
874 1681 964 1713 1094
1037 1680 1078 1710 13
1105 1676 1284 1719 Muelleri,
1308 1676 1441 1720 fragm.

120 1729 248 1763 hlstor.
273 1726 290 1761 1
314 1739 350 1772 p.
375 1729 442 1762 239

216 1853 234 1884 7
261 1848 383 1884 cotalo
406 1849 441 1882 P
505 1852 525 1883 9
547 1846 952 1893 ΗΓΕΙΙΡΕΝΤΔΡΟΙΝΟΕ
970 1845 1195 1880 ΟΥΜΕΙΖΑ(
1212 1843 1445 1879 ΠΟΜΔΔΧΕ-

122 1896 230 1931 Amo)
246 1914 254 1922 ·
280 1895 462 1940 grauabar
487 1894 524 1929 P
593 1897 637 1929 10
662 1893 761 1936 μίξας
784 1893 880 1935 πῶμ’
903 1892 1043 1937 scripsi,
1067 1892 1166 1934 πόμα
1191 1890 1290 1933 μίξας
1313 1890 1446 1925 lanius

123 1980 166 2011 11
192 1976 320 2020 inqiud
344 1975 393 2010 P'
473 1979 515 2009 12
541 1951 633 2018 ffqui
658 1974 755 2008 soliti
779 1972 876 2008 sohtl
899 1972 970 2006 sint
993 1972 1029 2006 P
1099 1975 1141 2006 13
1166 1982 1256 2015 quae
1279 1974 1447 2006 secuntur

123 2023 324 2058 emendauit
335 2021 623 2057 Schneidewinus
637 2020 731 2055 diar.
746 2020 856 2063 antiq.
873 2021 967 2054 1843
975 2029 1013 2062 p.
1028 2021 1096 2052 469
1148 2022 1189 2052 15
1200 2017 1445 2058 ΠΟΤΟΜΟΙΕ,

123 2070 250 2104 deinde
267 2069 386 2103 ΤΟΥΕ
402 2068 589 2101 ΜΕΝΟΥΗ
604 2066 780 2100 ΔΛΛΟΥ(
792 2065 1026 2100 ΠΟΤΑΜΟΙΕ
1040 2065 1123 2099 add.
1138 2064 1175 2098 P
1220 2067 1262 2098 16
1276 2063 1446 2098 ΟΥΜΒΕ-

126 2116 267 2150 ΒΗΚΕΝ
281 2115 318 2148 Ρ
376 2117 418 2147 17
438 2114 589 2158 glossam
607 2113 754 2147 sustulit
774 2112 949 2146 Marxius
966 2111 1095 2154 fraym.
1117 2110 1258 2153 Ephori
1273 2120 1311 2154 p.
1324 2111 1400 2144 122

124 2161 216 2206 τῶν]
241 2162 342 2196 ΖωΝ
368 2160 405 2194 Ρ
475 2163 517 2193 18
543 2159 757 2193 ΔΧΕΛωΘΥ
780 2158 816 2191 P
882 2157 1127 2191 ΕΠΟΟΝΥΜΙΛ
1147 2156 1183 2190 Ρ
1250 2154 1446 2190 ΜΕΘΛΦΕ-
1515 2160 1526 2163 ”

128 2208 300 2243 ΡΟΝΤΔΕ
326 2207 362 2242 Ρ
421 2209 462 2239 19
483 2204 729 2240 ΟΛΟΕΟΟΠΕΡ
751 2204 787 2238 Ρ
851 2206 895 2237 20
920 2202 1052 2248 ὄνομα]
1071 2203 1167 2237 ΟΜΛ
1193 2202 1229 2236 Ρ
1280 2201 1447 2236 ΠΡΟΕΗ-

123 2266 280 2301 τοΡιΑ(
306 2266 342 2300 P
410 2267 453 2298 23
478 2254 885 2298 ΠεΛοΓΤοΝΝεειοΥε
909 2260 945 2295 P
