1526 2444
178 77 263 119 596
476 76 624 112 ΟΟΜΜ.
649 76 702 111 IN
727 75 870 112 SOMN.
896 76 1008 111 SCIP.
1033 75 1163 111 LIBRI
1181 75 1214 111 11

180 198 231 225 ex
260 183 376 225 omni
401 185 520 237 parte
547 182 672 223 docta
697 183 739 223 et
765 181 950 236 perfecta
976 184 1041 222 est
1066 180 1281 224 Ciceronis
1307 180 1504 235 adsertio,

179 241 251 295 qui
287 239 585 282 interuallis
624 239 904 293 imparibus
943 239 1026 280 sed
1063 242 1231 280 tamen
1266 252 1355 292 pro
1392 240 1504 279 rata

179 301 323 352 parte
371 298 574 338 ratione
623 297 887 338 distinctis
937 297 1161 338 caelestem
1209 310 1358 337 sonum
1402 295 1505 337 dicit

180 370 271 397 esse
303 356 570 397 disiunctum.

110 436 199 479 IIII
286 435 413 479 Nunc
443 436 559 477 locus
593 435 808 488 admonet,
841 436 890 475 ut
921 434 970 475 de
1002 434 1212 489 grauitate
1244 436 1286 474 et
1316 433 1506 475 acumine

182 508 382 536 sonorum
423 493 712 547 diuersitates,
754 507 858 546 quas
897 492 1071 545 adserit,
1113 491 1393 532 reuoluamus.
1460 492 1507 531 et

181 554 365 593 natura
407 551 526 605 fert,
569 553 622 592 ut
666 552 886 591 extrema
928 564 983 590 ex
1021 550 1182 590 altera
1218 550 1360 602 parte
1398 562 1507 603 gra-

180 609 332 662 uiter,
371 623 426 650 ex
458 610 621 650 altera
652 612 817 649 autem
850 611 994 649 acute
1025 608 1217 648 sonent.
1272 620 1412 660 quam
1447 605 1506 646 ob

182 682 382 709 causam
438 681 655 708 summus
710 666 800 706 ille
855 665 984 707 caeli
1039 663 1265 705 stellifer
1313 677 1508 715 cursus,

182 726 323 767 cuius
356 725 622 766 conuersio
653 726 729 765 est
753 723 1082 775 concitatior,
1114 724 1257 763 acute
1283 722 1507 762 excitato

181 785 411 824 mouetur
455 796 594 836 sono,
637 781 942 833 grauissimo
987 786 1149 821 autem
1192 779 1270 820 hic
1313 779 1507 819 lunaris

143 842 338 895 2atque
369 840 590 881 infimus.
641 839 834 892 diximus,
865 851 1098 892 numquam
1130 850 1281 878 sonum
1312 836 1402 876 fieri
1426 835 1509 876 nisi

186 912 282 940 aere
319 911 530 951 percusso.
590 898 639 938 ut
676 899 817 937 autem
856 910 985 936 sonus
1015 895 1106 949 ipse
1137 897 1210 936 aut
1241 895 1403 935 acutior
1435 895 1509 934 aut

184 955 355 1011 grauior
390 955 659 1008 proferatur,
698 954 806 995 ictus
848 953 995 1006 efficit,
1038 952 1109 1005 qui
1146 952 1244 993 dum
1279 952 1429 1005 ingens
1467 953 1510 991 et

185 1014 295 1055 celer
331 1013 496 1064 incidit,
534 1014 702 1053 acutum
738 1025 888 1052 sonum
920 1012 1126 1064 praestat,
1163 1010 1198 1050 si
1228 1009 1389 1050 tardior
1419 1009 1504 1049 len-

148 1071 338 1123 3tiorue,
370 1070 624 1125 grauiorem.
673 1069 829 1110 indicio
862 1071 927 1110 est
956 1067 1090 1122 uirga,
1122 1081 1228 1121 quae
1259 1066 1357 1107 dum
1386 1080 1510 1107 auras

187 1129 383 1183 percutit,
415 1128 449 1169 si
474 1127 646 1181 inpulsu
671 1127 754 1168 cito
781 1126 906 1167 feriat
931 1139 1083 1167 sonum
1109 1125 1235 1178 acuit,
1263 1125 1299 1165 si
1323 1124 1511 1177 lentiore,

186 1188 231 1228 in
269 1186 443 1240 grauius
481 1184 641 1239 frangit
679 1184 878 1225 auditum.
939 1183 983 1224 in
1021 1182 1172 1223 fidibus
1205 1195 1371 1236 quoque
1401 1180 1511 1222 idem

187 1244 394 1297 uidemus,
419 1257 525 1297 quae
552 1243 587 1284 si
606 1245 744 1284 tractu
765 1242 920 1283 artiore
940 1240 1179 1289 tenduntur,
1207 1241 1326 1281 acute
1347 1240 1512 1292 sonant,

148 1302 364 1357 4grauius
402 1301 596 1343 laxiores.
657 1312 757 1354 ergo
789 1302 831 1340 et
862 1299 1097 1353 superiores
1129 1298 1270 1350 orbes,
1305 1297 1404 1338 dum
1434 1310 1511 1350 pro

191 1359 470 1413 amplitudine
503 1373 579 1399 sua
609 1358 772 1411 impetu
802 1357 1027 1411 grandiore
1057 1356 1300 1408 uoluuntur,
1336 1354 1515 1407 dumque

192 1417 345 1472 spiritu
383 1419 430 1458 ut
465 1417 508 1457 in
546 1415 708 1470 origine
747 1429 823 1456 sua
853 1414 1030 1456 fortiore
1060 1413 1306 1466 tenduntur,
1341 1415 1516 1466 propter

190 1476 342 1529 ipsam,
371 1477 420 1516 ut
446 1475 507 1515 ait
538 1473 926 1515 concitatiorem
957 1471 1337 1513 conuersionem
1370 1471 1514 1510 acute

192 1533 414 1574 excitato
446 1533 710 1573 mouentur
742 1545 882 1585 sono,
914 1529 1219 1585 grauissimo
1246 1531 1409 1570 autem
1432 1527 1515 1568 hic

191 1590 386 1632 lunaris
418 1592 566 1643 atque
598 1588 822 1642 infimus,
860 1588 1058 1642 quoniam
1091 1586 1260 1640 spiritu,
1295 1588 1344 1626 ut
1371 1585 1418 1625 in
1449 1598 1515 1625 ex-

192 1649 408 1690 tremitate
450 1648 750 1702 languescente
793 1646 877 1687 iam
914 1645 1120 1698 uoluitur,
1162 1646 1204 1684 et
1238 1645 1411 1697 propter
1448 1656 1517 1683 an-

195 1706 375 1760 gustias,
393 1706 545 1760 quibus
561 1704 847 1758 paenultimus
862 1703 975 1745 orbis
990 1704 1166 1755 artatur,
1184 1702 1344 1755 impetu
1357 1700 1516 1741 leniore

154 1765 467 1806 5conuertitur.
515 1777 592 1804 nec
624 1776 742 1803 secus
773 1761 1003 1815 probamus
1033 1760 1078 1800 in
1102 1759 1232 1812 tibiis,
1263 1758 1313 1799 de
1337 1772 1516 1812 quarum

194 1821 474 1863 foraminibus
500 1820 650 1862 uicinis
676 1819 862 1861 inflantis
889 1818 953 1860 ori
978 1831 1107 1859 sonus
1130 1819 1276 1858 acutus
1297 1815 1516 1869 emittitur,

195 1879 246 1920 de
271 1879 515 1933 longinquis
541 1881 682 1919 autem
708 1879 751 1918 et
774 1876 956 1918 termino
982 1875 1186 1929 proximis
1207 1873 1389 1929 grauior,
1413 1873 1512 1914 item

196 1937 358 1978 acutior
388 1951 463 1990 per
493 1935 733 1989 patentiora
764 1934 985 1987 foramina,
1019 1932 1188 1987 grauior
1218 1946 1293 1985 per
1323 1934 1526 1985 angusta„

291 2042 309 2072 1
337 2037 482 2072 assertio
507 2037 542 2071 B
631 2041 652 2072 5
677 2045 879 2072 acumme*
906 2035 943 2069 P
1027 2039 1048 2070 6
1074 2033 1199 2068 asserit
1222 2033 1258 2068 B
1341 2035 1361 2067 ’1
1386 2032 1519 2067 natura.

196 2096 262 2121 om.
287 2082 332 2119 B'
420 2087 463 2118 14
487 2083 645 2117 effimtur
670 2084 706 2118 B
796 2086 839 2118 16
864 2092 1013 2126 grauior
1037 2080 1089 2115 est
1112 2081 1148 2115 B
1239 2082 1279 2114 17
1305 2077 1460 2123 1mpu1fu
1479 2044 1526 2160 ἒ

196 2131 283 2166 ferit
306 2131 343 2165 P
462 2129 600 2164 leniore
626 2129 669 2170 P,
694 2129 809 2164 lemor
834 2128 887 2164 est
909 2128 945 2162 B
1073 2129 1115 2161 19
1140 2126 1301 2161 tractatu
1326 2125 1456 2160 altiore
1515 2157 1526 2175 ,ξ

197 2181 242 2212 20
266 2176 415 2211 lafiorel'
438 2176 482 2219 P,
507 2174 678 2210 lassiores
698 2186 726 2220 p
850 2177 893 2209 21
920 2173 1094 2208 uoluutur
1118 2170 1165 2206 P'
1283 2173 1327 2206 23
1353 2172 1526 2207 concita-3

197 2226 296 2258 tione
325 2219 373 2256 P'
446 2225 492 2256 24
516 2221 712 2266 gramsimo
736 2219 784 2255 P'
859 2224 903 2255 26
929 2218 1102 2264 angustas
1121 2219 1156 2253 B
1227 2220 1271 2252 27
1297 2218 1445 2261 aptatur
1467 2211 1526 2255 B'l

198 2273 242 2304 30
265 2268 418 2317 ἇηῑιαιιιΓ
438 2267 485 2302 Ρ’
1510 2262 1526 2322 ,Ξ

1506 2322 1526 2336 ³⁴

1495 2341 1526 2444 1
