1526 2444
687 43 758 79 VII
782 47 874 80 1—-8
1361 43 1450 86 515

99 153 295 207 diximus,
319 152 537 208 inpeditur
557 175 611 183 —
634 152 808 195 subesse
827 151 1047 207 repperiat
1065 151 1448 208 apprehendendae

98 212 283 266 uestigia
330 211 547 266 ueritatis,
598 213 646 253 ut
691 225 786 254 ecce
832 210 1111 254 Homericum
1163 211 1376 253 somnium
1421 226 1447 253 a

98 270 219 326 Ioue,
256 272 305 312 ut
336 270 504 321 dicitur,
548 270 730 312 missum
764 270 816 312 ad
855 270 1160 313 conserendam
1198 269 1344 312 futuro
1378 269 1447 312 die

99 344 196 372 cum
221 329 419 372 hostibus
446 343 621 371 manum
648 329 727 371 sub
754 331 905 384 aperta
923 329 1210 384 promissione
1235 329 1446 372 uictoriae

4 403 7 423 1
62 398 79 425 ⁶
100 402 220 443 spem
270 388 386 444 regis
437 388 663 431 animauit:
718 388 812 443 ille,
860 389 980 430 uelut
1028 388 1222 430 diuinum
1274 390 1445 431 secutus

0 2086 5 2334 Q

0 2339 7 2444 Q

97 448 318 490 oraculum
356 448 583 490 commisso
620 447 786 503 proelio
824 447 995 490 amissis
1034 461 1209 489 suorum
1246 447 1445 501 plurimis

96 506 170 548 uix
202 520 411 563 aegreque
442 506 488 548 in
526 508 669 548 castra
705 506 928 548 remeauit.
987 520 1092 548 num
1124 506 1348 548 dicendum
1381 507 1487 549 est5

97 565 221 607 deum
264 566 489 608 mandasse
529 565 826 607 mendacium?
870 579 957 607 non
994 565 1055 607 ita
1099 567 1183 616 est,
1228 565 1301 607 sed
1344 565 1446 620 quia

95 624 218 666 illum
251 639 398 667 casum
426 624 600 666 Graecis
625 623 718 666 fata
750 623 1040 679 decreuerant,
1070 624 1201 666 latuit
1227 624 1273 666 in
1298 625 1445 667 uerbis

42 697 77 723 10
96 683 269 738 somnii,
307 683 419 739 quod
459 683 806 726 animaduersum
842 683 913 724 uel
952 682 1004 724 ad
1051 697 1151 725 uere
1188 683 1445 725 uincendum

94 742 164 784 uel
203 742 256 784 ad
294 742 530 785 cauendum
569 743 723 784 saltem
759 742 973 796 potuisset
1008 742 1230 784 instruere.
1291 742 1486 785 habuit6

95 801 208 843 enim
238 801 499 857 praeceptio,
530 803 579 843 ut
608 801 835 842 uniuersus
866 800 1177 855 produceretur
1217 801 1442 854 exercitus,

94 862 140 902 at
170 860 244 902 ille
282 861 374 903 sola
403 859 625 915 pugnandi
655 859 902 901 hortatione
935 861 1162 901 contentus
1200 874 1287 902 non
1319 859 1443 916 uidit,

94 918 195 974 quid
250 919 300 961 de
355 918 630 974 producenda
690 918 974 960 uniuersitate
1035 920 1311 974 praeceptum
1373 919 1444 974 sit,

42 991 76 1017 15
92 978 482 1033 praetermissoque
520 976 711 1032 Achille,
754 977 827 1032 qui
869 979 974 1019 tunc
1016 977 1179 1020 recenti
1214 978 1442 1020 lacessitus

92 1037 251 1079 iniuria
282 1037 336 1079 ab
369 1037 500 1079 armis
532 1051 629 1079 cum
667 1050 745 1078 suo
777 1035 915 1078 milite
947 1035 1202 1091 feriabatur,
1239 1051 1315 1078 rex
1345 1052 1443 1092 pro-

95 1109 269 1151 gressus
301 1096 347 1137 in
378 1095 590 1151 proelium
622 1097 665 1138 et
690 1110 847 1150 casum,
880 1095 953 1150 qui
981 1095 1229 1148 debebatur,
1262 1096 1443 1151 excepit,

94 1157 138 1196 et
178 1155 369 1197 absoluit
412 1155 627 1196 somnium
670 1154 834 1196 inuidia
883 1154 1121 1196 mentiendi
1165 1169 1254 1197 non
1297 1156 1444 1198 omnia

94 1214 146 1255 de
166 1213 390 1268 imperatis
412 1213 637 1280 sequendo.
681 1227 829 1268 parem
850 1213 1152 1255 obseruantiae
1173 1213 1442 1281 diligentiam
1459 1216 1483 1257 7

41 1285 76 1311 20
94 1272 349 1315 Homericae
385 1286 462 1327 per
503 1272 649 1315 omnia
691 1271 967 1327 perfectionis
1005 1273 1201 1315 imitator
1237 1272 1360 1316 Maro
1399 1273 1443 1315 in

94 1332 255 1374 talibus
313 1346 482 1386 quoque
540 1331 668 1373 rebus
729 1330 930 1374 obtinuit.
1000 1345 1102 1372 nam
1160 1332 1272 1386 apud
1321 1332 1444 1374 illum

94 1390 264 1433 Aeneas
309 1391 364 1432 ad
405 1390 626 1445 regionem
670 1389 925 1432 instruendo
963 1403 1099 1446 regno
1140 1390 1333 1432 fataliter
1370 1391 1444 1432 eli-

94 1449 279 1505 gendam
312 1449 418 1491 satis
452 1449 704 1504 abundeque
735 1448 862 1490 Delio
894 1448 1131 1491 instructus
1164 1449 1358 1505 oraculo,
1397 1450 1444 1491 in

95 1523 284 1551 errorem
320 1511 466 1551 tamen
503 1508 630 1550 unius
668 1507 792 1550 uerbi
827 1507 1107 1563 neglegentia
1137 1508 1333 1563 relapsus
1365 1511 1442 1551 est.

42 1579 74 1608 25
94 1582 182 1610 non
203 1567 374 1623 quidem
393 1567 535 1609 fuerat
553 1567 758 1621 locorum,
785 1581 893 1621 quae
913 1569 1059 1622 petere
1079 1566 1266 1622 deberet,
1283 1582 1443 1610 nomen
1457 1570 1484 1612 8

94 1627 321 1682 insertum,
370 1626 443 1668 sed
487 1640 584 1669 cum
628 1625 751 1681 origo
788 1627 914 1667 uetus
951 1628 1181 1681 parentum
1226 1626 1443 1682 sequenda

94 1685 318 1740 diceretur,
349 1684 433 1727 fuit
458 1684 504 1727 in
528 1685 685 1740 uerbis,
711 1684 824 1740 quod
849 1685 962 1726 inter
987 1683 1161 1727 Cretam
1188 1687 1231 1727 ct
1254 1684 1442 1740 Italiam,

94 1759 203 1799 quae
222 1745 360 1799 ipsius
387 1745 529 1800 gentis
551 1746 747 1786 auctores
766 1746 949 1799 utraque
974 1744 1278 1799 produxerant,
1303 1745 1443 1800 magis

95 1804 340 1845 ostenderet
365 1807 420 1858 et,
452 1803 564 1858 quod
591 1804 724 1858 aiunt,
749 1802 887 1858 digito
915 1802 1233 1845 demonstraret
1256 1803 1442 1846 Italiam.

40 1874 75 1901 80
93 1877 194 1904 nam
232 1877 330 1905 cum
366 1862 553 1905 fuissent
595 1862 693 1904 inde
731 1861 891 1904 Teucer
933 1862 1033 1904 hinc
1070 1861 1319 1917 Dardanus,
1356 1877 1444 1906 uox

189 2006 207 2036 1
233 2001 436 2058 imped1tur
468 2001 505 2036 P
622 2002 785 2047 repenat
815 2001 885 2036 PB
1006 2001 1361 2046 apprehendendum
1389 2001 1440 2036 P'

92 2052 115 2084 2
141 2050 183 2084 ut
207 2059 273 2084 om.
299 2046 348 2083 P'
424 2051 445 2082 3
471 2047 577 2084 (hersi
603 2052 648 2083 οῦ
673 2045 719 2083 B'
794 2052 815 2083 6
841 2048 1027 2083 seruorum
1054 2048 1125 2084 PB
1199 2052 1218 2084 7
1246 2048 1299 2084 est
1321 2059 1388 2085 om.
1409 2050 1446 2084 P

93 2099 114 2130 '7
140 2095 372 2131 mendatium
397 2095 434 2131 P
527 2095 572 2130 s&
596 2096 632 2130 B
736 2098 780 2129 13
805 2096 1000 2132 horatlone
1025 2095 1074 2131 P'
1185 2099 1228 2131 15
1255 2096 1364 2131 acille
1391 2096 1439 2131 P'

94 2147 138 2178 16
158 2143 362 2178 fenebatur
386 2141 435 2178 P'
534 2146 578 2178 17
604 2143 766 2188 prelium
793 2140 858 2187 P',
883 2143 964 2189 phu
988 2143 1026 2178 B
1123 2147 1166 2179 19
1191 2143 1386 2190 inQperatis
1405 2143 1443 2178 Β

92 2194 137 2225 21
164 2200 212 2236 op
213 2190 327 2226 tmmt
350 2190 387 2225 B
478 2194 525 2225 24
549 2190 813 2236 ne*glegent1a
837 2170 892 2236 (in
915 2201 990 2226 ras.
1015 2191 1091 2234 fuit
1115 2191 1149 2236 c)
1174 2191 1212 2226 P
1298 2193 1343 2225 25
1370 2202 1442 2237 que

91 2248 181 2283 pere
187 2202 252 2272 PP'
326 2241 371 2273 26
391 2237 446 2273 set
464 2235 510 2272 B'
584 2241 630 2274 28
650 2249 760 2295 quem
779 2248 871 2274 corr.
891 2239 933 2274 in
951 2249 1024 2282 que
1043 2238 1085 2274 in
1103 2238 1140 2272 B
1213 2237 1365 2274 autores
1381 2237 1443 2282 P‘,

91 2285 283 2320 auctorem
307 2284 345 2320 B
418 2288 464 2320 30
488 2283 613 2321 fuisset
638 2283 684 2320 B'
757 2286 823 2320 hm
851 2283 901 2320 P'

1085 2345 1157 2379 33*
