1526 2444
139 36 222 77 148
643 39 741 76 SAT.
766 41 895 76 LIBRI
919 41 953 76 II
1498 0 1526 120 ἲ

127 156 316 184 macrum
352 143 523 185 turdum
561 145 810 199 sumpsisset
845 147 888 188 in
927 148 1122 190 conuiuio
1155 147 1349 191 Caesaris
1385 150 1447 192 in-

125 201 363 255 terrogauit
405 216 466 242 an
509 203 713 244 mittere
755 204 945 246 liceret.
1011 207 1291 259 responderat
1332 209 1447 261 prin·

125 273 223 312 ceps
252 258 428 312 quidni
459 260 644 302 liceat?
693 261 764 302 ille
790 276 865 316 per
890 263 1121 305 fenestram
1147 265 1294 305 statim
1319 265 1447 309 misit.
1520 307 1525 314 ,

54 317 109 358 23
242 316 327 357 Aes
371 316 558 358 alienum
596 317 816 372 Augustus
859 321 1075 362 cuiusdam
1113 323 1323 364 senatoris
1360 324 1448 365 cari

124 373 206 415 sibi
236 388 322 415 non
352 379 526 429 rogatus
558 378 799 418 exsoluerat
828 382 1050 420 numerato
1083 380 1348 445 quadragies.
1400 383 1446 423 at
1480 387 1526 431 5¹.

121 432 194 472 ille
217 445 299 531 pro
331 433 564 485 gratiarum
596 434 761 476 actione
791 435 872 476 1106
899 436 1036 478 solum
1062 437 1100 478 ei
1125 437 1295 491 scripsit
1320 438 1444 480 mihi

122 489 228 530 nihi
1524 527 1526 534 ,

51 551 109 592 24
238 545 410 588 Solebat
445 546 668 590 Licinius
711 549 889 591 libertus
934 551 1023 592 eius
1061 551 1280 593 inchoanti
1317 567 1448 607 opera
1523 540 1526 551 ¹

121 608 302 660 patrono
339 619 517 660 magnas
554 607 754 659 pecunias
786 608 994 659 conferre,
1031 623 1152 674 quem
1193 624 1353 652 morem
1384 626 1446 653 se·
1520 659 1522 662 ,

122 666 244 706 cutus
277 667 443 704 centum
478 665 682 717 promisit
712 679 787 719 per
817 641 1028 719 libellum,
1064 667 1110 707 in
1142 681 1224 721 quo
1256 668 1447 723 uirgulae
1466 680 1526 715 102}

121 721 399 776 superductae
435 736 536 775 pars
573 723 685 763 ultra
720 724 923 776 pecuniae
961 724 1240 766 defectionem
1278 729 1447 780 proten-

121 781 301 821 debatur
344 783 523 820 uacante
565 780 679 822 infra
720 782 825 822 loco.
893 780 1050 823 Caesar
1087 783 1308 825 occasione
1346 799 1447 827 usus
1523 785 1526 832 ζ

121 838 254 892 priori
300 837 480 879 alterum
522 838 679 879 centies
726 853 802 879 sua
838 853 965 880 manu
1004 840 1142 881 iunxit
1177 842 1316 894 spatio
1354 843 1448 883 dili·
1507 842 1526 860 ²

122 899 272 950 genter
317 895 483 948 expleto
522 898 564 936 et
601 896 797 937 affectata
833 897 1004 938 litterae
1041 898 1334 954 similitudine,
1378 914 1447 955 ge·
1522 906 1524 911 '

122 954 407 1006 minatamque
461 955 626 1007 accepit
679 968 885 996 summam
936 955 1229 997 dissimulante
1277 957 1444 1009 liberto,
1465 974 1526 1001 15·-

122 1012 192 1065 qui
233 1015 382 1065 postea
425 1016 577 1066 coepto
620 1012 704 1053 alio
749 1026 875 1066 opere
921 1013 1076 1054 leniter
1117 1013 1278 1055 factum
1322 1029 1445 1056 suum
1521 1030 1524 1032 ’

122 1068 296 1110 Caesari
332 1069 504 1122 obiecit,
544 1069 691 1110 libello
722 1070 800 1110 tali
832 1071 930 1111 dato
967 1071 1173 1112 confero
1204 1072 1323 1125 tibi,
1362 1073 1448 1114 do-

123 1127 269 1181 mine,
319 1127 377 1168 ad
425 1127 543 1169 noui
594 1127 762 1181 operis
811 1127 1088 1182 impensam
1138 1129 1269 1183 quod
1314 1130 1449 1171 uide·
1520 1164 1526 1206 4

123 1185 273 1227 bitur.

52 1244 108 1286 25
237 1243 347 1284 Mira
376 1243 505 1284 etiam
536 1242 722 1283 censoris
748 1241 933 1296 Augusti
960 1245 1003 1284 et
1026 1243 1198 1285 laudata
1221 1244 1439 1297 patientia.
1459 1263 1493 1289 20
1516 1213 1526 1304 Ξ

121 1301 428 1354 corripiebatur
470 1314 596 1354 eques
639 1299 854 1341 Romanus
898 1315 923 1341 a
964 1301 1171 1355 principe,
1218 1305 1441 1356 tamquam
1518 1304 1526 1323 ³

123 1360 344 1401 minuisset
392 1359 614 1401 facultates
664 1372 773 1399 suas.
834 1360 879 1399 at
925 1359 997 1399 ille
1046 1373 1090 1400 se
1133 1360 1441 1413 multiplicasse
1520 1359 1526 1413 1

121 1431 262 1459 coram
293 1417 504 1470 probauit.
557 1430 655 1457 mox
687 1415 820 1456 eidem
852 1416 1017 1470 obiecit,
1049 1417 1160 1471 quod
1191 1417 1243 1458 ad
1274 1422 1443 1460 contra·

120 1475 306 1516 hendum
357 1474 674 1515 matrimonium
722 1473 888 1528 legibus
936 1489 1020 1515 non
1068 1475 1290 1529 paruisset.
1369 1477 1443 1518 ille
1518 1475 1526 1524 ἐξ

121 1547 295 1574 uxorem
338 1533 419 1573 sibi
456 1535 498 1573 et
532 1534 617 1572 tres
653 1545 744 1572 esse
779 1531 938 1573 liberos
976 1531 1093 1575 dixit.
1157 1535 1249 1573 tum
1287 1533 1440 1575 adiecit
1457 1535 1526 1624 253

122 1591 353 1644 posthac,
397 1589 597 1643 Caesar,
639 1603 745 1630 cum
789 1588 843 1629 de
881 1589 1111 1631 honestis
1148 1590 1443 1633 hominibus

53 1649 357 1703 26inquiris,
399 1647 628 1688 honestis
674 1646 917 1688 mandato.
987 1648 1117 1688 etiam
1159 1647 1309 1689 militis
1353 1663 1440 1690 non

124 1707 366 1748 libertatem
401 1709 568 1746 tantum
606 1704 678 1745 sed
709 1706 752 1744 et
782 1704 1066 1746 temeritatem
1097 1704 1210 1746 tulit.
1268 1706 1313 1746 in
1343 1721 1444 1760 qua-

124 1765 222 1805 dam
258 1763 361 1804 uilla
390 1763 601 1817 inquietas
632 1765 776 1803 noctes
809 1762 964 1815 agebat
992 1765 1212 1816 rumpente
1245 1777 1442 1805 somnum
1518 1778 1526 1824 3

125 1822 215 1863 eius
232 1821 379 1863 crebro
392 1825 571 1862 noctuae
585 1823 724 1862 cantu.
755 1820 1041 1873 prendendam
1055 1820 1222 1862 curauit
1236 1824 1447 1864 noctuam.
1465 1832 1499 1858 ³⁰
1518 1810 1526 1863 i

124 1880 244 1921 miles
276 1879 443 1933 aucupii
473 1879 634 1932 peritus
668 1881 710 1918 et
741 1891 814 1931 spe
844 1878 1030 1932 ingentis
1055 1879 1233 1932 praemii
1256 1880 1446 1932 pertulit.
1522 1885 1526 1888 ⁴

124 1937 296 1978 laudato
344 1937 579 1990 imperator
627 1935 743 1976 mille
785 1950 981 1977 nummos
1029 1936 1121 1977 dari
1165 1936 1303 1978 iussit.
1374 1937 1449 1978 ille
1512 1911 1526 1976 i

1519 1691 1526 1737 ἒ

1522 1739 1526 1750 .

221 2065 238 2095 1
265 2061 430 2096 sumfisl&
454 2062 489 2096 B
554 2064 576 2094 4
601 2061 779 2105 augustus
798 2072 863 2096 om.
888 2060 936 2095 P'
1005 2064 1025 2095 6
1050 2060 1175 2095 scribit
1198 2061 1235 2096 B
1295 2065 1314 2096 7
1339 2061 1393 2096 ml
1417 2062 1454 2097 P

127 2112 148 2143 8
172 2108 243 2143 11*
232 2108 342 2142 miul'
365 2109 401 2141 P
493 2111 513 2142 9
539 2104 678 2151 sequur
705 2108 741 2142 P
833 2110 875 2141 14
900 2107 1032 2142 affecta
1056 2106 1103 2142 B'
1201 2112 1243 2142 16
1269 2109 1377 2154 cepta
1403 2107 1450 2150 P,
1512 2127 1515 2129 -

128 2155 257 2200 coepta
282 2165 371 2190 corr.
397 2155 438 2189 in
463 2158 593 2198 coepto
620 2154 656 2188 B
722 2157 765 2188 26
790 2154 872 2198 post
897 2155 992 2189 hanc
1017 2153 1054 2187 P
1116 2157 1159 2188 27
1186 2153 1348 2189 honest11'
1366 2158 1450 2190 ante
1514 2155 1515 2159 ’

128 2236 302 2271 mandato
326 2245 390 2271 om.
415 2233 462 2269 P'
536 2238 580 2269 29
605 2234 780 2279 mquoes
798 2235 835 2269 B
906 2237 950 2269 30
974 2207 1120 2279 fidenda
1145 2235 1181 2269 P
