1526 2444
624 51 659 86 11
683 53 800 86 2-10
1302 43 1386 87 165

42 163 149 206 haec
179 177 265 205 uox
296 161 472 218 propria.
503 173 722 202 sacrorum
756 159 834 211 est,
865 159 914 199 ut
944 170 1062 199 reus
1093 157 1281 208 uocetur,
1317 154 1391 209 qui

44 224 243 277 suscepto
262 223 364 263 uoto
390 234 436 262 se
460 218 708 261 numinibus
734 217 913 272 obligat,
939 216 1207 258 damnatus
1234 216 1391 264 autem,

45 282 118 337 qui
148 280 367 336 promissa
396 281 500 321 uota
529 278 616 320 iam
649 277 791 319 soluit.
863 276 937 318 sed
970 275 1020 317 de
1051 275 1133 317 hoc
1163 288 1250 316 non
1283 286 1391 327 opus

45 343 111 382 est
147 354 173 381 a
202 353 271 381 me
301 339 428 394 plura
459 336 661 392 proferri,
702 350 798 378 cum
830 336 898 382 uir
930 334 1204 377 doctissimus
1235 331 1391 374 Eusta-

10 399 165 444 athius
195 398 325 453 paulo
358 399 458 439 ante
488 396 603 439 hanc
634 398 801 451 partem
833 395 1002 450 plenius
1035 396 1261 435 exsecutus
1294 390 1363 433 sit.

161 456 243 499 Est
285 455 545 512 profundam
589 454 811 497 scientiam
857 453 983 495 huius
1027 455 1180 508 poetae
1219 451 1264 492 in
1304 449 1430 492 un07

45 530 171 571 saepe
214 516 402 570 reperire
445 515 596 569 uerbo,
646 513 759 568 quod
803 512 982 555 fortuito
1030 511 1190 553 dictum
1235 509 1392 564 uulgus

44 577 228 630 putaret.
289 573 571 616 multifariam
610 573 723 615 enim
755 572 958 627 legimus,
996 570 1109 626 quod
1141 570 1268 611 litare
1301 568 1394 610 sola

45 649 134 677 non
159 634 297 688 possit
323 633 475 685 oratio,
508 632 593 674 nisi
623 634 672 673 ut
701 632 751 685 is,
783 631 855 686 qui
887 631 988 672 deos
1021 631 1231 684 precatur,
1263 628 1394 668 etiam

0 711 30 738 ιο
49 708 168 736 aram
199 692 398 734 manibus
431 690 733 746 adprehendat.
793 690 890 731 inde
922 688 1089 730 VARRO
1120 686 1434 729 DileARum8

46 764 187 795 LIBRO
209 762 382 802 QVINTO
403 751 506 792 dicit
526 763 642 791 aras
661 749 876 804 primum
903 762 1017 789 asas
1044 747 1229 799 dictas,
1262 745 1393 800 quod

48 814 186 854 esset
210 810 555 852 necessarium
583 823 608 849 a
634 807 1063 850 sacrificantibus
1090 820 1173 847 eas
1206 804 1394 856 teneri,

49 870 188 912 ansis
229 871 394 911 autem
435 867 601 909 teneri
642 866 807 908 solere
838 881 963 908 uasa
1005 865 1118 920 quis
1160 863 1393 906 dubitet?

49 928 449 971 commutatione
482 940 605 982 ergo
638 926 934 967 litterarum
965 939 1081 967 aras
1114 923 1213 965 dici
1245 937 1393 977 coep-

0 990 144 1041 stas,
185 989 240 1029 ut
270 985 504 1029 Valesios
545 989 595 1027 et
632 984 814 1027 Fusios
855 984 1024 1027 dictos
1061 983 1222 1039 prius,
1261 995 1394 1024 nunc

45 1045 282 1089 Valerios
326 1047 376 1087 et
412 1043 592 1086 Furios
637 1044 748 1086 dici.
820 1043 927 1086 haec
968 1043 1114 1085 omnia
1150 1042 1227 1083 illo
1265 1041 1433 1083 uersu9

47 1107 176 1161 poeta
207 1107 431 1146 exsecutus
465 1106 531 1145 est

107 1186 268 1228 talibus
301 1188 495 1228 orantem
528 1185 652 1228 dictis
686 1199 867 1240 arasque
898 1187 1116 1227 tenentem

109 1245 246 1287 audiit
277 1246 561 1300 omnipotens.

0 1346 32 1374 ιο
48 1342 190 1370 nonne
217 1341 266 1369 eo
293 1327 486 1369 additum
512 1327 754 1382 credideris,
784 1341 871 1368 non
904 1326 1007 1381 quia
1038 1326 1193 1367 orabafi
1224 1327 1395 1367 tantum

50 1387 124 1429 sed
150 1387 252 1442 quia
278 1389 322 1428 et
346 1401 442 1428 aras
474 1386 661 1441 tenebat,
694 1385 916 1427 auditum?
976 1398 1055 1426 nec
1085 1399 1173 1427 non
1206 1398 1302 1426 cum
1335 1383 1397 1425 ait

108 1469 270 1511 talibus
304 1468 457 1510 orabass
488 1468 615 1511 dietis
647 1482 831 1523 arasque
863 1467 1052 1510 tenebat.

49 1551 154 1593 item

108 1636 242 1689 tango
274 1648 382 1688 aras,
422 1633 583 1675 medios
614 1633 738 1689 ignes
771 1648 821 1676 ac
851 1633 1031 1676 numina
1061 1634 1216 1684 testor,

0 1715 229 1760 „eandem
259 1716 348 1757 uim
378 1716 566 1759 nominis
598 1730 651 1758 ex
683 1715 966 1770 adprensione
998 1715 1223 1771 significat.

168 1773 286 1817 Idem
306 1777 436 1830 poeta
460 1777 551 1817 kam
578 1775 758 1817 seientia
777 1775 1016 1830 profundus
1038 1789 1168 1830 quam
1190 1787 1394 1816 amoenus
1414 1773 1468 1816 10

49 1832 222 1889 ingenio
259 1848 348 1876 non
385 1834 503 1876 nulla
535 1834 587 1876 de
617 1835 836 1876 ueteribus
868 1834 1031 1889 uerbis,
1073 1847 1180 1889 quae
1215 1833 1267 1875 ad
1299 1847 1394 1887 pro-

147 1952 190 1984 18
215 1949 306 1986 Aen.
333 1949 401 1984 IIII
425 1952 494 1984 219
569 1954 613 1985 22
640 1950 688 1985 ib.
714 1949 766 1985 VI
793 1954 860 1985 124
932 1954 979 1985 24
1004 1950 1052 1986 ib.
1078 1949 1149 1985 XII
1175 1953 1243 1985 201

146 2059 163 2090 1
196 2055 380 2091 sacrarum
410 2056 446 2090 Β
567 2059 587 2090 2
621 2055 808 2101 dapnatur
833 2056 870 2091 P
988 2061 1007 2091 3
1040 2059 1078 2092 15.
1108 2058 1151 2092 in
1181 2066 1254 2091 ros.
1285 2056 1327 2090 in
1363 2055 1399 2089 P

50 2105 73 2137 4
95 2113 126 2151 ,p
140 2102 263 2138 *fem
288 2103 365 2138 BP
452 2106 473 2138 5
501 2102 723 2148 exsequutus
744 2104 782 2138 P
877 2108 897 2139 7
925 2103 1065 2140 d1cts1*
1090 2104 1127 2138 P
1219 2106 1241 2138 8
1265 2103 1395 2137 multi-

49 2148 165 2184 fariae
190 2161 281 2186 corr.
307 2151 349 2186 in
374 2149 578 2185 mult1fane
603 2151 640 2185 Β
713 2155 734 2186 9
758 2150 793 2186 11“
813 2162 879 2187 om.
900 2150 947 2186 B'
1024 2154 1068 2186 10
1087 2149 1346 2196 apprehendat
1365 2149 1402 2184 P

51 2199 96 2232 14
121 2196 251 2245 cephas
270 2198 307 2233 P
390 2200 432 2232 15
459 2198 498 2232 et
521 2196 650 2233 Fusios
670 2218 713 2224 —
743 2202 785 2234 16
811 2198 985 2234 Valerios
1005 2209 1072 2234 om.
1102 2199 1138 2234 P
1228 2200 1272 2233 15
1297 2208 1396 2232 nunc

49 2242 212 2296 palemis
231 2243 278 2280 B‘
354 2248 398 2280 17
424 2243 647 2289 exsequutus
668 2245 705 2280 P
774 2249 820 2280 20
845 2245 989 2282 aditum
1015 2244 1062 2281 B'
1138 2249 1184 2281 24
1208 2246 1326 2290 tanga
1350 2242 1395 2278 Ρ

49 2290 147 2335 ignis
167 2302 197 2336 p
268 2295 313 2328 25
340 2290 591 2338 adphenfionc
616 2292 654 2328 Β
726 2297 771 2328 26
797 2292 951 2341 amenus
971 2293 1009 2329 P
