1526 2444
158 55 242 96 178
658 32 757 91 sm.
782 54 910 90 mem
934 54 984 89 111

115 161 261 203 2tuno
292 175 359 202 res
391 161 504 203 facta
535 161 678 202 diuina
708 163 785 203 est.
845 162 1012 203 constat
1043 160 1168 214 enim,
1199 161 1307 203 sicut
1331 159 1476 204 CLOA-

159 231 259 261 T1vs
279 218 434 260 VERVS
461 217 801 260 ORDINATORVM
826 230 963 260 LIBRO
990 230 1200 261 SECVNDO
1227 219 1360 273 docet,
1385 233 1477 261 esse

161 276 258 318 Deli
278 291 409 330 aram,
434 277 544 330 apud
564 290 690 331 quam
708 277 852 318 hostia
875 291 962 318 non
987 277 1187 331 caeditur,
1213 277 1285 318 sed
1310 279 1477 318 tantum

161 335 359 376 sollemni
389 334 512 375 deum
542 348 664 388 prece
694 337 961 376 uenerantur.
1021 335 1151 376 uerba
1182 332 1338 376 Gloatii
1373 334 1477 376 haec

161 394 262 434 sunt
304 391 419 433 Deli
466 406 552 433 ara
594 394 670 433 est
711 391 972 446 Apollinis
1015 390 1250 447 Γενέτορος
1291 393 1342 433 in
1384 406 1478 446 qua
1511 401 1526 430 ε

160 450 355 492 nullum
381 450 566 491 animal
592 449 937 504 sacrificatur,
968 464 1113 504 quam
1138 449 1479 505 Pythagoram

121 508 303 551 3uelut
326 508 629 549 inuiolatam
654 507 949 549 adorauisse
973 507 1201 562 produnt.
1242 508 1353 549 hanc
1378 521 1478 562 ergo

161 580 265 619 esse,
297 579 403 620 quae
435 565 635 607 adoratur
666 565 719 606 ab
744 565 901 619 Aenea,
932 563 1165 621 Γενέτορος
1195 580 1323 616 aram,
1354 567 1480 619 poeta

162 624 443 675 demonstrat,
487 622 523 664 si
567 623 735 678 quidem
778 623 986 677 templum
1028 623 1247 678 ingressus
1290 622 1480 677 pontifex

160 682 277 723 nullo
321 685 414 723 acto
459 681 666 722 sacrificio
710 681 858 722 statim
900 681 1074 723 inchoat
1115 695 1302 735 precem,
1349 683 1392 722 et
1433 683 1480 722 ut
1498 686 1526 718 1⁰

161 738 375 795 Γενέτορα
407 739 646 793 expressius
677 739 919 780 nominaret

587 819 641 861 da
671 822 794 873 pater
826 819 1063 873 augurium.

120 903 208 944 4at
226 914 326 942 uero
347 915 441 942 cum
465 903 634 942 taurum
658 913 755 941 mox
780 900 976 941 immolat
995 899 1184 953 Apollini
1209 901 1252 940 et
1269 899 1481 953 Neptuno,

162 959 274 1012 apud
299 959 428 1000 aliam
451 959 598 1012 utique
630 972 747 999 aram
776 956 938 999 factum
967 957 1272 1011 intellegimus,
1303 959 1346 998 et
1375 957 1482 998 bene

162 1031 291 1071 supra
326 1018 493 1057 tantum
528 1015 654 1057 modo
693 1017 887 1069 patrem
925 1015 1037 1069 quod
1066 1015 1126 1056 ibi
1157 1014 1376 1068 proprium
1407 1016 1526 1068 est,11

163 1078 205 1116 et
253 1074 366 1116 infra
414 1074 527 1128 quod
574 1087 794 1115 commune
844 1075 909 1114 est
950 1073 1236 1127 Apollinem
1278 1072 1483 1114 nominat.
1524 1071 1526 1075 '

122 1132 356 1176 5meminit
386 1131 513 1173 huius
545 1145 642 1172 arae
674 1132 716 1172 et
747 1131 880 1174 VAmzo
911 1129 1037 1172 CATO
1069 1142 1131 1171 DE
1162 1141 1340 1171 LIBERIS
1372 1141 1483 1171 EDV-
1522 1145 1526 1183 ,τ

165 1201 330 1232 CANDIS
356 1189 402 1230 in
426 1189 531 1231 haec
556 1189 689 1231 uerba
713 1188 885 1229 nutrix
915 1188 1034 1229 haec
1065 1188 1231 1229 omnia
1260 1187 1519 1231 faciebat
1519 1193 1526 1208 ·’

162 1249 214 1289 in
255 1248 489 1289 uerbenis
535 1261 589 1288 ac
631 1246 769 1287 tubis
814 1246 922 1287 sine
964 1246 1137 1287 hostia
1179 1247 1233 1287 ut
1270 1245 1384 1286 Deli
1424 1245 1517 1286 ad

124 1308 149 1349 6
168 1305 427 1360 Apollinis
454 1304 689 1346 Genetiui
715 1318 862 1345 aram.
923 1304 1069 1345 eodem
1093 1318 1218 1345 uersu
1242 1317 1328 1345 non
1360 1303 1483 1344 omit-

162 1363 336 1405 tendum
377 1364 497 1416 puto,
540 1376 613 1404 cur
654 1376 772 1403 saxo
813 1363 1015 1403 uetusto
1059 1361 1211 1402 dixerit
1248 1363 1484 1402 extructum
1517 1359 1526 1427 ξ

162 1421 381 1475 templum.
439 1419 615 1462 VELIVS
659 1418 848 1462 LONGVS
897 1419 1183 1461 immutatio
1226 1421 1302 1460 est
1344 1418 1526 1473 inquit

164 1479 398 1533 epitheti:
435 1478 547 1520 uult
583 1478 712 1519 enim
750 1478 918 1518 dicere
957 1479 1265 1518 uetustatem
1295 1477 1483 1530 templi.

164 1538 278 1578 hunc
308 1536 435 1578 multi
466 1536 539 1577 alii
570 1537 926 1577 commentatores
957 1535 1090 1576 secuti
1121 1537 1230 1588 sunt,
1263 1534 1334 1575 sed
1365 1534 1482 1588 frigi-

126 1598 149 1638 7
167 1595 266 1636 dum
304 1597 369 1636 est
406 1594 588 1636 aedificii
625 1595 810 1634 aetatem
845 1595 1006 1634 notare.
1071 1591 1292 1640 EPAPHVS
1330 1594 1484 1645 autem,
1512 1639 1514 1641 ¹

165 1653 232 1695 uir
273 1652 482 1706 plurimae
523 1651 736 1705 lectionis,
783 1661 923 1692 LIBRO
968 1661 1160 1692 SEPTIMO
1203 1660 1377 1692 DEcfflo
1424 1649 1485 1691 ait
1510 1666 1516 1675 ·>

164 1710 380 1764 Delphis
400 1709 609 1763 quodam
629 1711 855 1762 tempore
875 1709 1125 1762 euenisse,
1149 1710 1203 1749 ut
1227 1707 1481 1762 templum,

164 1767 464 1822 religiosum
508 1769 656 1808 antea
698 1769 746 1808 et
788 1767 1053 1820 intactum,
1096 1765 1371 1820 spoliatum
1412 1765 1485 1807 in-

259 1902 301 1933 12
326 1899 416 1934 Aen.
441 1898 492 1933 111
517 1901 561 1933 89

257 2024 279 2054 4
303 2019 418 2064 sollep
421 2031 455 2054 n1
484 2019 527 2063 P,
553 2019 705 2054 solemni
729 2029 819 2055 corr.
845 2018 886 2054 in
911 2017 1104 2074 sollempni
1127 2017 1164 2051 Β
1236 2019 1257 2050 5
1282 2027 1319 2051 m
1344 2026 1417 2059 qua
1442 2035 1487 2042 -

165 2070 186 2102 8
212 2068 233 2101 Γ
236 2066 475 2112 ΕΝΕΙΤΟΡΟ(
493 2076 557 2101 om.
578 2065 626 2100 B'
699 2070 719 2100 6
744 2064 933 2110 pitagoras
947 2062 997 2099 P'
1070 2067 1091 2098 8
1115 2063 1216 2110 01³&ss
1235 2059 1286 2097 P'
1360 2066 1400 2097 11
1423 2063 1486 2097 ΓΕ-

166 2113 337 2148 ΝΕΤΟΡΛ
363 2113 633 2157 bP:gen1tura
657 2109 714 2146 Β
773 2115 815 2147 13
841 2112 947 2146 tauro
974 2111 1011 2145 P
1088 2113 1132 2144 15
1156 2108 1414 2144 tantummodo.
1438 2104 1494 2143 B'

167 2162 209 2194 17
234 2158 350 2194 Vario
369 2159 453 2195 add.
475 2159 663 2194 Meursius
736 2161 777 2192 18
802 2170 841 2193 1n
866 2168 956 2193 corr.
981 2167 1025 2193 ex
1048 2168 1086 2191 m
1105 2156 1141 2191 Β
1212 2158 1257 2190 20
1275 2156 1432 2200 gemtim
1450 2153 1487 2189 B

165 2216 268 2241 arum
293 2204 339 2240 B'
375 2222 383 2229 >
448 2209 492 2240 23
516 2211 562 2244 ÷
586 2215 651 2241 om.
677 2201 725 2239 P'
834 2208 880 2239 24
904 2203 986 2239 sunt
1010 2203 1122 2238 secuti
1145 2202 1181 2236 Β
1287 2201 1431 2245 sequuti
1454 2200 1503 2243 Pg

166 2255 211 2287 25
235 2252 423 2300 ***etate
451 2251 487 2286 P
556 2254 600 2286 28
626 2251 772 2287 intantsi
791 2249 839 2286 B'
1498 2275 1499 2278 η
