1526 2444
0 0 17 86 '‘¹⁷⁴²ss

476 84 562 120 xm
588 86 727 119 17-20
763 83 868 119 x1111
894 86 984 118 1—6
1197 74 1199 76 ’
1318 81 1405 124 539

0 197 8 205 '
57 193 250 248 templo
287 192 382 235 hoc
420 192 637 235 medium
668 191 829 247 uides,
869 206 995 247 quae
1025 193 1164 234 terra
1195 190 1404 233 dicitur:

58 252 239 308 hisque
277 251 477 294 animus
516 251 664 294 datus
703 253 784 293 est
822 265 878 293 ex
916 250 1028 293 illis
1070 250 1404 306 sempiternis

56 311 281 367 ignibus,
328 324 454 366 quae
494 310 663 352 sidera
700 312 750 352 et
787 310 973 359 stellas
1011 309 1232 365 uocatis,
1275 323 1404 364 quae

57 370 303 426 globosae
342 371 392 411 et
423 370 675 412 rotundae
707 369 899 411 diuinis
932 368 1188 411 animatae
1219 368 1403 410 menti-

20 429 147 471 ⁵bus
181 428 345 471 circos
378 443 499 471 suos
532 429 786 484 orbesque
813 427 1103 470 conficiunt
1128 427 1402 470 celeritate

56 487 296 530 mirabili.
370 487 421 529 de
470 491 587 530 terra
635 502 709 530 cur
759 487 913 543 globus
964 487 1129 528 dicatur
1171 486 1217 528 in
1260 485 1472 528 medio2

55 546 214 588 mundo
256 546 440 602 positus,
483 547 653 602 plenius
701 546 976 600 disseremus,
1022 560 1119 588 cum
1157 546 1208 587 de
1245 559 1402 588 nouem

56 605 250 660 sphaeris
294 606 529 660 loquemur.
605 605 714 647 bene
759 607 902 647 autem
946 604 1172 647 uniuersus
1217 603 1402 646 mundus
1441 615 1455 637 s

55 664 124 706 dei
172 665 382 719 templum
425 667 606 707 uocatur
651 666 829 720 propter
870 663 989 716 illos,
1041 663 1114 718 qui
1158 663 1402 718 aestimant,

1 736 37 764 ιο
55 723 162 765 nihil
200 737 292 765 esse
333 722 449 765 aliud
480 723 605 765 deum
636 723 720 764 nisi
752 723 917 764 caelum
947 723 1091 777 ipsum
1123 724 1167 764 et
1199 722 1403 764 caelestia

53 782 157 837 ista,
195 796 303 838 quae
341 782 564 824 cernimus.
625 782 721 824 ideo
759 784 808 823 ut
846 781 1003 823 summi
1039 780 1400 836 omnipotentiam

53 841 120 883 dei
163 840 408 883 ostenderet
443 855 571 895 posse
607 840 679 882 uix
716 839 932 896 intellegi,
975 854 1214 895 numquam
1251 838 1400 894 uideri,

0 878 48 976 ,ἐξ
54 899 253 956 quicquid
301 899 489 941 humano
539 899 749 941 subicitur
796 899 1007 955 aspectui,
1054 899 1265 954 templum
1309 899 1400 941 eius

52 959 235 1014 uocauit,
266 959 340 1014 qui
372 959 462 1000 sola
493 961 634 1000 mente
667 958 920 1013 concipitur,
950 961 999 1000 ut
1031 957 1104 1013 qui
1135 957 1241 999 haec
1272 971 1399 1000 uene-

0 1020 171 1061 uratur
201 1021 250 1059 ut
280 1017 455 1073 templa,
487 1018 650 1085 CQUIU
681 1021 828 1059 tamen
859 1018 1094 1059 maximum
1120 1017 1275 1059 debeat
1301 1030 1399 1058 con-

52 1076 194 1130 ditori,
225 1076 418 1131 sciatque
449 1076 643 1132 quisquis
674 1077 720 1118 in
751 1091 877 1118 usum
906 1076 1058 1131 templi
1083 1076 1210 1118 huius
1237 1075 1398 1118 induci-

0 1178 2 1184 ,
51 1139 139 1190 tur,
182 1135 268 1178 ritu
313 1135 395 1177 sibi
438 1135 669 1178 uiuendum
714 1135 957 1178 sacerdotis.
1031 1135 1143 1177 unde
1188 1137 1231 1176 et
1275 1135 1398 1190 quasi

0 1220 2 1249 5
51 1195 239 1250 quodam
293 1195 464 1249 publico
512 1194 744 1249 praeconio
793 1197 962 1237 tantam
1010 1194 1199 1236 humano
1250 1194 1397 1249 generi

0 1251 2 1300 ἰ
51 1254 324 1296 diuinitatem
356 1254 497 1296 inesse
527 1255 726 1305 testatur,
757 1255 806 1295 ut
830 1254 1056 1296 uniuersos
1084 1253 1237 1295 siderei
1264 1253 1396 1294 animi

0 1302 311 1389 *cognatione
351 1312 566 1355 nobilitet.
632 1312 868 1355 notandum
906 1317 989 1366 est,
1032 1312 1144 1367 quod
1180 1311 1264 1354 hoc
1302 1311 1440 1355 loco3

51 1386 241 1415 nmmum
285 1374 328 1413 et
369 1374 418 1413 ut
456 1371 628 1438 proprie
666 1374 710 1413 et
747 1374 795 1413 ut
832 1371 1010 1413 abusiue
1048 1370 1202 1412 dicitur
1240 1371 1399 1425 posuit.

0 1429 4 1488 3
51 1431 219 1474 animus
270 1431 385 1472 enim
433 1431 605 1485 proprie
653 1445 774 1472 mens
825 1434 908 1485 est,
963 1444 1092 1485 quam
1142 1429 1399 1471 diuiniorem

0 1488 5 1543 j
51 1490 194 1532 anima
224 1504 353 1532 nemo
385 1489 615 1544 dubitauit,
650 1489 724 1532 sed
753 1503 843 1532 non
873 1504 1109 1544 numquam
1142 1489 1204 1531 sic
1236 1491 1279 1530 et
1310 1488 1399 1530 ani-

0 1545 5 1578 ³
49 1563 165 1591 mam
207 1551 462 1603 usurpantes
506 1563 724 1591 uocamUS.
791 1563 888 1590 cum
926 1561 1028 1604 ergo
1067 1547 1171 1590 dicit
1213 1547 1438 1602 hisque4

51 1608 247 1650 animus
279 1608 429 1650 datus
461 1609 539 1650 est
571 1622 627 1650 ex
658 1607 763 1649 illis
796 1607 1132 1662 sempiternis
1165 1607 1396 1662 ignibus,

15 1703 17 1705 .
50 1669 239 1709 mentem
282 1669 476 1721 praestat
519 1667 734 1722 intellegi,
778 1681 887 1722 quae
925 1667 1049 1709 nobis
1087 1667 1261 1722 proprie
1298 1680 1395 1708 cum

50 1725 168 1768 caelo
202 1725 497 1781 sideribusque
529 1726 770 1768 communis
804 1728 887 1781 est3
919 1740 1015 1767 cum
1046 1739 1149 1768 uero
1180 1725 1243 1767 ait
1272 1725 1396 1766 reti-

49 1783 242 1827 nendus
275 1785 474 1827 animus
505 1787 583 1827 est
613 1785 664 1827 in
696 1785 934 1828 custodia
965 1785 1216 1840 corporis,
1254 1784 1395 1838 ipsam
1441 1817 1448 1823 .

48 1845 151 1886 tunc
176 1844 362 1886 animam
382 1844 592 1898 nominat,
617 1858 726 1899 quae
746 1844 934 1886 uincitur
954 1843 1149 1886 custodia
1168 1843 1395 1898 corporali,

51 1902 120 1945 cui
156 1916 278 1944 mens
315 1902 463 1945 diuina
499 1917 588 1945 non
626 1903 834 1945 subditur.
894 1917 1010 1946 nunc
1047 1903 1232 1958 qualiter
1268 1902 1437 1946 nobis5

51 1961 237 2016 animus,
278 1961 323 2003 id
367 1964 433 2003 est
475 1976 614 2014 menS,
657 1976 754 2004 cum
799 1962 1008 2005 sideribus
1049 1961 1289 2005 communis
1327 1962 1395 2016 sit,

16 2023 17 2026 ’
50 1995 279 2063 secundlim
329 2020 557 2076 theologos
608 2020 877 2063 disseramus.
924 2011 1080 2078 Heus,
1133 2021 1207 2076 qui
1255 2020 1438 2076 prima6

50 2093 179 2121 causa
216 2081 260 2121 et
290 2082 356 2121 est
387 2081 430 2121 et
459 2082 655 2135 uocatur,
687 2095 796 2123 unus
829 2081 1038 2135 omnium,
1070 2094 1264 2137 quaeque
1296 2083 1398 2122 sunt

30 2152 243 2194 ‘quaeque
285 2138 486 2181 uidentur
528 2153 639 2194 esse,
681 2140 881 2195 princeps
926 2142 970 2181 et
1013 2141 1136 2196 origo
1181 2141 1257 2183 est.
1328 2140 1399 2181 hic

16 2240 25 2257 ,q
52 2197 419 2252 superabundanti
455 2197 693 2241 maiestatis
731 2198 995 2243 fecunditate
1033 2199 1085 2242 de
1125 2213 1169 2242 se
1209 2201 1399 2242 mentem

147 2331 188 2363 12
214 2326 276 2363 uls
293 2326 341 2363 P'

19 2331 43 2444 ,Ξ
