1526 2444
595 52 718 88 XV111
745 54 883 87 12-19
1321 47 1407 89 329

62 164 235 220 quidem
284 162 502 206 hominem
551 161 785 217 Pelasgum
834 159 986 201 ducem
1028 156 1226 199 Hernicis
1276 155 1408 198 fuisse

61 223 220 266 Ivmvs
241 221 454 264 Hmmvs
480 221 526 263 in
545 230 684 262 muno
706 229 920 262 ssscvxno
940 217 1128 259 Vnmvu
1153 230 1239 258 non
1258 215 1408 270 paucis

62 283 206 325 uerbis
231 281 400 338 probat.
449 294 614 322 morem
637 293 739 321 uero
760 277 928 320 Aetolis
954 275 1102 331 fuisse,
1126 289 1212 317 uno
1237 277 1410 316 tantum

63 341 191 383 modo
222 340 328 396 pede
354 339 544 382 calceato
570 339 616 380 in
639 337 800 379 bellum
825 337 901 391 ire,
932 335 1121 378 ostendit
1146 333 1410 378 clarissimus

29 413 46 440 5
66 400 252 456 scriptor
275 399 532 442 Evmpmns
565 397 769 453 tragicus,
800 396 846 437 in
879 395 1000 437 cuius
1032 392 1269 450 tragoedia,
1301 406 1411 447 quae

64 459 323 501 MELEAGER
364 457 632 508 inscribitur,
676 455 852 497 nuntius
896 453 1112 495 inducitur
1155 452 1412 504 describens,

66 532 150 574 quo
189 518 368 573 quisque
399 516 553 558 habitu
582 514 714 557 fuerit
745 529 797 556 ex
829 512 1028 566 ducibus,
1066 511 1140 567 qui
1171 511 1226 553 ad
1257 525 1412 566 aprum

67 576 321 631 capiendum
353 576 652 618 conuenerant.
713 573 760 615 in
791 587 840 615 eo
873 572 919 614 hi
950 586 1100 613 uersus
1134 572 1237 612 sunt
1428 567 1481 610 17

131 658 339 713 Τελαμὼν
371 655 419 699 δὲ
450 662 647 712 χρυσοῦν
679 656 825 698 αἰετὸν
856 653 1013 708 πέλτης
1044 654 1115 695 ἔπι

14 732 48 758 ιο
125 718 356 772 πρόβλημα
385 717 547 771 θηρός,
577 716 761 770 βότρυσι
792 710 833 755 δ’
869 714 1049 763 ἔστεψεν
1080 711 1213 765 κάρα,

127 778 360 830 Σαλαμῖνα
390 782 567 829 κοσμῶν
597 773 786 828 πατρίδα
816 771 896 826 τὴν
928 771 1188 825 εὐάμπελον.

128 835 356 888 Κύπριδος
386 831 436 875 δὲ
466 830 616 888 μίσημ’
643 829 798 887 Ἀρκὰς
817 828 1054 884 Ἀταλάντη
1088 829 1224 878 κύνας

126 891 199 935 καὶ
230 890 317 943 τόξ’
354 893 536 948 ἔχουσα,
566 889 779 939 πελέκεως
810 887 859 931 δὲ
891 890 1102 943 δίστομον

128 951 262 1007 γένυν
295 949 445 993 ἕπαλλ’
469 949 686 1005 Ἀγκαῖος·
720 949 767 992 oc
795 945 843 991 δὲ
877 950 1063 990 Θεστίου

18 1026 50 1051 15
127 1011 280 1061 παῖδες
309 1012 358 1053 τὸ
390 1011 517 1052 λαιὸν
549 1013 669 1064 ἴχνος
700 1007 944 1062 ἀνάρβυλοι
975 1007 1133 1061 ποδός,

128 1071 177 1113 τὸ
211 1067 251 1112 δ’
283 1068 331 1111 ἐν
361 1070 575 1121 πεδίλοις,
607 1068 665 1118 ὡς
697 1066 930 1122 ἐλαφρίζον
962 1067 1073 1120 γόνυ

131 1130 292 1184 ἔχοιεν,
325 1127 373 1178 ὃς
405 1128 459 1182 δὴ
490 1133 625 1169 πᾶσιν
656 1127 874 1175 Αἰτωλοῖς
903 1127 1049 1180 νόμος.

72 1210 414 1254 animaduertitis
441 1209 774 1265 diligentissime
798 1208 932 1250 uerba
952 1207 1173 1262 Euripidis
1198 1222 1223 1249 a
1241 1206 1418 1249 Marone
1434 1205 1491 1248 18

73 1270 273 1312 seruata?
336 1269 397 1311 ait
428 1269 542 1311 enim
574 1269 656 1311 elle

19 1367 54 1393 20
284 1353 333 1394 τὸ
366 1353 493 1394 λαιὸν
526 1355 647 1406 ἴχνος
679 1349 923 1404 ἀνάρβυλοι
954 1349 1090 1398 ποδός

74 1437 118 1476 et
148 1434 328 1476 eundem
359 1434 511 1489 pedem
542 1432 703 1475 nudum
733 1430 954 1487 Vergilius
987 1445 1155 1487 quoque
1188 1430 1297 1472 dixit

500 1514 685 1570 uestigia
716 1513 832 1556 nuda
864 1513 1031 1555 sinistri

288 1574 513 1617 instituere
543 1574 677 1629 pedis.

15 1710 17 1712 K
75 1657 123 1699 in
154 1671 239 1712 qua
265 1656 436 1712 quidem
462 1670 507 1698 re
533 1670 616 1712 quo
642 1655 767 1697 uobis
795 1654 983 1696 studium
1008 1656 1256 1696 nostrorum
1282 1654 1421 1710 magis
1439 1653 1494 1696 19

8 1733 59 1760 <25
77 1715 377 1771 conprobetur,
412 1729 498 1757 non
529 1714 804 1757 reticebimus
836 1728 925 1755 rem
957 1713 1231 1769 paucissimis
1263 1715 1424 1767 notam,

77 1774 386 1829 reprehensum
404 1773 658 1828 Euripidem
683 1773 736 1815 ab
758 1773 1008 1826 Aristotele,
1035 1772 1107 1828 qui
1133 1772 1426 1828 ignorantiam

77 1833 194 1876 istud
234 1833 454 1888 Euripidis
497 1832 632 1875 fuisse
677 1832 916 1886 contendit,
960 1831 1142 1873 Aetolos
1187 1831 1300 1873 enim
1339 1845 1427 1873 non

174 1952 194 1983 9
221 1948 354 1993 fragm.
380 1949 437 1985 ed.
463 1948 608 1984 Nauck.
635 1951 704 1983 534

176 2059 196 2089 2
220 2054 352 2099 yglnus
374 2054 412 2089 P
510 2058 531 2089 3
556 2053 684 2102 &bolis
706 2053 743 2088 P
842 2058 863 2088 6
889 2053 1048 2088 nuncms
1068 2053 1105 2088 P
1207 2057 1226 2088 7
1255 2056 1370 2097 caprfi
1394 2053 1431 2087 P

82 2105 103 2136 9
121 2112 213 2147 quae
230 2105 401 2137 secuntur
419 2102 626 2137 emendauit
646 2101 939 2137 Schneidewinus
1014 2101 1159 2136 ΔΕΤΟΝ
1180 2100 1375 2148 ΠΕΑΤΗΙ(
1395 2100 1432 2134 Ρ

84 2151 127 2183 12
153 2148 425 2194 ΚΔΥΙΠΡΙΔΟΕ
450 2149 511 2184 ΔΕ
537 2149 713 2184 ΜΙΕΗΜΑ
738 2148 776 2183 Ρ
853 2151 896 2182 14
921 2148 1032 2190 γένυν
1064 2148 1237 2183 ἀνέπαλλ’
1262 2148 1430 2190 Ἀγκαῖος

83 2193 304 2231 Schraderus
329 2197 467 2231 obsera.
491 2196 521 2230 I
534 2206 575 2240 p.
599 2199 649 2231 15
726 2196 913 2230 ΛΚΤΔΙΟ(
937 2196 974 2230 Ρ
1046 2199 1088 2230 16
1114 2196 1205 2230 ΤΟΝ
1233 2195 1324 2230 ΔΕΝ
1351 2195 1430 2230 ΠΕ-

84 2241 255 2278 ΔΕΙΛΟΙ(
279 2242 317 2277 Ρ
394 2247 436 2278 17
463 2243 634 2278 ΝΟΜΟΙΕ
658 2242 696 2277 Ρ
764 2246 810 2277 20
837 2243 1001 2278 ΙΧ*ΝΟΕ
1029 2243 1087 2287 (in
1110 2252 1185 2278 ras.
1211 2243 1290 2278 uid.
1315 2243 1430 2285 fuisse

87 2289 125 2334 Ρ)
149 2289 186 2324 Ρ
253 2290 509 2325 ΑΠΔΡΒΥΛΟΙ
536 2290 573 2324 Ρ
641 2293 686 2324 27
714 2289 884 2326 aetholos
904 2290 941 2324 P
