<?xml version="1.0" encoding="UTF-8"?>
<!DOCTYPE html PUBLIC "-//W3C//DTD XHTML 1.0 Transitional//EN"
    "http://www.w3.org/TR/xhtml1/DTD/xhtml1-transitional.dtd">
<html xmlns="http://www.w3.org/1999/xhtml" xml:lang="en" lang="en">
 <head>
  <title>
</title>
<meta http-equiv="Content-Type" content="text/html;charset=utf-8" />
  <meta name='ocr-system' content='tesseract 3.04.00' />
  <meta name='ocr-capabilities' content='ocr_page ocr_carea ocr_par ocr_line ocrx_word'/>
</head>
<body>
  <div class='ocr_page' id='page_1' title='image "./macrobiusfrancis00macruoft_0026.png"; bbox 0 0 1526 2444; ppageno 0'>
   <div class='ocr_carea' id='block_1_1' title="bbox 156 73 962 113">
    <p class='ocr_par' dir='ltr' id='par_1_1' title="bbox 156 73 962 113">
     <span class='ocr_line' id='line_1_1' title="bbox 156 73 962 113; baseline 0.004 -6"><span class='ocrx_word' id='word_1_1' title='bbox 156 73 211 113; x_wconf 87' lang='lat'>14</span> <span class='ocrx_word' id='word_1_2' title='bbox 665 75 766 110; x_wconf 77' lang='lat' dir='ltr'>SAT.</span> <span class='ocrx_word' id='word_1_3' title='bbox 792 75 921 110; x_wconf 86' lang='lat' dir='ltr'>LIBRI</span> <span class='ocrx_word' id='word_1_4' title='bbox 945 76 962 110; x_wconf 92' lang='grc' dir='ltr'>Ι</span> 
     </span>
    </p>
   </div>
   <div class='ocr_carea' id='block_1_2' title="bbox 105 178 1526 1905">
    <p class='ocr_par' dir='ltr' id='par_1_2' title="bbox 105 178 1526 1905">
     <span class='ocr_line' id='line_1_2' title="bbox 154 178 1477 238; baseline 0.005 -19"><span class='ocrx_word' id='word_1_5' title='bbox 154 178 267 220; x_wconf 88' lang='lat' dir='ltr'>enim</span> <span class='ocrx_word' id='word_1_6' title='bbox 293 193 400 233; x_wconf 90' lang='lat' dir='ltr'>quae</span> <span class='ocrx_word' id='word_1_7' title='bbox 421 180 610 221; x_wconf 87' lang='lat' dir='ltr'>datiuum</span> <span class='ocrx_word' id='word_1_8' title='bbox 637 180 843 234; x_wconf 83' lang='lat' dir='ltr'><strong>pluralem</strong></span> <span class='ocrx_word' id='word_1_9' title='bbox 863 181 905 222; x_wconf 90' lang='lat' dir='ltr'>in</span> <span class='ocrx_word' id='word_1_10' title='bbox 924 193 1007 224; x_wconf 85' lang='lat' dir='ltr'>Bvs</span> <span class='ocrx_word' id='word_1_11' title='bbox 1033 182 1221 237; x_wconf 80' lang='lat' dir='ltr'>mittunt,</span> <span class='ocrx_word' id='word_1_12' title='bbox 1245 197 1477 238; x_wconf 83' lang='lat' dir='ltr'><strong>numquam</strong></span> 
     </span>
     <span class='ocr_line' id='line_1_3' title="bbox 153 237 1478 295; baseline 0.004 -18"><span class='ocrx_word' id='word_1_13' title='bbox 153 237 398 290; x_wconf 82' lang='lat' dir='ltr'>genetiuum</span> <span class='ocrx_word' id='word_1_14' title='bbox 428 237 614 278; x_wconf 87' lang='lat' dir='ltr'>eiusdem</span> <span class='ocrx_word' id='word_1_15' title='bbox 644 239 807 279; x_wconf 88' lang='lat' dir='ltr'>numeri</span> <span class='ocrx_word' id='word_1_16' title='bbox 839 239 1003 292; x_wconf 86' lang='lat' dir='ltr'>syllaba</span> <span class='ocrx_word' id='word_1_17' title='bbox 1035 241 1216 282; x_wconf 88' lang='lat' dir='ltr'>creuisse</span> <span class='ocrx_word' id='word_1_18' title='bbox 1247 241 1478 295; x_wconf 84' lang='lat' dir='ltr'>patiuntur,</span> 
     </span>
     <span class='ocr_line' id='line_1_4' title="bbox 153 294 1479 354; baseline 0.004 -20"><span class='ocrx_word' id='word_1_19' title='bbox 153 294 225 335; x_wconf 91' lang='lat' dir='ltr'>sed</span> <span class='ocrx_word' id='word_1_20' title='bbox 268 297 341 335; x_wconf 91' lang='lat' dir='ltr'>aut</span> <span class='ocrx_word' id='word_1_21' title='bbox 382 295 559 336; x_wconf 86' lang='lat' dir='ltr'>totidem</span> <span class='ocrx_word' id='word_1_22' title='bbox 602 294 748 350; x_wconf 86' lang='lat' dir='ltr'>habet,</span> <span class='ocrx_word' id='word_1_23' title='bbox 791 298 838 336; x_wconf 89' lang='lat' dir='ltr'>ut</span> <span class='ocrx_word' id='word_1_24' title='bbox 881 297 1155 339; x_wconf 85' lang='lat' dir='ltr'>monilibus</span> <span class='ocrx_word' id='word_1_25' title='bbox 1197 299 1479 354; x_wconf 88' lang='lat' dir='ltr'>monilium,</span> 
     </span>
     <span class='ocr_line' id='line_1_5' title="bbox 153 351 1477 410; baseline 0.004 -18"><span class='ocrx_word' id='word_1_26' title='bbox 153 351 400 392; x_wconf 87' lang='lat' dir='ltr'>sedilibus</span> <span class='ocrx_word' id='word_1_27' title='bbox 440 351 691 407; x_wconf 84' lang='lat' dir='ltr'>sedilium,</span> <span class='ocrx_word' id='word_1_28' title='bbox 729 356 803 394; x_wconf 89' lang='lat' dir='ltr'>aut</span> <span class='ocrx_word' id='word_1_29' title='bbox 833 368 917 395; x_wconf 90' lang='lat' dir='ltr'>una</span> <span class='ocrx_word' id='word_1_30' title='bbox 949 355 1115 407; x_wconf 84' lang='lat' dir='ltr'>syllaba</span> <span class='ocrx_word' id='word_1_31' title='bbox 1146 355 1283 397; x_wconf 88' lang='lat' dir='ltr'>minus</span> <span class='ocrx_word' id='word_1_32' title='bbox 1316 359 1398 410; x_wconf 84' lang='lat' dir='ltr'>est,</span> <span class='ocrx_word' id='word_1_33' title='bbox 1429 364 1477 397; x_wconf 88' lang='lat' dir='ltr'>ut</span> 
     </span>
     <span class='ocr_line' id='line_1_6' title="bbox 153 409 1526 464; baseline 0.004 -15"><span class='ocrx_word' id='word_1_34' title='bbox 153 409 458 450; x_wconf 84' lang='lat' dir='ltr'>carminibus</span> <span class='ocrx_word' id='word_1_35' title='bbox 497 410 790 464; x_wconf 83' lang='lat' dir='ltr'>carminum,</span> <span class='ocrx_word' id='word_1_36' title='bbox 826 411 1089 454; x_wconf 88' lang='lat' dir='ltr'>liminibus</span> <span class='ocrx_word' id='word_1_37' title='bbox 1127 413 1370 454; x_wconf 87' lang='lat' dir='ltr'>liminum:</span> <span class='ocrx_word' id='word_1_38' title='bbox 1414 414 1473 455; x_wconf 90' lang='lat' dir='ltr'>sic</span> <span class='ocrx_word' id='word_1_39' title='bbox 1509 430 1526 456; x_wconf 82' lang='lat'><strong>5</strong></span> 
     </span>
     <span class='ocr_line' id='line_1_7' title="bbox 153 465 1474 524; baseline 0.005 -18"><span class='ocrx_word' id='word_1_40' title='bbox 153 480 253 520; x_wconf 88' lang='lat' dir='ltr'>ergo</span> <span class='ocrx_word' id='word_1_41' title='bbox 312 465 670 509; x_wconf 74' lang='lat' dir='ltr'>Saturnalibus</span> <span class='ocrx_word' id='word_1_42' title='bbox 730 468 886 509; x_wconf 87' lang='lat' dir='ltr'>rectius</span> <span class='ocrx_word' id='word_1_43' title='bbox 941 467 1288 512; x_wconf 87' lang='lat' dir='ltr'>Saturnalium</span> <span class='ocrx_word' id='word_1_44' title='bbox 1349 485 1474 524; x_wconf 91' lang='lat' dir='ltr'>quam</span> 
     </span>
     <span class='ocr_line' id='line_1_8' title="bbox 113 522 1476 579; baseline 0.001 -12"><span class='ocrx_word' id='word_1_45' title='bbox 113 522 571 567; x_wconf 85' lang='lat' dir='ltr'>6Saturnali0rum.</span> <span class='ocrx_word' id='word_1_46' title='bbox 645 525 716 566; x_wconf 89' lang='lat' dir='ltr'>sed</span> <span class='ocrx_word' id='word_1_47' title='bbox 760 526 832 579; x_wconf 90' lang='lat' dir='ltr'>qui</span> <span class='ocrx_word' id='word_1_48' title='bbox 877 525 1283 569; x_wconf 83' lang='lat' dir='ltr'>Saturnaliorum</span> <span class='ocrx_word' id='word_1_49' title='bbox 1332 528 1476 570; x_wconf 86' lang='lat' dir='ltr'>dicunt</span> 
     </span>
     <span class='ocr_line' id='line_1_9' title="bbox 152 581 1476 636; baseline 0.004 -14"><span class='ocrx_word' id='word_1_50' title='bbox 152 581 406 622; x_wconf 85' lang='lat' dir='ltr'>auctoritate</span> <span class='ocrx_word' id='word_1_51' title='bbox 448 595 699 636; x_wconf 85' lang='lat' dir='ltr'>magnorum</span> <span class='ocrx_word' id='word_1_52' title='bbox 741 582 989 625; x_wconf 88' lang='lat' dir='ltr'>muniuntur</span> <span class='ocrx_word' id='word_1_53' title='bbox 1024 584 1224 627; x_wconf 90' lang='lat' dir='ltr'>uirorum.</span> <span class='ocrx_word' id='word_1_54' title='bbox 1289 600 1390 626; x_wconf 90' lang='lat' dir='ltr'>nam</span> <span class='ocrx_word' id='word_1_55' title='bbox 1434 588 1476 627; x_wconf 91' lang='lat' dir='ltr'>et</span> 
     </span>
     <span class='ocr_line' id='line_1_10' title="bbox 153 638 1476 697; baseline 0.004 -18"><span class='ocrx_word' id='word_1_56' title='bbox 153 638 433 681; x_wconf 73' lang='lat' dir='ltr'>SALLvs&#39;rlvs</span> <span class='ocrx_word' id='word_1_57' title='bbox 482 640 526 680; x_wconf 88' lang='lat' dir='ltr'>in</span> <span class='ocrx_word' id='word_1_58' title='bbox 575 651 743 681; x_wconf 82' lang='lat' dir='ltr'><strong>TERTIA</strong></span> <span class='ocrx_word' id='word_1_59' title='bbox 791 640 1245 683; x_wconf 82' lang='lat' dir='ltr'>Bacchanaliorum</span> <span class='ocrx_word' id='word_1_60' title='bbox 1301 643 1383 697; x_wconf 83' lang='lat' dir='ltr'>ait,</span> <span class='ocrx_word' id='word_1_61' title='bbox 1433 646 1476 685; x_wconf 81' lang='lat' dir='ltr'>et</span> 
     </span>
     <span class='ocr_line' id='line_1_11' title="bbox 150 695 1526 742; baseline 0.002 -5"><span class='ocrx_word' id='word_1_62' title='bbox 150 695 385 738; x_wconf 76' lang='lat' dir='ltr'>MAsvmvs</span> <span class='ocrx_word' id='word_1_63' title='bbox 410 696 659 739; x_wconf 81' lang='lat' dir='ltr'><strong>FASTORVM</strong></span> <span class='ocrx_word' id='word_1_64' title='bbox 691 709 898 740; x_wconf 83' lang='lat' dir='ltr'>SECVNDO</span> <span class='ocrx_word' id='word_1_65' title='bbox 925 698 1247 741; x_wconf 85' lang='lat' dir='ltr'>Vinaliorum</span> <span class='ocrx_word' id='word_1_66' title='bbox 1279 700 1384 742; x_wconf 84' lang='lat' dir='ltr'>dies</span> <span class='ocrx_word' id='word_1_67' title='bbox 1414 701 1473 742; x_wconf 85' lang='lat' dir='ltr'>in·</span> <span class='ocrx_word' id='word_1_68' title='bbox 1495 715 1526 740; x_wconf 78' lang='grc' dir='ltr'>ιο</span> 
     </span>
     <span class='ocr_line' id='line_1_12' title="bbox 152 754 1474 812; baseline 0.004 -18"><span class='ocrx_word' id='word_1_69' title='bbox 152 754 244 807; x_wconf 90' lang='lat' dir='ltr'>quit</span> <span class='ocrx_word' id='word_1_70' title='bbox 286 754 396 795; x_wconf 90' lang='lat' dir='ltr'>Ioui</span> <span class='ocrx_word' id='word_1_71' title='bbox 446 769 586 796; x_wconf 86' lang='lat' dir='ltr'>sacer</span> <span class='ocrx_word' id='word_1_72' title='bbox 628 758 721 808; x_wconf 88' lang='lat' dir='ltr'>est,</span> <span class='ocrx_word' id='word_1_73' title='bbox 768 770 883 810; x_wconf 88' lang='lat' dir='ltr'>non,</span> <span class='ocrx_word' id='word_1_74' title='bbox 931 759 984 797; x_wconf 89' lang='lat' dir='ltr'>ut</span> <span class='ocrx_word' id='word_1_75' title='bbox 1034 757 1233 811; x_wconf 93' lang='lat' dir='ltr'>quidam</span> <span class='ocrx_word' id='word_1_76' title='bbox 1275 760 1474 812; x_wconf 86' lang='lat' dir='ltr'>putant,</span> 
     </span>
     <span class='ocr_line' id='line_1_13' title="bbox 111 810 1474 869; baseline 0.004 -18"><span class='ocrx_word' id='word_1_77' title='bbox 111 810 341 852; x_wconf 81' lang='lat' dir='ltr'>7Veneri.</span> <span class='ocrx_word' id='word_1_78' title='bbox 414 815 457 853; x_wconf 90' lang='lat' dir='ltr'>et</span> <span class='ocrx_word' id='word_1_79' title='bbox 492 815 540 853; x_wconf 89' lang='lat' dir='ltr'>ut</span> <span class='ocrx_word' id='word_1_80' title='bbox 574 813 690 866; x_wconf 87' lang='lat' dir='ltr'>ipsos</span> <span class='ocrx_word' id='word_1_81' title='bbox 728 827 893 867; x_wconf 91' lang='lat' dir='ltr'>quoque</span> <span class='ocrx_word' id='word_1_82' title='bbox 936 815 1237 869; x_wconf 85' lang='lat' dir='ltr'>grammaticos</span> <span class='ocrx_word' id='word_1_83' title='bbox 1274 816 1317 856; x_wconf 88' lang='lat' dir='ltr'>in</span> <span class='ocrx_word' id='word_1_84' title='bbox 1357 816 1474 858; x_wconf 88' lang='lat' dir='ltr'>testi-</span> 
     </span>
     <span class='ocr_line' id='line_1_14' title="bbox 150 870 1474 927; baseline 0.003 -17"><span class='ocrx_word' id='word_1_85' title='bbox 150 870 338 910; x_wconf 87' lang='lat' dir='ltr'>monium</span> <span class='ocrx_word' id='word_1_86' title='bbox 376 870 521 924; x_wconf 87' lang='lat' dir='ltr'>citem,</span> <span class='ocrx_word' id='word_1_87' title='bbox 564 870 765 912; x_wconf 79' lang='lat' dir='ltr'><strong>VERRIVS</strong></span> <span class='ocrx_word' id='word_1_88' title='bbox 803 870 1014 913; x_wconf 85' lang='lat' dir='ltr'>FLACGVS</span> <span class='ocrx_word' id='word_1_89' title='bbox 1052 872 1097 912; x_wconf 93' lang='lat' dir='ltr'>in</span> <span class='ocrx_word' id='word_1_90' title='bbox 1134 887 1181 914; x_wconf 91' lang='lat' dir='ltr'>eo</span> <span class='ocrx_word' id='word_1_91' title='bbox 1218 872 1362 914; x_wconf 92' lang='lat' dir='ltr'>libello</span> <span class='ocrx_word' id='word_1_92' title='bbox 1402 874 1474 927; x_wconf 86' lang='lat' dir='ltr'>qui</span> 
     </span>
     <span class='ocr_line' id='line_1_15' title="bbox 150 926 1472 984; baseline 0.004 -17"><span class='ocrx_word' id='word_1_93' title='bbox 150 926 387 968; x_wconf 82' lang='lat' dir='ltr'><strong>SATVRNVS</strong></span> <span class='ocrx_word' id='word_1_94' title='bbox 430 928 677 970; x_wconf 69' lang='lat' dir='ltr'>inscribitur</span> <span class='ocrx_word' id='word_1_95' title='bbox 727 927 1132 971; x_wconf 83' lang='lat' dir='ltr'>Saturnaliorum</span> <span class='ocrx_word' id='word_1_96' title='bbox 1181 930 1319 984; x_wconf 89' lang='lat' dir='ltr'>inquit</span> <span class='ocrx_word' id='word_1_97' title='bbox 1367 931 1472 972; x_wconf 87' lang='lat' dir='ltr'>dies</span> 
     </span>
     <span class='ocr_line' id='line_1_16' title="bbox 149 984 1526 1039; baseline 0.002 -15"><span class='ocrx_word' id='word_1_98' title='bbox 149 984 277 1038; x_wconf 87' lang='lat' dir='ltr'>apud</span> <span class='ocrx_word' id='word_1_99' title='bbox 303 984 520 1026; x_wconf 86' lang='lat' dir='ltr'>Graecos</span> <span class='ocrx_word' id='word_1_100' title='bbox 547 1000 739 1039; x_wconf 86' lang='lat' dir='ltr'>quoque</span> <span class='ocrx_word' id='word_1_101' title='bbox 764 986 888 1027; x_wconf 85' lang='lat' dir='ltr'>festi</span> <span class='ocrx_word' id='word_1_102' title='bbox 916 987 1166 1028; x_wconf 72' lang='lat' dir='ltr'>habentur</span> <span class='ocrx_word' id='word_1_103' title='bbox 1191 987 1301 1028; x_wconf 85' lang='lat' dir='ltr'>etin</span> <span class='ocrx_word' id='word_1_104' title='bbox 1326 988 1472 1029; x_wconf 82' lang='lat' dir='ltr'>eodem</span> <span class='ocrx_word' id='word_1_105' title='bbox 1493 1001 1526 1028; x_wconf 85' lang='lat'>15</span> 
     </span>
     <span class='ocr_line' id='line_1_17' title="bbox 148 1042 1472 1097; baseline 0.004 -15"><span class='ocrx_word' id='word_1_106' title='bbox 148 1042 257 1083; x_wconf 90' lang='lat' dir='ltr'>libro</span> <span class='ocrx_word' id='word_1_107' title='bbox 289 1042 510 1083; x_wconf 85' lang='lat' dir='ltr'>dilucide</span> <span class='ocrx_word' id='word_1_108' title='bbox 541 1058 634 1097; x_wconf 91' lang='lat' dir='ltr'>me,</span> <span class='ocrx_word' id='word_1_109' title='bbox 658 1043 797 1097; x_wconf 90' lang='lat' dir='ltr'>inquit</span> <span class='ocrx_word' id='word_1_110' title='bbox 821 1044 876 1085; x_wconf 89' lang='lat' dir='ltr'>de</span> <span class='ocrx_word' id='word_1_111' title='bbox 902 1045 1276 1086; x_wconf 84' lang='lat' dir='ltr'>constitutione</span> <span class='ocrx_word' id='word_1_112' title='bbox 1303 1044 1472 1087; x_wconf 85' lang='lat' dir='ltr'>Satur-</span> 
     </span>
     <span class='ocr_line' id='line_1_18' title="bbox 148 1099 1471 1154; baseline 0.003 -14"><span class='ocrx_word' id='word_1_113' title='bbox 148 1099 400 1141; x_wconf 89' lang='lat' dir='ltr'>naliorum</span> <span class='ocrx_word' id='word_1_114' title='bbox 438 1100 709 1154; x_wconf 86' lang='lat' dir='ltr'>scripsisse</span> <span class='ocrx_word' id='word_1_115' title='bbox 747 1102 982 1143; x_wconf 89' lang='lat' dir='ltr'>arbitror.</span> <span class='ocrx_word' id='word_1_116' title='bbox 1047 1102 1150 1143; x_wconf 85' lang='lat' dir='ltr'>item</span> <span class='ocrx_word' id='word_1_117' title='bbox 1186 1102 1341 1144; x_wconf 83' lang='lat' dir='ltr'>IVLIVS</span> <span class='ocrx_word' id='word_1_118' title='bbox 1378 1102 1471 1146; x_wconf 91' lang='lat' dir='ltr'>Mo-</span> 
     </span>
     <span class='ocr_line' id='line_1_19' title="bbox 147 1157 1472 1214; baseline 0.003 -16"><span class='ocrx_word' id='word_1_119' title='bbox 147 1168 321 1199; x_wconf 83' lang='lat' dir='ltr'>DESTVS</span> <span class='ocrx_word' id='word_1_120' title='bbox 346 1169 407 1198; x_wconf 85' lang='lat' dir='ltr'>DE</span> <span class='ocrx_word' id='word_1_121' title='bbox 431 1169 578 1200; x_wconf 82' lang='lat' dir='ltr'><strong>FERIIS</strong></span> <span class='ocrx_word' id='word_1_122' title='bbox 612 1157 1018 1201; x_wconf 82' lang='lat' dir='ltr'>Saturnaliorum</span> <span class='ocrx_word' id='word_1_123' title='bbox 1049 1159 1190 1214; x_wconf 89' lang='lat' dir='ltr'>inquit</span> <span class='ocrx_word' id='word_1_124' title='bbox 1220 1160 1398 1214; x_wconf 88' lang='lat' dir='ltr'>feriae,</span> <span class='ocrx_word' id='word_1_125' title='bbox 1429 1165 1472 1203; x_wconf 89' lang='lat' dir='ltr'>et</span> 
     </span>
     <span class='ocr_line' id='line_1_20' title="bbox 147 1215 1469 1272; baseline 0.003 -17"><span class='ocrx_word' id='word_1_126' title='bbox 147 1215 191 1255; x_wconf 89' lang='lat' dir='ltr'>in</span> <span class='ocrx_word' id='word_1_127' title='bbox 217 1215 364 1256; x_wconf 88' lang='lat' dir='ltr'>eodem</span> <span class='ocrx_word' id='word_1_128' title='bbox 389 1215 498 1257; x_wconf 89' lang='lat' dir='ltr'>libro</span> <span class='ocrx_word' id='word_1_129' title='bbox 530 1216 711 1257; x_wconf 84' lang='lat' dir='ltr'>Antias</span> <span class='ocrx_word' id='word_1_130' title='bbox 742 1216 881 1270; x_wconf 89' lang='lat' dir='ltr'>inquit</span> <span class='ocrx_word' id='word_1_131' title='bbox 904 1216 1272 1272; x_wconf 88' lang='lat' dir='ltr'>Agonaliorum</span> <span class='ocrx_word' id='word_1_132' title='bbox 1303 1232 1469 1272; x_wconf 89' lang='lat' dir='ltr'>reper-</span> 
     </span>
     <span class='ocr_line' id='line_1_21' title="bbox 108 1272 1523 1330; baseline 0 -17"><span class='ocrx_word' id='word_1_133' title='bbox 108 1273 306 1314; x_wconf 82' lang='lat' dir='ltr'>Storem</span> <span class='ocrx_word' id='word_1_134' title='bbox 348 1272 555 1314; x_wconf 84' lang='lat' dir='ltr'>Numam</span> <span class='ocrx_word' id='word_1_135' title='bbox 597 1273 895 1327; x_wconf 88' lang='lat' dir='ltr'>Pompilium</span> <span class='ocrx_word' id='word_1_136' title='bbox 939 1275 1107 1316; x_wconf 88' lang='lat' dir='ltr'>refert.</span> <span class='ocrx_word' id='word_1_137' title='bbox 1172 1275 1276 1316; x_wconf 88' lang='lat' dir='ltr'>haec</span> <span class='ocrx_word' id='word_1_138' title='bbox 1312 1277 1470 1330; x_wconf 82' lang='lat' dir='ltr'>tamen,</span> <span class='ocrx_word' id='word_1_139' title='bbox 1489 1289 1523 1314; x_wconf 70' lang='lat'>22</span> 
     </span>
     <span class='ocr_line' id='line_1_22' title="bbox 147 1330 1467 1386; baseline 0.002 -15"><span class='ocrx_word' id='word_1_140' title='bbox 147 1330 328 1384; x_wconf 88' lang='lat' dir='ltr'>inquies,</span> <span class='ocrx_word' id='word_1_141' title='bbox 372 1331 602 1372; x_wconf 86' lang='lat' dir='ltr'>auctoritas</span> <span class='ocrx_word' id='word_1_142' title='bbox 648 1345 802 1385; x_wconf 89' lang='lat' dir='ltr'>quaero</span> <span class='ocrx_word' id='word_1_143' title='bbox 847 1347 900 1372; x_wconf 86' lang='lat' dir='ltr'>an</span> <span class='ocrx_word' id='word_1_144' title='bbox 942 1332 1079 1386; x_wconf 83' lang='lat' dir='ltr'>possit</span> <span class='ocrx_word' id='word_1_145' title='bbox 1121 1332 1262 1386; x_wconf 88' lang='lat' dir='ltr'>aliqua</span> <span class='ocrx_word' id='word_1_146' title='bbox 1303 1333 1467 1375; x_wconf 85' lang='lat' dir='ltr'>ratione</span> 
     </span>
     <span class='ocr_line' id='line_1_23' title="bbox 147 1387 1468 1442; baseline 0.003 -14"><span class='ocrx_word' id='word_1_147' title='bbox 147 1387 323 1429; x_wconf 87' lang='lat' dir='ltr'>defendi.</span> <span class='ocrx_word' id='word_1_148' title='bbox 387 1388 534 1442; x_wconf 88' lang='lat' dir='ltr'>plane,</span> <span class='ocrx_word' id='word_1_149' title='bbox 572 1389 771 1442; x_wconf 87' lang='lat' dir='ltr'>quatinus</span> <span class='ocrx_word' id='word_1_150' title='bbox 811 1389 999 1431; x_wconf 89' lang='lat' dir='ltr'>alienum</span> <span class='ocrx_word' id='word_1_151' title='bbox 1035 1404 1119 1431; x_wconf 89' lang='lat' dir='ltr'>non</span> <span class='ocrx_word' id='word_1_152' title='bbox 1160 1393 1224 1431; x_wconf 85' lang='lat' dir='ltr'>est</span> <span class='ocrx_word' id='word_1_153' title='bbox 1260 1392 1468 1432; x_wconf 88' lang='lat' dir='ltr'>committi</span> 
     </span>
     <span class='ocr_line' id='line_1_24' title="bbox 146 1444 1466 1501; baseline 0.004 -16"><span class='ocrx_word' id='word_1_154' title='bbox 146 1444 468 1498; x_wconf 82' lang='lat' dir='ltr'>grammaticum</span> <span class='ocrx_word' id='word_1_155' title='bbox 501 1460 596 1487; x_wconf 88' lang='lat' dir='ltr'>cum</span> <span class='ocrx_word' id='word_1_156' title='bbox 627 1460 704 1487; x_wconf 87' lang='lat' dir='ltr'>sua</span> <span class='ocrx_word' id='word_1_157' title='bbox 735 1447 944 1501; x_wconf 84' lang='lat' dir='ltr'>analogia,</span> <span class='ocrx_word' id='word_1_158' title='bbox 974 1447 1192 1501; x_wconf 87' lang='lat' dir='ltr'>temptabo</span> <span class='ocrx_word' id='word_1_159' title='bbox 1219 1448 1466 1501; x_wconf 88' lang='lat' dir='ltr'>suspicioni-</span> 
     </span>
     <span class='ocr_line' id='line_1_25' title="bbox 147 1503 1467 1558; baseline 0.003 -15"><span class='ocrx_word' id='word_1_160' title='bbox 147 1503 224 1544; x_wconf 87' lang='lat' dir='ltr'>bus</span> <span class='ocrx_word' id='word_1_161' title='bbox 261 1517 406 1545; x_wconf 85' lang='lat' dir='ltr'>eruere</span> <span class='ocrx_word' id='word_1_162' title='bbox 443 1503 542 1557; x_wconf 86' lang='lat' dir='ltr'>quid</span> <span class='ocrx_word' id='word_1_163' title='bbox 581 1503 655 1558; x_wconf 89' lang='lat' dir='ltr'>sit,</span> <span class='ocrx_word' id='word_1_164' title='bbox 697 1505 808 1558; x_wconf 89' lang='lat' dir='ltr'>quod</span> <span class='ocrx_word' id='word_1_165' title='bbox 845 1518 917 1546; x_wconf 90' lang='lat' dir='ltr'>eos</span> <span class='ocrx_word' id='word_1_166' title='bbox 955 1519 979 1545; x_wconf 93' lang='lat' dir='ltr'>a</span> <span class='ocrx_word' id='word_1_167' title='bbox 1017 1506 1142 1546; x_wconf 87' lang='lat' dir='ltr'>solita</span> <span class='ocrx_word' id='word_1_168' title='bbox 1179 1506 1467 1548; x_wconf 89' lang='lat' dir='ltr'>enuntiatione</span> 
     </span>
     <span class='ocr_line' id='line_1_26' title="bbox 147 1560 1518 1616; baseline 0 -15"><span class='ocrx_word' id='word_1_169' title='bbox 147 1560 386 1614; x_wconf 83' lang='lat' dir='ltr'>detorserit,</span> <span class='ocrx_word' id='word_1_170' title='bbox 416 1563 464 1602; x_wconf 87' lang='lat' dir='ltr'>ut</span> <span class='ocrx_word' id='word_1_171' title='bbox 487 1561 664 1603; x_wconf 85' lang='lat' dir='ltr'>mallent</span> <span class='ocrx_word' id='word_1_172' title='bbox 695 1560 1102 1604; x_wconf 84' lang='lat' dir='ltr'>Saturnaliorum</span> <span class='ocrx_word' id='word_1_173' title='bbox 1134 1577 1259 1616; x_wconf 92' lang='lat' dir='ltr'>quam</span> <span class='ocrx_word' id='word_1_174' title='bbox 1292 1562 1462 1605; x_wconf 84' lang='lat' dir='ltr'>Satur·</span> <span class='ocrx_word' id='word_1_175' title='bbox 1485 1576 1518 1601; x_wconf 76' lang='lat'>23</span> 
     </span>
     <span class='ocr_line' id='line_1_27' title="bbox 105 1618 1467 1676; baseline 0.002 -17"><span class='ocrx_word' id='word_1_176' title='bbox 105 1619 131 1660; x_wconf 87' lang='lat'>9</span> <span class='ocrx_word' id='word_1_177' title='bbox 146 1619 333 1659; x_wconf 89' lang='lat' dir='ltr'>nalium</span> <span class='ocrx_word' id='word_1_178' title='bbox 359 1618 504 1660; x_wconf 89' lang='lat' dir='ltr'>dicere.</span> <span class='ocrx_word' id='word_1_179' title='bbox 547 1633 596 1660; x_wconf 89' lang='lat' dir='ltr'>ac</span> <span class='ocrx_word' id='word_1_180' title='bbox 619 1619 802 1673; x_wconf 92' lang='lat' dir='ltr'>primum</span> <span class='ocrx_word' id='word_1_181' title='bbox 829 1620 1007 1661; x_wconf 86' lang='lat' dir='ltr'>aestimo</span> <span class='ocrx_word' id='word_1_182' title='bbox 1028 1620 1139 1674; x_wconf 90' lang='lat' dir='ltr'>quod</span> <span class='ocrx_word' id='word_1_183' title='bbox 1158 1621 1262 1662; x_wconf 89' lang='lat' dir='ltr'>haec</span> <span class='ocrx_word' id='word_1_184' title='bbox 1280 1622 1467 1676; x_wconf 87' lang='lat' dir='ltr'>nomina,</span> 
     </span>
     <span class='ocr_line' id='line_1_28' title="bbox 145 1676 1464 1732; baseline 0.004 -16"><span class='ocrx_word' id='word_1_185' title='bbox 145 1688 257 1729; x_wconf 76' lang='lat' dir='ltr'>quae</span> <span class='ocrx_word' id='word_1_186' title='bbox 278 1678 377 1717; x_wconf 87' lang='lat' dir='ltr'>sunt</span> <span class='ocrx_word' id='word_1_187' title='bbox 401 1676 606 1717; x_wconf 86' lang='lat' dir='ltr'>festorum</span> <span class='ocrx_word' id='word_1_188' title='bbox 631 1676 793 1718; x_wconf 87' lang='lat' dir='ltr'>dierum</span> <span class='ocrx_word' id='word_1_189' title='bbox 817 1677 1026 1719; x_wconf 87' lang='lat' dir='ltr'>neutralia</span> <span class='ocrx_word' id='word_1_190' title='bbox 1045 1681 1270 1732; x_wconf 87' lang='lat' dir='ltr'>carentque</span> <span class='ocrx_word' id='word_1_191' title='bbox 1289 1693 1464 1721; x_wconf 90' lang='lat' dir='ltr'>numero</span> 
     </span>
     <span class='ocr_line' id='line_1_29' title="bbox 145 1733 1464 1788; baseline 0.004 -15"><span class='ocrx_word' id='word_1_192' title='bbox 145 1734 368 1788; x_wconf 87' lang='lat' dir='ltr'>singulari,</span> <span class='ocrx_word' id='word_1_193' title='bbox 406 1733 596 1775; x_wconf 85' lang='lat' dir='ltr'>diuersae</span> <span class='ocrx_word' id='word_1_194' title='bbox 634 1734 891 1776; x_wconf 87' lang='lat' dir='ltr'>condicionis</span> <span class='ocrx_word' id='word_1_195' title='bbox 933 1749 1023 1776; x_wconf 87' lang='lat' dir='ltr'>esse</span> <span class='ocrx_word' id='word_1_196' title='bbox 1057 1736 1282 1777; x_wconf 86' lang='lat' dir='ltr'>uoluerunt</span> <span class='ocrx_word' id='word_1_197' title='bbox 1312 1737 1366 1778; x_wconf 91' lang='lat' dir='ltr'>ab</span> <span class='ocrx_word' id='word_1_198' title='bbox 1397 1737 1464 1778; x_wconf 83' lang='lat' dir='ltr'>his</span> 
     </span>
     <span class='ocr_line' id='line_1_30' title="bbox 143 1791 1463 1848; baseline 0.004 -17"><span class='ocrx_word' id='word_1_199' title='bbox 143 1791 396 1844; x_wconf 88' lang='lat' dir='ltr'>nominibus,</span> <span class='ocrx_word' id='word_1_200' title='bbox 429 1806 535 1845; x_wconf 91' lang='lat' dir='ltr'>quae</span> <span class='ocrx_word' id='word_1_201' title='bbox 559 1793 739 1845; x_wconf 85' lang='lat' dir='ltr'>utroque</span> <span class='ocrx_word' id='word_1_202' title='bbox 763 1806 938 1834; x_wconf 90' lang='lat' dir='ltr'>numero</span> <span class='ocrx_word' id='word_1_203' title='bbox 962 1793 1214 1847; x_wconf 85' lang='lat' dir='ltr'>figurantur.</span> <span class='ocrx_word' id='word_1_204' title='bbox 1264 1792 1463 1848; x_wconf 84' lang='lat' dir='ltr'>Compi-</span> 
     </span>
     <span class='ocr_line' id='line_1_31' title="bbox 143 1848 1516 1905; baseline 0.004 -16"><span class='ocrx_word' id='word_1_205' title='bbox 143 1848 270 1889; x_wconf 88' lang='lat' dir='ltr'>talia</span> <span class='ocrx_word' id='word_1_206' title='bbox 301 1849 413 1890; x_wconf 90' lang='lat' dir='ltr'>enim</span> <span class='ocrx_word' id='word_1_207' title='bbox 439 1851 481 1890; x_wconf 86' lang='lat' dir='ltr'>et</span> <span class='ocrx_word' id='word_1_208' title='bbox 511 1849 849 1891; x_wconf 87' lang='lat' dir='ltr'>Bacchanalia</span> <span class='ocrx_word' id='word_1_209' title='bbox 880 1852 922 1891; x_wconf 91' lang='lat' dir='ltr'>et</span> <span class='ocrx_word' id='word_1_210' title='bbox 945 1850 1203 1905; x_wconf 86' lang='lat' dir='ltr'>Agonalia</span> <span class='ocrx_word' id='word_1_211' title='bbox 1233 1850 1461 1894; x_wconf 89' lang='lat' dir='ltr'>Vinalia·</span> <span class='ocrx_word' id='word_1_212' title='bbox 1481 1864 1516 1889; x_wconf 79' lang='lat'>30</span> 
     </span>
    </p>
   </div>
   <div class='ocr_carea' id='block_1_3' title="bbox 143 1923 420 1931">
    <p class='ocr_par' dir='ltr' id='par_1_3' title="bbox 143 1923 420 1931">
     <span class='ocr_line' id='line_1_32' title="bbox 143 1923 420 1931; baseline 0 0"><span class='ocrx_word' id='word_1_213' title='bbox 143 1923 420 1931; x_wconf 95' lang='lat' dir='ltr'> </span> 
     </span>
    </p>
   </div>
   <div class='ocr_carea' id='block_1_4' title="bbox 238 1961 920 2006">
    <p class='ocr_par' dir='ltr' id='par_1_4' title="bbox 238 1961 920 2006">
     <span class='ocr_line' id='line_1_33' title="bbox 238 1961 920 2006; baseline 0.004 -11"><span class='ocrx_word' id='word_1_214' title='bbox 238 1966 258 1996; x_wconf 87' lang='lat'>9</span> <span class='ocrx_word' id='word_1_215' title='bbox 284 1961 415 2006; x_wconf 83' lang='lat' dir='ltr'>fragm.</span> <span class='ocrx_word' id='word_1_216' title='bbox 439 1962 490 1996; x_wconf 90' lang='lat' dir='ltr'>III</span> <span class='ocrx_word' id='word_1_217' title='bbox 515 1966 559 1997; x_wconf 83' lang='lat'>97</span> <span class='ocrx_word' id='word_1_218' title='bbox 583 1974 619 2006; x_wconf 86' lang='lat' dir='ltr'>p.</span> <span class='ocrx_word' id='word_1_219' title='bbox 645 1967 712 1998; x_wconf 88' lang='lat'>300</span> <span class='ocrx_word' id='word_1_220' title='bbox 738 1962 793 1998; x_wconf 88' lang='lat' dir='ltr'>ed.</span> <span class='ocrx_word' id='word_1_221' title='bbox 819 1963 920 1998; x_wconf 81' lang='lat' dir='ltr'>Kritz</span> 
     </span>
    </p>
   </div>
   <div class='ocr_carea' id='block_1_5' title="bbox 144 2027 422 2034">
    <p class='ocr_par' dir='ltr' id='par_1_5' title="bbox 144 2027 422 2034">
     <span class='ocr_line' id='line_1_34' title="bbox 144 2027 422 2034; baseline 0 0"><span class='ocrx_word' id='word_1_222' title='bbox 144 2027 422 2034; x_wconf 95' lang='lat' dir='ltr'> </span> 
     </span>
    </p>
   </div>
   <div class='ocr_carea' id='block_1_6' title="bbox 142 2066 1466 2159">
    <p class='ocr_par' dir='ltr' id='par_1_6' title="bbox 142 2066 1466 2159">
     <span class='ocr_line' id='line_1_35' title="bbox 236 2066 1462 2110; baseline 0.004 -11"><span class='ocrx_word' id='word_1_223' title='bbox 236 2070 256 2100; x_wconf 79' lang='lat'><strong>2</strong></span> <span class='ocrx_word' id='word_1_224' title='bbox 282 2067 485 2110; x_wconf 83' lang='lat' dir='ltr'>genitiuum</span> <span class='ocrx_word' id='word_1_225' title='bbox 510 2066 547 2099; x_wconf 92' lang='lat' dir='ltr'><em>P</em></span> <span class='ocrx_word' id='word_1_226' title='bbox 635 2070 656 2100; x_wconf 80' lang='lat'>2</span> <span class='ocrx_word' id='word_1_227' title='bbox 682 2070 714 2101; x_wconf 79' lang='lat' dir='ltr'>et</span> <span class='ocrx_word' id='word_1_228' title='bbox 742 2070 765 2101; x_wconf 84' lang='lat'>4</span> <span class='ocrx_word' id='word_1_229' title='bbox 794 2067 926 2102; x_wconf 77' lang='lat' dir='ltr'>ssllaba</span> <span class='ocrx_word' id='word_1_230' title='bbox 957 2068 993 2102; x_wconf 90' lang='lat' dir='ltr'><em>P</em></span> <span class='ocrx_word' id='word_1_231' title='bbox 1084 2072 1166 2103; x_wconf 76' lang='lat' dir='ltr'>ante</span> <span class='ocrx_word' id='word_1_232' title='bbox 1197 2068 1346 2104; x_wconf 75' lang='lat' dir='ltr'>creuisse</span> <span class='ocrx_word' id='word_1_233' title='bbox 1378 2070 1462 2104; x_wconf 82' lang='lat' dir='ltr'>add.</span> 
     </span>
     <span class='ocr_line' id='line_1_36' title="bbox 142 2111 1466 2159; baseline 0.002 -13"><span class='ocrx_word' id='word_1_234' title='bbox 142 2115 185 2146; x_wconf 72' lang='lat' dir='ltr'>ru</span> <span class='ocrx_word' id='word_1_235' title='bbox 211 2113 231 2147; x_wconf 85' lang='lat' dir='ltr'><strong><em>b</em></strong></span> <span class='ocrx_word' id='word_1_236' title='bbox 327 2116 347 2146; x_wconf 87' lang='lat'>5</span> <span class='ocrx_word' id='word_1_237' title='bbox 378 2111 568 2147; x_wconf 80' lang='lat' dir='ltr'>limlmbus</span> <span class='ocrx_word' id='word_1_238' title='bbox 593 2112 784 2159; x_wconf 75' lang='lat' dir='ltr'>lumilnum</span> <span class='ocrx_word' id='word_1_239' title='bbox 814 2113 851 2148; x_wconf 84' lang='lat' dir='ltr'><em>P</em></span> <span class='ocrx_word' id='word_1_240' title='bbox 942 2118 962 2148; x_wconf 88' lang='grc'>9</span> <span class='ocrx_word' id='word_1_241' title='bbox 992 2113 1162 2149; x_wconf 77' lang='lat' dir='ltr'>salustius</span> <span class='ocrx_word' id='word_1_242' title='bbox 1186 2114 1222 2148; x_wconf 89' lang='lat' dir='ltr'><em>P</em></span> <span class='ocrx_word' id='word_1_243' title='bbox 1313 2115 1394 2150; x_wconf 58' lang='lat' dir='ltr'>&amp;cia</span> <span class='ocrx_word' id='word_1_244' title='bbox 1430 2116 1466 2149; x_wconf 92' lang='lat' dir='ltr'><em>P</em></span> 
     </span>
    </p>
   </div>
   <div class='ocr_carea' id='block_1_7' title="bbox 141 2159 1467 2261">
    <p class='ocr_par' dir='ltr' id='par_1_7' title="bbox 141 2159 1467 2261">
     <span class='ocr_line' id='line_1_37' title="bbox 144 2159 1467 2215; baseline 0.002 -11"><span class='ocrx_word' id='word_1_245' title='bbox 144 2173 186 2204; x_wconf 88' lang='grc'>13</span> <span class='ocrx_word' id='word_1_246' title='bbox 236 2159 342 2205; x_wconf 66' lang='lat' dir='ltr'>mteffi</span> <span class='ocrx_word' id='word_1_247' title='bbox 388 2171 477 2213; x_wconf 77' lang='lat' dir='ltr'>(uid.</span> <span class='ocrx_word' id='word_1_248' title='bbox 520 2170 631 2213; x_wconf 80' lang='lat' dir='ltr'>fuisse</span> <span class='ocrx_word' id='word_1_249' title='bbox 661 2170 785 2213; x_wconf 75' lang='lat' dir='ltr'>citeffi)</span> <span class='ocrx_word' id='word_1_250' title='bbox 822 2171 867 2215; x_wconf 91' lang='lat' dir='ltr'>P,</span> <span class='ocrx_word' id='word_1_251' title='bbox 910 2169 1017 2206; x_wconf 53' lang='lat' dir='ltr'>citeri*</span> <span class='ocrx_word' id='word_1_252' title='bbox 1054 2173 1074 2207; x_wconf 88' lang='lat' dir='ltr'>b</span> <span class='ocrx_word' id='word_1_253' title='bbox 1193 2176 1235 2207; x_wconf 88' lang='lat'>19</span> <span class='ocrx_word' id='word_1_254' title='bbox 1272 2172 1398 2207; x_wconf 80' lang='lat' dir='ltr'>ancias</span> <span class='ocrx_word' id='word_1_255' title='bbox 1429 2173 1467 2207; x_wconf 89' lang='lat' dir='ltr'><strong><em>P</em></strong></span> 
     </span>
     <span class='ocr_line' id='line_1_38' title="bbox 141 2215 1462 2261; baseline 0.003 -11"><span class='ocrx_word' id='word_1_256' title='bbox 141 2219 184 2250; x_wconf 80' lang='lat'>22</span> <span class='ocrx_word' id='word_1_257' title='bbox 211 2216 392 2260; x_wconf 84' lang='lat' dir='ltr'>quatenus</span> <span class='ocrx_word' id='word_1_258' title='bbox 413 2217 450 2250; x_wconf 88' lang='lat' dir='ltr'><strong><em>P</em></strong></span> <span class='ocrx_word' id='word_1_259' title='bbox 529 2220 572 2251; x_wconf 84' lang='lat'>23</span> <span class='ocrx_word' id='word_1_260' title='bbox 598 2227 731 2261; x_wconf 85' lang='lat' dir='ltr'>anag1a</span> <span class='ocrx_word' id='word_1_261' title='bbox 758 2215 804 2250; x_wconf 80' lang='lat' dir='ltr'>P&#39;</span> <span class='ocrx_word' id='word_1_262' title='bbox 885 2221 929 2252; x_wconf 82' lang='lat'>24</span> <span class='ocrx_word' id='word_1_263' title='bbox 954 2217 1058 2253; x_wconf 81' lang='lat' dir='ltr'>sohte</span> <span class='ocrx_word' id='word_1_264' title='bbox 1082 2216 1127 2252; x_wconf 87' lang='lat' dir='ltr'>B&#39;</span> <span class='ocrx_word' id='word_1_265' title='bbox 1208 2219 1462 2254; x_wconf 84' lang='lat' dir='ltr'>enunc1at10ne</span> 
     </span>
    </p>
   </div>
   <div class='ocr_carea' id='block_1_8' title="bbox 139 2262 512 2297">
    <p class='ocr_par' dir='ltr' id='par_1_8' title="bbox 139 2262 512 2297">
     <span class='ocr_line' id='line_1_39' title="bbox 139 2262 512 2297; baseline -0.003 0"><span class='ocrx_word' id='word_1_266' title='bbox 139 2263 222 2297; x_wconf 87' lang='lat' dir='ltr'>BP</span> <span class='ocrx_word' id='word_1_267' title='bbox 291 2266 333 2297; x_wconf 83' lang='lat'>27</span> <span class='ocrx_word' id='word_1_268' title='bbox 360 2262 453 2297; x_wconf 77' lang='lat' dir='ltr'>festa</span> <span class='ocrx_word' id='word_1_269' title='bbox 475 2262 512 2296; x_wconf 93' lang='lat' dir='ltr'><em>P</em></span> 
     </span>
    </p>
   </div>
  </div>
 </body>
</html>
