1526 2444
159 75 245 117 564
456 76 603 111 COMM.
630 76 681 111 IN
707 76 847 112 SOMN.
874 75 985 112 SCIP.
1011 76 1137 111 LIBRI
1162 77 1177 110 I

160 182 233 223 sed
269 196 335 223 res
366 196 491 223 uerae
521 181 738 223 uocabulis
771 182 1070 236 exprimuntur.
1132 182 1224 223 dux
1262 184 1310 223 et
1343 182 1479 236 prin-

160 253 277 293 ceps
329 239 388 280 ait
437 242 486 280 et
535 239 822 281 moderator
869 240 1107 281 luminum
1152 236 1480 293 reliquorum,

119 300 297 340 2mens
323 297 493 338 mundi
518 300 567 338 et
589 298 903 351 temperatio.
958 297 1080 339 Plato
1106 298 1150 339 in
1174 297 1358 350 Timaeo,
1386 311 1481 338 cum

160 354 210 395 de
247 357 343 395 octo
382 354 573 408 sphaeris
609 355 871 408 loqueretur,
913 356 974 396 sic
1011 356 1072 396 ait
1106 358 1161 396 ut
1197 358 1360 396 autem
1397 369 1482 409 per

159 412 299 466 ipsos
343 415 457 453 octo
502 412 747 454 circuitus
791 412 1079 454 celeritatis
1124 415 1172 454 et
1214 413 1526 454 tarditatist

159 471 299 511 certa
335 483 567 511 mensura
605 472 653 511 et
683 470 750 511 sit
782 472 830 511 et
858 472 1118 525 noscatur,
1153 470 1271 511 deus
1302 471 1350 511 in
1382 485 1480 512 am-

160 528 272 568 bitu
320 542 469 582 supra
517 530 704 569 terram
753 528 970 569 secundo
1020 528 1186 569 lumen
1232 528 1481 581 accendit,

121 585 288 639 3qu0d
330 599 459 627 nunc
503 586 657 627 solem
698 600 944 627 uocamus.
1010 585 1146 639 uides,
1190 588 1236 627 ut
1271 586 1374 627 haec
1412 586 1482 627 de-

159 643 296 684 finitio
332 643 427 685 uult
464 657 555 684 esse
593 644 780 685 omnium
817 643 1089 697 sphaerarum
1127 644 1270 685 lumen
1306 643 1352 684 in
1383 644 1482 698 sole,

162 701 234 742 sed
267 699 412 742 Cicero
445 701 592 755 sciens,
623 701 754 743 etiam
785 703 946 743 ceteras
978 701 1125 743 stellas
1155 702 1311 742 habere
1342 702 1484 742 lumen
1505 716 1526 751 ις

162 773 300 812 suum,
338 759 553 813 solamque
591 759 752 813 lunam,
791 761 839 800 ut
876 773 999 812 saepe
1030 760 1117 800 iam
1148 759 1348 814 diximus,
1388 773 1483 812 pro·
1524 802 1526 814 i

161 817 254 871 prio
292 831 451 870 carere,
491 817 791 858 obscuritatem
829 816 1086 858 definitionis
1123 817 1247 858 huius
1284 816 1483 871 liquidius
1520 845 1526 887 1

166 874 394 915 absoluens
426 877 468 915 et
500 874 722 916 ostendens
753 875 798 915 in
830 875 916 916 sole
948 875 1178 915 maximum
1208 875 1349 915 lumen
1381 889 1484 929 esse,

160 945 247 973 non
289 933 443 985 solum,
491 932 551 972 ait
594 932 688 973 dux
737 935 785 972 et
826 933 1062 986 princeps
1107 935 1155 973 et
1198 932 1483 974 moderator

161 989 406 1030 luminum
442 990 762 1043 reliquorum.
824 989 927 1031 adeo
966 992 1008 1031 et
1039 991 1197 1031 ceteras
1230 990 1375 1031 stellas
1407 991 1486 1032 scit

162 1060 254 1087 esse
302 1047 465 1088 lumina
514 1047 587 1088 sed
627 1047 738 1088 hunc
784 1047 929 1088 ducem
973 1050 1015 1089 et
1057 1048 1311 1101 principem,
1360 1062 1485 1102 quem

121 1105 402 1148 4Heraclitus
438 1104 601 1146 fontem
639 1105 831 1147 caelestis
863 1105 968 1146 lucis
1001 1105 1198 1159 appellat.
1259 1105 1353 1146 dux
1383 1119 1484 1160 ergo

162 1165 247 1215 est,
291 1163 391 1217 quia
427 1177 571 1204 omnes
609 1163 782 1214 luminis
820 1163 1041 1204 maiestate
1077 1162 1307 1217 praecedit,
1348 1163 1485 1216 prin-

162 1234 295 1274 ceps,
326 1221 425 1275 quia
454 1220 515 1262 ita
546 1221 720 1275 eminet,
751 1223 799 1261 ut
830 1223 1064 1275 propterea,
1095 1221 1206 1275 quod
1237 1220 1336 1262 talis
1369 1221 1484 1263 solus

162 1281 385 1331 appareat,
419 1279 484 1320 sol
514 1281 699 1332 uocetur,
730 1279 1016 1320 moderator
1045 1279 1356 1332 reliquorum
1386 1278 1510 1320 dici-v

162 1339 252 1389 tur,
289 1338 389 1391 quia
424 1336 515 1389 ipse
552 1350 698 1378 cursus
730 1350 875 1378 eorum
905 1349 1182 1390 recursusque
1213 1338 1328 1377 certa
1358 1337 1485 1390 spatii

123 1395 151 1436 5
166 1394 408 1435 definitione
442 1394 696 1436 moderatur.
756 1408 855 1435 nam
887 1397 1001 1435 certa
1031 1394 1159 1447 spatii
1190 1394 1376 1436 definitio
1408 1396 1484 1448 est,

164 1452 217 1492 ad
260 1466 386 1506 quam
424 1466 519 1492 cum
561 1466 646 1493 una
684 1466 873 1506 quaeque
909 1452 1090 1494 erratica
1126 1451 1251 1493 stella
1286 1451 1483 1493 recedens

164 1524 189 1550 a
216 1510 306 1551 sole
330 1510 581 1564 peruenerit,
605 1513 825 1564 tamquam
848 1510 964 1551 ultra
982 1509 1258 1564 prohibeatur
1277 1509 1484 1564 accedere,

164 1568 234 1622 agi
270 1571 383 1609 retro
416 1567 599 1621 uidetur,
637 1570 680 1608 et
710 1582 874 1621 rursus,
911 1582 1004 1609 eum
1037 1569 1194 1609 certam
1224 1570 1389 1621 partem
1420 1581 1481 1608 re-

164 1625 345 1667 cedendo
377 1625 614 1680 contigerit,
644 1625 697 1667 ad
728 1626 875 1667 directi
906 1639 1051 1667 cursus
1083 1628 1286 1667 consueta
1313 1639 1484 1666 reuoca-

163 1686 246 1724 tur.
299 1684 360 1724 ita
391 1683 494 1724 solis
528 1684 590 1724 uis
620 1685 663 1724 et
686 1685 876 1737 potestas
907 1685 1048 1724 motus
1076 1683 1337 1737 reliquorum
1360 1682 1499 1730 lumir

124 1743 264 1783 Gnum
293 1741 527 1783 constituta
552 1741 812 1782 dimensione
839 1741 1091 1782 moderatur.
1146 1755 1282 1782 mens
1314 1740 1483 1782 mundi

163 1799 224 1839 ita
262 1799 516 1865 appellatur,
555 1801 603 1840 ut
638 1798 807 1853 physici
843 1813 938 1840 eum
975 1813 1046 1840 cor
1077 1798 1182 1840 caeli
1213 1800 1484 1852 uocauerunt,

163 1856 259 1898 inde
295 1857 495 1898 nimirum
533 1857 644 1910 quod
683 1857 843 1910 omnia,
880 1870 987 1911 quae
1025 1858 1185 1898 statuta
1215 1856 1377 1897 ratione
1407 1870 1484 1910 per

163 1914 326 1955 caelum
362 1915 455 1956 fieri
491 1914 699 1968 uidemus,
741 1915 850 1956 diem
886 1917 1134 1968 noctemque
1171 1917 1213 1954 et
1249 1913 1482 1969 migrantes

162 1971 275 2013 inter
299 1974 524 2025 utrumque
549 1948 807 2026 prolixitatis
834 1971 1136 2027 breuitatisque
1161 1972 1275 2013 uices
1294 1974 1337 2012 et
1356 1972 1480 2012 certis

163 2030 425 2083 temporibus
468 2044 645 2084 aequam
685 2031 901 2084 utriusque
939 2044 1196 2082 mensuram,
1239 2029 1336 2070 dein
1371 2028 1483 2078 ueri,

257 2134 279 2163 4
304 2131 412 2165 hocto
439 2128 483 2165 B'
562 2134 582 2165 5
609 2131 712 2166 octos
732 2130 777 2166 B'
862 2136 880 2166 7
907 2132 1049 2166 accedit
1072 2129 1118 2166 B'
1192 2135 1211 2165 9
1238 2131 1423 2175 sperarum

165 2179 208 2210 13
235 2176 402 2211 absolues
421 2177 466 2211 B'
593 2181 637 2212 14
661 2177 732 2211 dux
757 2177 816 2211 sed
839 2178 845 2220 Ι
867 2177 897 2212 ἃ,
920 2177 956 2212 Β
1072 2181 1117 2212 22
1142 2188 1227 2211 nam
1252 2178 1352 2212 certa
1377 2176 1440 2221 spa

164 2222 329 2257 defimtio
349 2223 400 2258 est
419 2235 482 2259 om.
504 2224 539 2258 B
611 2227 654 2258 29
674 2223 802 2268 phisici
821 2224 857 2258 B
928 2227 972 2259 33
993 2234 1146 2267 aequam
1166 2225 1240 2258 utri
1259 2233 1467 2258 euanuerun

163 2269 264 2306 inB
