1526 2444
179 93 264 136 352
683 95 780 131 SAT.
805 96 934 131 LIBRI
957 97 1008 132 VI

177 202 420 255 togatarum
463 201 644 255 scriptor
685 201 731 242 in
766 215 816 243 ea
851 204 1018 256 togata,
1061 217 1167 257 quae
1204 202 1492 246 COMPITALIA

177 258 439 312 inscribitur,
479 272 564 300 non
609 259 887 300 inuerecunde
923 261 1180 313 respondens
1219 262 1493 316 arguentibus

178 316 289 369 quod
319 315 441 369 plura
472 316 719 370 sumpsisset
751 331 774 357 a
805 315 1035 359 Menandro
1066 317 1232 360 fateor
1262 319 1401 373 inquit

457 396 618 450 sumpsi
649 411 732 438 non
765 397 817 437 ab
848 397 922 438 illo
954 397 1077 439 modo

237 453 309 494 sed
339 455 387 494 ut
419 453 594 508 quisque
624 453 775 495 habuit
805 455 1049 496 conueniret
1081 456 1192 509 quod
1223 456 1329 498 mihi

236 511 347 564 quod
376 525 443 552 me
473 525 557 553 non
590 525 716 564 posse
746 511 896 553 melius
927 512 1062 554 faeere
1093 513 1261 564 credidi,

236 568 365 609 etiam
397 583 422 609 a
454 568 615 610 Latino.
901 570 904 573 '

138 649 289 703 5quod
339 649 374 690 si
421 649 525 690 haee
575 650 754 691 societas
804 651 846 690 et
893 663 1033 690 rerum
1076 652 1313 692 communio
1357 653 1494 706 poetis

179 707 539 761 scriptoribusque
575 707 771 748 omnibus
808 707 917 747 inter
954 721 998 748 se
1034 709 1261 749 exercenda
1298 722 1495 751 concessa

179 767 262 818 est,
294 765 388 818 quis
419 764 557 805 fraudi
587 764 778 818 Vergilio
805 767 967 818 uortat,
999 765 1034 806 si
1067 766 1117 807 ad
1150 766 1420 808 excolendum
1452 781 1526 812 se1

179 822 383 876 quaedam
427 822 480 863 ab
519 822 826 875 antiquioribus
864 825 1080 864 mutuatus
1118 823 1202 864 sit?
1263 824 1331 866 eui
1368 826 1494 866 etiam

179 880 317 934 gratia
355 879 437 920 hoo
472 879 641 921 nomine
678 879 871 920 habenda
908 883 989 934 est,
1033 881 1144 934 quod
1180 895 1265 922 non
1295 882 1412 923 nulla
1443 883 1494 923 ab

178 937 263 978 illis
289 937 334 978 in
359 951 464 991 opus
490 951 624 990 suum,
655 937 764 990 quod
790 940 959 978 aeterno
985 952 1230 979 mansurum
1255 942 1331 992 est,
1359 941 1495 981 trans-

178 995 349 1036 ferendo
379 995 498 1049 feeit,
534 1008 586 1035 ne
619 994 790 1036 omnino
825 995 1030 1036 memoria
1059 998 1247 1037 ueterum
1277 996 1495 1048 deleretur,

179 1067 302 1106 quos,
339 1052 449 1094 sieut
483 1066 681 1107 praesens
720 1066 865 1093 sensus
904 1052 1106 1107 ostendit,
1142 1067 1227 1094 non
1258 1054 1395 1095 solum
1425 1069 1526 1098 ne·1

138 1111 164 1152 6
179 1109 337 1165 glectui
366 1125 511 1151 uerum
538 1111 663 1151 etiam
689 1110 792 1151 risui
815 1109 971 1151 habere
995 1110 1078 1151 iam
1106 1110 1332 1164 coepimus.
1380 1111 1495 1153 deni-

178 1182 258 1222 que
303 1170 345 1208 et
386 1168 540 1209 iudicio
582 1167 864 1209 transferendi
908 1170 951 1208 et
993 1167 1118 1209 modo
1162 1168 1358 1210 imitandi
1397 1183 1494 1211 oon-

178 1227 344 1267 seeutus
383 1229 466 1279 est,
507 1227 555 1266 ut
592 1225 703 1279 quod
742 1224 852 1278 apud
890 1224 1009 1265 illum
1045 1225 1272 1280 legerimus
1310 1226 1494 1268 alienum

178 1285 252 1324 aut
293 1283 407 1324 illius
451 1297 542 1324 esse
586 1283 800 1334 malimus,
843 1284 917 1324 aut
958 1282 1108 1324 melius
1152 1283 1222 1325 hio
1259 1298 1386 1338 quam
1422 1285 1495 1326 ubi

139 1340 162 1382 7
178 1343 327 1382 natum
371 1342 435 1382 est
477 1354 628 1382 sonare
672 1340 882 1381 miremur.
950 1339 1086 1381 dicam
1121 1340 1263 1396 itaque
1299 1342 1494 1396 primum,
1513 1359 1526 1384 ε

177 1413 281 1452 quos
325 1399 378 1440 ab
423 1398 518 1439 aliis
560 1399 691 1440 traxit
733 1398 802 1439 uel
845 1411 895 1438 ex
931 1397 1105 1439 dimidio
1143 1399 1206 1439 sui
1241 1412 1387 1440 uersus
1427 1400 1494 1441 uel

177 1470 309 1510 paene
359 1456 530 1510 solidos,
577 1458 676 1510 post
716 1455 797 1498 hoo
838 1455 952 1496 locos
994 1455 1185 1510 integros
1228 1470 1322 1498 oum
1363 1471 1495 1510 parua

179 1514 362 1568 quadam
409 1514 706 1555 immutatione
754 1513 985 1554 translatos
1035 1527 1233 1554 sensusne
1278 1513 1340 1555 ita
1381 1518 1493 1556 tran-

179 1572 371 1625 scriptos,
401 1574 450 1612 ut
480 1571 589 1612 unde
623 1574 762 1612 essent
792 1571 984 1624 eluceret,
1014 1570 1261 1612 immutatos
1293 1571 1417 1624 alios,
1446 1574 1494 1613 ut

177 1632 321 1671 tamen
352 1630 472 1683 origo
505 1643 649 1670 eorum
680 1643 765 1670 non
795 1629 1074 1683 ignoraretur,
1106 1630 1205 1682 post
1234 1628 1338 1670 haee
1370 1643 1493 1683 quae·
1511 1645 1526 1671 a

179 1687 275 1728 dam
306 1687 356 1728 de
386 1687 465 1737 his,
497 1701 603 1741 quae
636 1687 688 1728 ab
713 1686 899 1728 Homero
932 1688 1101 1740 sumpta
1132 1688 1241 1739 sunt,
1273 1687 1493 1728 ostendam

176 1759 262 1786 non
293 1745 433 1798 ipsum
470 1744 524 1785 ab
554 1744 741 1786 Homero
779 1743 945 1797 tulisse,
988 1742 1059 1784 sed
1095 1743 1212 1796 prius
1250 1743 1358 1784 alios
1397 1743 1493 1785 inde

178 1802 426 1856 sumpsisse,
462 1805 505 1843 et
535 1802 646 1844 hune
678 1801 731 1843 ab
762 1801 866 1855 illis,
903 1814 1008 1855 quos
1041 1801 1130 1842 sine
1162 1800 1288 1842 dubio
1319 1791 1494 1855 legerat,
1523 1846 1526 1855 Α

176 1859 460 1900 transtulisse.
1520 1867 1526 1871 ’

270 1965 291 1995 4
316 1962 445 2003 fragm.
472 1972 562 1997 com.
591 1961 644 1996 ed.
673 1965 693 1996 2
718 1960 883 1996 Ribbeck
907 1971 940 1996 v.
966 1963 1011 1994 25
1035 1971 1071 2004 p.
1099 1963 1164 1995 168

269 2057 290 2087 4
320 2053 385 2088 1110
417 2053 493 2088 sol&
520 2043 555 2089 31
582 2054 619 2098 (ἢ
647 2055 689 2088 in
718 2054 805 2096 ras.)
833 2053 868 2087 P
984 2055 1004 2085 5
1031 2051 1193 2096 quisquis
1212 2052 1255 2091 P,
1286 2063 1347 2087 em.
1378 2053 1494 2087 nescio

175 2100 256 2144 quis
373 2100 470 2143 quod
502 2102 713 2136 conueniret
744 2100 788 2143 P,
818 2099 1041 2142 transposuit
1071 2098 1228 2133 Bothius
1345 2102 1364 2132 6
1397 2091 1526 2141 quod?

174 2146 341 2180 Bothius:
371 2147 539 2190 quodque
565 2147 601 2181 P
695 2149 737 2179 12
763 2146 832 2179 hoc
856 2154 1003 2179 nomme
1027 2155 1093 2179 om.
1123 2143 1168 2187 P,
1191 2144 1276 2179 add.
1303 2144 1492 2179 cantabri-
1506 2129 1526 2197 Ξ

175 2192 307 2236 9ie¹nsis
321 2195 364 2235 (?)
436 2193 605 2229 habenda
627 2192 680 2227 est
698 2191 735 2226 P
804 2195 845 2226 15
866 2190 980 2226 folum
998 2200 1073 2224 non
1091 2190 1205 2224 leetui
1223 2190 1260 2224 P
1329 2194 1370 2224 16
1397 2201 1493 2237 cepi·
1508 2201 1526 2239 ,ς

176 2237 258 2271 mus
277 2238 313 2271 P
442 2242 483 2273 17
510 2238 751 2283 consequutus
774 2238 809 2272 P
939 2240 980 2270 19
1006 2236 1122 2282 illius]
1147 2235 1247 2270 ahud
1274 2235 1309 2270 P
1433 2237 1523 2292 hio}

177 2294 242 2319 om.
268 2281 316 2317 P'
389 2288 471 2320 ante
495 2287 558 2321 ub1
582 2286 665 2321 add.
692 2285 751 2319 hic
779 2283 827 2318 P‘
901 2286 944 2317 23
971 2281 1172 2317 translatas
1194 2281 1244 2316 P'
