1526 2444
620 69 706 105 XIII
733 73 873 105 19-24
1340 67 1425 110 301

78 194 157 223 suo
190 180 251 222 ait
280 179 326 221 in
357 178 540 221 sublime
566 180 769 220 curuatos
795 178 1016 220 littoribus
1043 176 1181 232 inlidi,
1212 180 1257 220 et
1283 191 1428 233 asper-

78 239 223 295 ginem
255 238 460 281 collectae
485 237 623 280 sordis
650 251 868 292 exspuere,
901 237 1015 292 quod
1040 236 1159 279 nulla
1183 237 1428 293 expressius

0 317 7 372 ἱ·
76 297 476 399 pictiuratsignaret,
501 299 645 339 uester
670 311 789 339 mare
817 311 854 338 a
868 296 1001 338 fundo
1023 296 1077 338 ad
1097 296 1274 338 aethera
1292 310 1428 351 usque

10 383 13 400 π
76 371 152 412 per
183 371 252 399 uel
273 389 282 398 .

9 447 59 480 ξε
136 427 315 480 dixerat,
345 426 472 482 idque
504 429 646 468 ratum
678 425 821 482 Stygii
852 441 930 482 per
959 426 1138 468 flumina
1168 425 1314 468 fratris
1443 426 1499 469 22

134 501 210 541 per
242 486 335 542 pice
366 486 570 527 torrentis
605 488 783 540 atraque
816 487 1023 542 uoragine
1054 487 1172 540 ripas

137 545 287 587 adnuit
318 548 360 586 et
390 548 530 587 totum
562 548 671 587 nutu
703 544 944 587 tremefecit
976 544 1220 600 Olympum.

135 601 162 657 ἦ
196 602 270 646 καὶ
301 603 541 660 κυανεῃσιν
572 601 636 646 ἐπ’
674 604 838 659 ὀφρύσι
868 610 998 646 νεῦσε
1030 605 1255 656 Κρονίων·

138 662 387 734 ἀμβρόσιαι
407 662 446 705 δ’
484 663 568 718 άρα
599 670 742 719 χαῖται
773 663 1078 718 ἐπερρώσαντο
1110 663 1296 712 ἄνακτος

9 741 61 771 ριο
137 724 295 777 κρατὸς
315 718 387 764 ἀπ’
411 721 671 776 ἀθανάτοιο,
689 721 828 776 μέγαν
847 719 887 764 δ’
913 720 1123 772 ἐλέλιξεν’
1123 721 1353 777 Όλυμπον.
1375 746 1426 751 -

139 779 212 823 καὶ
242 783 292 824 τὸ
323 783 637 836 κατειβόμενον
668 782 842 835 Στυγὸς
872 781 994 836 ὕδωρ
1027 779 1127 824 ὅστε
1158 779 1363 835 μέγιστος

139 838 271 894 ὅρκος
303 841 554 889 δεινότατός
583 855 629 882 τε
659 839 781 882 πέλει
812 840 1055 896 μακάρεσσι
1084 844 1272 883 θεοῖσιν.

81 911 259 953 Phidias
297 925 394 953 cum
426 911 574 953 Iouem
613 910 862 966 Olympium
898 912 1101 967 fingeret,
1138 912 1430 966 interrogatus
1445 915 1502 958 23

83 971 132 1012 de
164 984 248 1024 quo
280 970 475 1026 exemplo
509 970 699 1012 diuinam
725 974 999 1013 mutuaretur
1025 971 1224 1027 effigiem,
1255 985 1432 1025 respon-

15 1046 62 1073 7ιε»
81 1029 145 1096 dit
175 1028 455 1096 archetypum
479 1029 597 1072 Iouis
627 1029 671 1071 in
699 1030 766 1072 his
793 1044 838 1072 se
863 1030 1002 1072 tribus
1028 1029 1209 1072 Homeri
1235 1030 1430 1072 uersibus

81 1102 296 1130 1nuen1sse

140 1155 166 1213 ἧ
198 1157 270 1201 καὶ
301 1157 540 1216 κυανέῃσιν
572 1157 638 1202 ἐπ’
675 1160 838 1215 ὀφρύσι
869 1166 1001 1203 νεῦσε
1032 1161 1256 1215 Κρονίων·

141 1217 378 1273 ἀμβρόσιαι
410 1219 447 1261 δ’
487 1219 572 1274 ἄρα
602 1226 746 1275 χαῖται
773 1219 1076 1274 ἐπερρώσαντο
1109 1220 1295 1269 ἄνακτος

141 1278 299 1333 κρατὸς
330 1275 404 1319 ἀπ’
443 1277 702 1333 ἀθανάτοιο,
734 1278 872 1334 μέγαν
906 1277 946 1320 δ’
982 1278 1171 1329 ἐλέλιξεν
1192 1277 1432 1334 Ὄλυμπον,

0 1359 1 1364 ’
30 1362 184 1391 sonam
217 1347 267 1390 de
299 1350 539 1403 superciliis
571 1352 614 1390 et
643 1350 834 1391 crinibus
866 1352 1007 1391 totum
1041 1364 1085 1391 se
1116 1349 1232 1391 Iouis
1261 1350 1432 1391 uultum

83 1407 322 1462 collegisse.
380 1408 494 1462 quod
526 1412 752 1464 utrumque
784 1408 942 1450 uidetis
975 1424 1000 1451 a
1025 1408 1220 1464 Vergilio
1247 1412 1433 1463 praeter-

82 1466 275 1508 missum.
338 1481 442 1508 sane
479 1481 735 1509 concussum
770 1467 1002 1522 Olympum
1039 1471 1169 1509 nutus
1203 1467 1433 1509 maiestate

83 1539 171 1567 non
208 1525 361 1576 tacuit,
397 1525 466 1567 ius
505 1526 731 1568 iurandum
771 1541 874 1568 uero
913 1541 964 1568 ex
1001 1526 1086 1569 alio
1120 1526 1301 1569 Homeri
1337 1527 1432 1569 loco

86 1584 291 1638 sumpsit,
345 1586 394 1626 ut
447 1585 749 1627 translationis
800 1586 1011 1628 sterilitas
1061 1586 1141 1628 hac
1193 1586 1433 1628 adiectione

29 1658 67 1686 35
85 1645 432 1698 conpensaretur.

144 1727 220 1755 ora
250 1727 356 1768 puer
386 1713 525 1768 prima
556 1714 734 1769 signans
765 1715 942 1757 intonsa
972 1716 1162 1757 iuuenta.
1447 1720 1505 1762 24

143 1778 319 1824 πρῶτον
349 1771 563 1830 ὑπηνήτῃ,
594 1780 755 1830 τοῦπερ
786 1774 1044 1830 χαριεστάτη
1076 1775 1179 1830 ἥβη,

180 1886 201 1917 5
226 1880 317 1917 Aen.
342 1881 448 1916 VIIII
475 1885 543 1918 104
627 1887 648 1918 8
675 1883 705 1917 Il
731 1885 758 1919 Α
785 1887 853 1920 528
940 1888 983 1919 11
1011 1885 1051 1920 Il.
1078 1886 1107 1921 O
1134 1889 1178 1921 37
1273 1890 1316 1921 26
1342 1886 1436 1922 Aen.

87 1928 188 1964 VIIII
215 1932 281 1965 181
357 1932 400 1963 27
429 1929 496 1964 Od.
524 1942 544 1965 κ
570 1933 638 1966 279

183 2032 201 2063 1
228 2028 402 2065 litoribus
425 2027 474 2064 P'
550 2034 570 2065 2
598 2030 781 2076 expesslus
804 2031 853 2065 P'
929 2036 950 2068 5
976 2031 1019 2068 sti
1023 2045 1077 2079 gu
1102 2033 1139 2069 P
1209 2037 1229 2068 6
1255 2034 1442 2069 torrentes

87 2075 130 2111 Μ’
157 2076 271 2119 fallor
300 2074 349 2111 P'
449 2081 468 2112 ’1
501 2077 621 2112 totam
648 2079 685 2112 P
779 2078 857 2124 0le
860 2091 906 2114 u·
929 2080 994 2123 ΙΡ
1086 2084 1108 2116 8
1135 2081 1352 2117 ΚΡΟΝΙΟΝ·
1376 2082 1441 2125 ΙΡ

12 2135 14 2152 t
91 2126 135 2158 10
159 2123 371 2159 ΕΛΕΛΙΖΕΝ
397 2124 434 2158 Ρ
506 2127 547 2159 11
575 2125 758 2161 (ΙΤΥΓΟΕ
784 2127 822 2171 (Γ
847 2137 938 2162 corr
964 2139 1008 2162 ex
1032 2129 1076 2173 Τ)
1104 2128 1141 2163 P
1214 2129 1437 2165 ΜΕΤΙΕΤΟ(

13 2186 15 2190 ·
92 2169 129 2204 Ρ
206 2173 249 2205 13
274 2170 388 2208 fidias
407 2171 444 2205 P
520 2172 713 2217 olimpium
740 2173 777 2207 P
851 2177 896 2208 15
921 2175 1182 2220 archetlppum
1210 2176 1247 2210 P
1326 2176 1442 2212 tubus

13 2260 16 2266 ὁ
90 2213 138 2252 P'
235 2217 392 2253 uembur
417 2216 467 2253 P'
568 2222 609 2254 17
637 2221 892 2256 ΚΡΟΗΗΙωΝ·
927 2221 964 2256 Ρ
1056 2226 1100 2258 19
1126 2225 1380 2260 ΑΤΑΝΑΤΟΙΟ
1407 2224 1444 2258 Ρ

91 2265 135 2344 21?
160 2265 346 2347 οΙὴιιέΗιιιιὲ
364 2266 402 2300 Ρ
469 2269 514 2300 26
540 2277 606 2301 ora
624 2287 669 2293 —-
689 2270 844 2303 muenta
867 2269 910 2304 in
932 2280 1006 2306 ras.
1026 2271 1069 2305 in
1091 2270 1127 2304 P
1197 2274 1240 2306 27
1268 2272 1432 2307 ΥΠΗΝΗ
