1526 2444
601 50 687 87 VIII
713 54 828 86 i—io
1307 48 1393 91 159

48 158 341 214 integrarique
372 158 540 201 animos
571 158 625 201 ad
656 157 939 201 instauranda
970 157 1217 200 sobrietatis
1250 157 1395 200 officia

50 217 327 269 existimauit,
352 217 624 274 redditosque
650 218 809 259 sensim
835 217 1035 259 laetiores
1058 217 1110 259 ad
1129 216 1394 259 intentiones

48 291 198 319 rursus
243 277 527 332 capessendas
571 276 664 319 fieri
707 276 963 329 habiliores,
1006 278 1048 318 et
1090 276 1237 330 simul,
1280 275 1395 331 siqui

47 336 221 391 penitus
254 336 298 378 in
328 335 396 378 his
429 335 718 378 adfectionum
745 335 1112 390 cupiditatumque
1139 349 1303 377 errores
1329 336 1393 376 in-

12 416 30 443 ⁶
49 397 205 449 essent,
235 409 342 449 quos
369 395 529 437 celaret
555 394 745 450 alioquin
770 394 909 450 pudor
933 408 1149 449 reuerens‚
1175 408 1224 436 ea
1250 394 1395 436 omnia

48 455 137 496 sine
175 454 297 508 graui
333 454 523 508 periculo
562 454 763 495 libertate
800 468 875 508 per
914 454 1061 495 uinum
1099 453 1201 495 data
1238 453 1395 508 detegi,

48 514 92 554 et
143 512 197 554 ad
241 512 540 568 corrigendum
584 512 923 567 medendumque
965 512 1059 554 fieri
1103 512 1395 567 oportuniora.

48 574 178 626 atque
215 571 296 615 hoc
335 571 465 613 etiam
499 571 622 614 Plato
659 571 818 614 ibidem
857 571 963 613 dicit
992 585 1080 613 non
1111 570 1434 625 diffugiendas7

48 643 140 672 esse
172 629 348 672 huiusce
380 629 497 672 modi
529 630 856 673 exercitationes
889 630 1116 673 aduersum
1142 629 1394 684 propulsan-

0 709 32 737 ιο
50 688 149 731 dam
180 689 273 731 uini
303 689 572 744 uiolentiam,
602 703 740 744 neque
770 689 906 730 ullum
939 703 1143 743 umquam
1174 688 1396 730 continen-

46 750 134 790 tem
177 762 378 803 prorsum
423 750 499 790 aut
535 750 848 802 temperantem
887 747 994 789 satis
1032 747 1217 788 fideliter
1254 747 1395 789 uisum

47 820 159 861 esse,
197 807 265 849 cui
303 807 394 848 uita
430 821 518 849 non
554 807 670 848 inter
699 806 796 861 ipsa
827 820 1021 848 errorum
1052 806 1245 861 pericula
1276 808 1320 848 et
1349 806 1395 847 in

46 865 200 907 mediis
238 866 511 920 uoluptatum
549 865 775 907 inlecebris
808 865 1033 919 explorata
1065 865 1133 908 sit.
1194 880 1296 907 nam
1327 865 1435 912 cui8

47 924 252 966 libentiae
302 924 549 980 gratiaeque
598 938 747 967 omnes
797 924 1096 966 conuiuiorum
1145 924 1394 979 incognitae

0 1001 30 1030 ιε
49 983 154 1039 sint,
185 982 340 1038 quique
376 983 547 1025 illarum
580 983 753 1025 omnino
786 997 938 1038 expers
971 983 1049 1038 sit,
1086 982 1123 1025 si
1154 997 1252 1025 eum
1283 983 1395 1025 forte

49 1041 102 1084 ad
137 1042 457 1097 participandas
494 1042 621 1084 huius
658 1042 775 1084 modi
806 1042 1054 1097 uoluptates
1086 1044 1161 1083 aut
1193 1043 1395 1084 uoluntas

47 1100 196 1142 tulerit
239 1104 313 1142 aut
356 1115 479 1143 casus
522 1101 738 1142 induxerit
775 1103 850 1143 aut
886 1101 1122 1143 necessitas
1159 1101 1395 1156 impulerit,

49 1174 151 1202 mox
187 1159 364 1202 deleniri
401 1162 444 1201 et
480 1161 575 1215 capi
605 1174 741 1215 neque
772 1162 965 1202 mentem
996 1160 1087 1202 eius
1119 1159 1395 1215 animumque

51 1218 299 1260 consistere.
361 1219 722 1275 congrediendum
753 1219 888 1275 igitur
917 1222 961 1261 et
985 1221 1207 1274 tamquam
1233 1219 1279 1261 in
1306 1219 1435 1265 acie9

0 1295 32 1323 ιο
49 1276 236 1332 quadam
268 1291 365 1319 cum
395 1278 652 1333 uoluptariis
678 1279 805 1320 rebus
832 1292 1013 1333 cumque
1037 1279 1121 1320 ista
1146 1278 1241 1320 uini
1266 1278 1395 1320 licen-

49 1336 112 1378 tia
143 1337 383 1378 comminus
416 1335 738 1392 decernendum,
768 1339 818 1379 ut
850 1337 1052 1379 aduersus
1084 1351 1156 1379 eas
1181 1351 1268 1379 non
1292 1337 1397 1392 fuga

48 1409 128 1437 nec
160 1395 356 1438 absentia
389 1395 522 1437 simus
547 1396 643 1450 tuti,
675 1396 750 1438 sed
774 1395 925 1451 uigore
951 1395 1085 1437 animi
1110 1398 1155 1437 et
1181 1396 1397 1438 constanti

49 1454 296 1508 praesentia
309 1454 613 1509 moderatoque
629 1469 709 1496 usu
722 1455 1055 1508 temperantiam
1071 1454 1396 1497 continentiam-

0 1555 4 1558 ,
50 1526 132 1567 que
169 1515 385 1568 tueamur,
417 1515 460 1554 et
491 1513 699 1556 calefacto
733 1513 861 1555 simul
891 1513 1116 1569 refotoque
1149 1513 1310 1569 animo,
1342 1513 1396 1555 si-

0 1571 152 1626 nquid
189 1572 234 1614 in
271 1586 321 1614 eo
358 1572 428 1614 uel
466 1572 646 1628 frigidae
683 1572 888 1614 tristitiae
925 1573 996 1614 uel
1033 1573 1249 1627 torpentis
1279 1586 1396 1614 uere-

49 1630 227 1673 cundiae
258 1630 401 1685 fuerit,
431 1630 656 1673 diluamus.

169 1688 251 1732 Sed
278 1689 378 1745 quia
402 1690 726 1745 uoluptatum
758 1690 935 1732 fecimus
968 1690 1242 1745 mentionem,
1272 1690 1396 1733 docet
1414 1696 1467 1738 10

49 1747 322 1804 Aristoteles,
347 1763 373 1790 a
398 1749 552 1804 quibus
577 1749 876 1804 uoluptatibus
904 1750 962 1791 sit
987 1749 1236 1792 cauendum.
1277 1749 1395 1804 quin-

51 1821 133 1862 que
159 1807 272 1849 enim
293 1809 394 1849 sunt
418 1807 642 1850 hominum
669 1822 833 1863 sensus,
859 1822 966 1864 quos
987 1807 1140 1851 Graeci
1166 1809 1397 1862 αἰσθήσεις

146 1916 163 1946 1
190 1911 287 1947 Plat.
311 1910 411 1957 legg.
436 1924 472 1957 p.
499 1916 566 1947 649
592 1912 622 1947 Β
723 1915 744 1948 8
769 1913 819 1948 ib.
845 1925 880 1958 p.
907 1916 975 1948 649
1003 1913 1032 1948 Β
1130 1916 1174 1948 27
1201 1912 1395 1949 Aristotel.

49 1957 135 1993 Eth.
160 1957 305 1994 Nicom.
332 1958 400 1994 VH
424 1963 447 1994 4
472 1971 551 2004 sqq.

20 2087 30 2098 ‚p
146 2056 166 2087 3
192 2052 418 2096 capessendo
431 2062 455 2088 *
462 2064 492 2098 p
517 2052 772 2098 (capessendas
793 2057 834 2088 ut
852 2054 930 2090 uid.
953 2054 1004 2099 P)
1066 2053 1129 2099 qui
1150 2054 1188 2089 P
1246 2058 1268 2089 4
1288 2053 1399 2089 affec>

21 2099 23 2101 ’
49 2098 194 2134 tionum
219 2099 257 2134 P
326 2102 346 2134 5
372 2100 514 2144 alloqui
538 2101 575 2135 B
643 2105 662 2136 7
689 2101 911 2147 corrigandsi
937 2105 978 2136 ut
1003 2101 1080 2138 uid.
1100 2098 1149 2136 P'
1220 2104 1265 2136 10
1289 2101 1397 2136 illum

27 2154 30 2155 ’
50 2143 98 2185 B'
185 2150 228 2182 13
253 2146 444 2182 illecebris
465 2146 502 2181 P
585 2151 630 2183 14
655 2148 776 2183 omnis
796 2149 833 2183 B
924 2148 1053 2184 omnes
1074 2159 1332 2184 conuiuiorum
1355 2150 1398 2184 in

50 2203 123 2229 ras.
148 2194 191 2229 in
216 2194 252 2230 P
340 2197 383 2230 15
408 2194 542 2239 expres
560 2191 607 2229 B'
707 2198 751 2230 16
776 2195 954 2240 uoluptas
977 2193 1027 2230 P'
1129 2199 1172 2231 18
1198 2195 1349 2231 deliniri
1367 2207 1396 2241 p

0 2247 1 2265 ἐ
53 2241 97 2275 19
122 2239 239 2277 subs*
250 2240 359 2277 istere
384 2242 440 2287 (in
457 2253 531 2278 ras.
555 2242 631 2286 fuit
649 2242 681 2286 t)
706 2242 752 2285 P,
777 2242 1009 2279 consistere*
1029 2244 1066 2278 B
1145 2247 1190 2278 22
1216 2242 1330 2279 simus
1352 2262 1396 2269 --

0 2285 2 2335 l
51 2289 99 2324 23
122 2288 306 2335 presentia
330 2299 397 2325 om.
421 2288 468 2324 B'
541 2293 585 2325 27
611 2289 675 2325 sed
700 2292 763 2334 qfi’i
791 2290 828 2324 P
898 2289 990 2326 dic&
1015 2290 1052 2325 P
