1526 2444
171 84 256 127 382
678 83 777 120 SAT.
796 84 923 120 LIBRI
941 84 993 119 VI

452 190 668 232 siluestres
699 191 766 232 uri
797 190 987 245 adsidue,

170 271 247 313 uri
278 271 389 312 enim
414 269 575 313 Gallica
603 286 686 313 uox
711 273 787 326 est,
818 285 901 326 qua
925 271 1005 312 feri
1030 271 1161 313 boues
1189 270 1490 326 significantur.

450 367 643 411 Camuris
673 369 812 411 hirtae
845 369 921 410 sub
954 369 1152 411 cornibus
1184 383 1318 411 aures,

170 449 385 491 camuris
422 449 692 504 peregrinum
728 449 904 491 uerbum
941 451 1022 503 est,
1065 449 1108 490 id
1144 451 1210 491 est
1244 452 1296 490 in
1335 463 1384 492 se
1415 465 1491 492 re-

171 507 456 549 deuntibus.
529 509 571 548 et
617 506 728 548 forte
776 521 854 548 nos
906 521 1070 562 quoque
1119 520 1364 549 camaram
1412 508 1526 550 hac2

170 566 333 607 ratione
363 564 651 620 figurauimus.

118 662 158 704 V
286 662 421 705 Multa
445 677 612 718 quoque
638 662 826 716 epitheta.
851 662 962 716 apud
985 661 1223 716 Vergilium
1249 665 1359 717 sunt,
1384 678 1490 718 quae

171 721 223 762 ab
254 721 348 775 ipso
379 722 480 763 ficta
505 721 742 774 creduntur,
773 719 846 761 sed
871 722 914 762 et
937 719 1042 762 haec
1067 735 1092 762 a
1116 720 1329 763 ueteribus
1354 723 1491 763 tracta

170 779 430 821 monstrabo.
503 780 603 820 sunt
650 780 790 820 autem
839 792 890 819 ex
931 778 998 819 his
1042 777 1128 819 alia
1171 778 1395 833 simplicia,
1443 781 1491 820 ut

170 835 440 890 Gradiuus,
488 835 751 889 Mulciber,
801 835 888 876 alia
929 836 1169 890 conposita,
1217 838 1266 877 ut
1306 836 1489 891 Arqui-
1509 847 1526 875 n

169 895 366 945 tenens,
396 893 663 936 Vitisator.
724 892 796 934 sed
826 892 944 947 prius
976 893 1027 934 de
1059 893 1322 947 simplicibus
1355 894 1490 936 dicam

128 976 156 1017 2
449 976 492 1016 et
522 974 743 1015 distinctos
773 972 979 1015 Mulciber
1009 972 1139 1016 Afros

170 1054 416 1096 Mulciber
434 1056 500 1096 est
511 1053 740 1106 Vulcanus,
758 1054 869 1109 quod
888 1054 1000 1109 ignis
1021 1055 1078 1096 sit
1097 1056 1139 1096 et
1155 1054 1297 1097 omnia
1309 1055 1492 1097 mulceat
1523 1087 1526 1092 .

171 1126 219 1154 ac
250 1112 402 1155 domet.
462 1111 616 1154 Accius
647 1113 692 1154 in
723 1112 958 1154 Philoctete
1522 1110 1526 1139 ἶ

656 1192 740 1233 heu
771 1192 993 1246 Mulciber,

229 1266 347 1292 arma
377 1251 535 1306 ignauo
568 1265 611 1292 es
643 1250 803 1292 inuicta
833 1249 1068 1291 fabricatus
1099 1263 1246 1304 manu,

170 1334 213 1373 et
243 1331 453 1386 Egnatius
486 1331 535 1372 de
566 1344 708 1373 rerum
739 1333 893 1372 natura
923 1330 1032 1373 libro
1063 1331 1200 1385 primo

228 1412 407 1467 denique
436 1411 643 1454 Mulciber
674 1414 715 1453 et
745 1411 835 1466 ipse
866 1411 1004 1452 ferens
1036 1410 1244 1453 altissima
1275 1411 1396 1465 caeli,

228 1472 255 1523 †
274 1470 539 1525 contingunt.

128 1553 154 1594 3
656 1548 875 1605 Haedique
906 1549 1062 1603 petulci

227 1609 402 1651 floribus
438 1608 655 1650 insultent.

168 1690 388 1732 Lucretius
419 1689 465 1730 in
496 1688 678 1732 seeundo

227 1773 446 1826 praeterea
476 1770 613 1812 teneri
643 1768 834 1811 tremulis
865 1769 909 1810 in
940 1769 1113 1811 uocibus
1143 1768 1269 1810 haedi

228 1829 459 1871 corniferas
491 1830 647 1870 norunt
678 1829 836 1868 matres
868 1826 1052 1882 agnique
1083 1826 1251 1880 petulci.

263 1969 280 2000 1
309 1964 438 2009 Georg.
463 1964 496 1998 ΙΙ
521 1967 588 2000 374
672 1968 692 1999 3
717 1963 767 1999 ib.
793 1963 844 1997 ΠΙ
869 1966 913 1998 55
999 1967 1041 1998 12
1067 1962 1156 1998 Aen.
1182 1962 1269 1997 VIII
1294 1965 1361 1997 724

168 2024 202 2048 u.
229 2015 296 2047 558
322 2011 378 2046 ed.
405 2015 425 2045 2
451 2010 557 2046 Ribb.
631 2014 675 2045 20
701 2009 830 2055 Georg.
856 2009 925 2044 IIII
952 2013 994 2044 10
1066 2013 1109 2045 23
1135 2008 1170 2043 II
1195 2012 1261 2044 367

261 2143 282 2173 3
308 2137 338 2173 8ι
363 2136 519 2172 eamurls
540 2137 629 2180 (uid.
655 2136 766 2179 fuisse
791 2135 958 2180 Camufls)
984 2136 1021 2170 P
1102 2138 1123 2170 5
1149 2135 1246 2171 nos*
1270 2135 1358 2178 (uid.
1377 2135 1526 2179 funum*

167 2186 211 2230 ὣ)
239 2185 276 2219 Ρ
351 2194 494 2228 quoquc
519 2193 585 2218 om.
610 2183 647 2217 P
722 2186 765 2217 10
790 2181 952 2227 c6pcf1ta
978 2182 1014 2216 P
1091 2185 1134 2217 12
1159 2181 1239 2217 asor
1258 2180 1306 2217 P'
1381 2185 1422 2217 16
1454 2196 1483 2223 ιγ
1514 2195 1515 2199 ’

167 2232 307 2268 inuicta
330 2230 502 2266 Bothius:
526 2230 665 2264 inuicta.
690 2229 729 2264 es
749 2228 786 2263 P
807 2230 854 2274 (et
877 2228 1125 2272 Hermannus)
1236 2230 1279 2263 18
1304 2228 1342 2264 et
1365 2238 1431 2263 om.

170 2282 213 2313 19
239 2277 414 2322 contigua
438 2279 503 2313 aut
527 2287 609 2311 cum
634 2275 739 2320 tigna
763 2276 911 2312 coniecit
935 2275 1124 2311 Fontanus
