1526 2444
493 50 544 86 XI
570 53 710 86 27-30
742 48 811 84 XII
837 51 928 83 1—7
1297 43 1385 86 293

323 163 366 203 et
395 161 488 202 luce
520 171 722 202 coruscus
754 171 862 199 aena

99 220 211 275 αὐγὴ
242 221 420 277 χαλκείη
451 218 661 274 κορύθων
692 215 776 258 ἀπὸ
808 213 1141 270 λαμπομενάων.

322 277 491 335 quaerit
522 291 621 331 pars
655 276 819 318 semina
848 274 1059 316 flammae.

98 337 267 394 σμέρμα
297 339 436 393 πυρὸς
467 337 628 388 σώζων.
839 349 844 352 ’

99 397 255 440 Indum
287 398 523 453 sanguineo
554 394 691 438 ueluti
721 392 950 436 uiolauerit
982 394 1100 434 ostro

99 456 234 512 siquis
266 457 381 498 ebur.

97 515 154 566 ὡς
186 512 226 557 δ’
263 514 334 557 ὅτε
365 515 430 564 τίς
461 511 497 555 τ’
535 510 749 568 ἐλέφαντα
780 510 892 565 γυνὴ
925 511 1095 566 φοίνικι
1127 511 1274 564 μιήνῃ.

323 574 360 616 si
390 578 570 626 tangere
601 576 752 626 portus

97 631 322 674 infandum
356 634 485 687 caput
517 645 566 673 ae
597 630 722 672 terris
753 628 912 671 adnare
943 641 1118 670 necesse
1151 629 1218 669 est

101 693 144 733 et
175 691 235 733 sic
266 691 360 733 fata
389 690 508 733 Iouis
540 691 734 744 poscunt,
764 688 835 730 hic
866 687 1077 729 terminus
1108 686 1278 728 haeret:

98 753 144 792 at
174 750 288 792 bello
322 750 494 792 audacis
526 747 675 803 populi
706 749 886 789 uexatus
919 748 964 787 et
996 745 1141 797 armis,

97 809 253 851 finibus
286 808 480 861 extorris,
512 807 724 861 conplexu
757 805 931 848 auulsus
962 804 1047 846 Iuli

96 867 301 909 auxilium
331 867 534 922 imploret
564 865 795 920 uideatque
825 863 1006 920 indigna
1039 877 1214 906 suorum

94 926 258 978 funera,
287 940 366 968 nec
398 940 492 967 cum
526 940 570 966 se
604 924 683 966 sub
715 925 833 978 leges
864 923 981 979 pacis
1013 923 1186 978 iniquae

94 985 333 1036 tradiderit,
363 998 498 1040 regno
531 986 606 1026 aut
638 985 787 1037 optata
818 982 914 1024 luce
944 982 1113 1024 fruatur

95 1043 169 1085 sed
202 1043 325 1086 cadass
356 1047 456 1085 ante
489 1043 601 1085 diem
635 1042 859 1098 mediaque
890 1041 1142 1083 inhumatus
1168 1040 1342 1082 harena.

94 1105 228 1145 κλῦθι
260 1103 519 1145 Ποσαίδαον
550 1102 729 1157 γαιήοχε
760 1108 1046 1156 κυανοχαῖτα.

94 1163 135 1203 εἰ
165 1160 286 1204 ἐτεόν
318 1177 366 1216 γε
399 1163 475 1211 σός
505 1162 610 1216 εἰμι,
640 1161 781 1216 πατὴρ
815 1158 854 1202 δ’
893 1160 994 1215 ἐμὸς
1026 1159 1171 1215 εὔχεαι
1204 1155 1333 1212 εἶναι,

96 1220 172 1270 δὸς
203 1221 260 1276 μὴ
288 1218 507 1275 Ὀδυσσῆα
536 1221 859 1276 πτολιπόρθιον
892 1217 1032 1262 οἴκαδ’
1069 1217 1241 1260 ἱκέσθαι

94 1277 188 1321 ἀλλ’
225 1281 266 1322 εἰ
294 1282 372 1322 καί
400 1279 447 1321 oc
474 1285 606 1336 μοῖρα
636 1281 796 1334 φίλους
826 1276 862 1320 τ’
901 1276 1037 1320 ἰδέειν
1067 1275 1140 1319 καὶ
1174 1274 1347 1318 ἱκέσθαι

94 1334 217 1381 οἷκον
251 1337 294 1388 ἐς
324 1338 559 1394 ὑψόροφον
590 1336 662 1380 καὶ
694 1335 772 1393 ἑὴν
804 1336 847 1388 ἐς
877 1337 1068 1391 πατρίδα
1099 1342 1246 1390 γαῖαν,

94 1395 175 1448 ὀψὲ
206 1404 348 1448 κακῶς
373 1399 501 1439 ἔλθοι
533 1396 688 1446 ὀλέσας
719 1398 804 1439 ἄπο
836 1396 1002 1446 πάντας
1034 1394 1234 1450 ἑταίρους

93 1457 198 1510 νηὸς
231 1452 295 1498 ἐπ’
331 1456 578 1511 ἀλλοτρίης,
610 1455 733 1512 εὕροι
766 1453 806 1497 δ’
845 1454 893 1498 ἐν
923 1457 1098 1510 πήματα
1130 1458 1248 1512 οἴκῳ.

93 1515 290 1569 proxima
321 1514 523 1558 Circaeae
555 1515 766 1557 raduntur
796 1514 946 1556 littora
976 1518 1128 1565 terrae,

129 1669 146 1699 1
175 1667 264 1700 Aen.
291 1665 326 1699 ΙΙ
350 1669 421 1701 470
525 1669 546 1701 2
572 1665 614 1702 Il.
641 1667 668 1701 Ν
696 1669 763 1701 341
862 1669 883 1700 3
911 1668 1000 1702 Aen.
1029 1666 1077 1700 VI
1104 1670 1124 1701 6
1222 1669 1244 1700 4
1271 1664 1340 1700 Od.
1366 1677 1383 1701 ε

31 1714 101 1746 490
173 1716 194 1746 5
223 1716 310 1748 Aen.
338 1712 406 1747 XII
432 1716 476 1747 67
551 1716 571 1747 7
597 1713 638 1748 Il.
665 1715 699 1748 Δ
721 1716 785 1748 141
863 1717 883 1748 8
908 1714 996 1748 Aen.
1016 1713 1086 1749 1111
1106 1716 1174 1749 612
1249 1717 1292 1749 17
1315 1712 1382 1749 Od.

32 1770 43 1793 1
69 1761 137 1794 528
211 1762 256 1794 24
282 1759 373 1795 Aen.
401 1760 467 1794 VII
496 1763 538 1795 10

126 1904 147 1935 2
173 1901 356 1936 ΧΑΛΚΕΙΝ
383 1901 420 1936 Ρ
511 1882 859 1953 ΛΔΝΟΜΕΠΔωῐῗΙ-
886 1904 923 1938 Ρ
1018 1907 1038 1937 7
1064 1902 1176 1949 γυνή]
1202 1903 1325 1938 ΤΥΝΕ
1350 1902 1387 1936 Ρ

32 1949 54 1981 8
79 1947 129 1982 [ιο
157 1947 194 1981 Ρ
265 1951 285 1982 9
311 1948 459 1983 infantfi
485 1949 522 1984 P
593 1953 634 1983 11
661 1950 709 1984 ad
733 1951 768 1984 Ρ
842 1953 884 1985 15
899 1954 983 1996 post
1004 1951 1068 1985 aut
1087 1951 1240 1986 deletum
1257 1951 1381 1995 potla-

30 1995 92 2029 tur
115 1995 157 2029 in
184 1995 221 2029 P
316 1998 359 2030 17
388 1996 756 2032 ΚΔΥΘΙΠΟΕΙΔΛΟΝ
785 1999 967 2033 ΓΔΙΗΟΧΕ
992 1998 1029 2032 Ρ
1112 2001 1154 2032 18
1180 1997 1237 2044 γε]
1263 1998 1319 2032 ΤΕ
1348 1997 1385 2031 Ρ

32 2041 156 2096 ΕΜΩΧ
180 2042 218 2076 Ρ
298 2045 343 2077 19
370 2043 706 2079 ΝΤΟΛΙΠΟΡΘΙΟΝ
737 2045 773 2078 Ρ
853 2057 945 2090 quae
964 2049 1049 2090 post
1072 2046 1207 2081 ἱκέεθαι
1234 2045 1383 2080 addidit

32 2088 170 2143 Ianpus
199 2089 282 2124 υἱὸν
313 2090 483 2134 Λαέρτεω
518 2091 635 2136 Ἰθάκῃ
668 2093 722 2126 ἔνι
754 2092 836 2128 οἰκί’
861 2094 996 2136 ἔχοντα
1026 2094 1069 2128 in
1098 2093 1203 2128 ‘nullo
1228 2092 1383 2128 Homeri

31 2135 150 2191 oodwq
181 2137 283 2182 apud
306 2137 531 2173 Laroehium
563 2139 734 2185 leyuntur
764 2144 797 2175 et
828 2142 1015 2176 uerissime
1039 2141 1145 2176 hodie
1173 2150 1244 2183 pro
1268 2141 1380 2174 inte-r-

26 2183 165 2227 polam
194 2184 373 2220 habentur
402 2196 515 2230 ‘neque
546 2186 716 2231 leyuntur
745 2187 788 2222 in
818 2187 856 2222 P
973 2190 1018 2223 20
1044 2189 1322 2224 ΜΟΙΡΦΙΔΟΥ(
1348 2187 1386 2221 Ρ

31 2243 75 2275 21
100 2242 165 2277 Υψ
177 2251 230 2279 ηε*
242 2243 495 2279 οΡοφοΝεΑι
522 2244 559 2279 Ρ
674 2237 796 2281 mu}-
824 2246 862 2281 Ρ
979 2251 1022 2283 22
1049 2247 1164 2294 ἔλθοι]
1191 2248 1319 2284 εΑοοι
1346 2246 1384 2281 Ρ

32 2287 319 2335 emme-11³
436 2293 481 2325 23
514 2292 602 2327 ΝΗ(
636 2292 672 2327 Ρ
791 2294 845 2340 δ’]
880 2295 925 2330 Δι
956 2295 992 2329 Ρ
1109 2296 1304 2332 flemma
1329 2291 1377 2329 P'

1401 566 1428 608 U(

1399 1098 1425 1140 6

1401 1453 1424 1494 7
