1526 2444
624 54 694 90 1111
720 56 838 90 9—14
1322 52 1409 95 379

342 163 568 206 Pastorem
600 161 750 217 Tityre
781 161 964 218 pingues
1424 162 1479 204 12

117 237 292 279 pascere
323 224 495 278 oportet
526 235 628 264 oues
659 221 889 264 deductum
921 221 1060 264 dicere
1092 234 1278 264 carmen.

14 348 16 350 ,
60 306 330 349 deductum
360 319 439 360 pro
470 304 591 347 tenui
622 306 666 347 et
694 303 1088 360 subtilifeleganter
1113 303 1302 359 positum
1329 304 1406 346 est.

5 412 8 417 ἶ
63 365 125 408 sic
156 367 299 408 autem
330 366 373 406 et
403 363 612 406 Afranius
643 363 688 405 in
713 361 896 418 Virgine

26 459 43 486 5
342 446 487 489 uerbis
517 445 713 502 pauculis

117 505 341 561 respondit
370 505 510 548 tristis
541 518 646 547 uoce
678 504 860 547 deducta
891 504 995 547 mihi

118 565 333 620 malleque
365 578 411 607 se
441 578 530 606 non
561 563 729 619 quiesse
761 563 881 607 dixit.

0 587 2 621 Ι

0 623 2 690 ἓ
58 647 163 690 item
194 646 306 702 apud
339 646 618 690 Cornificium

0 695 4 762 i
118 729 299 772 deducta
330 729 437 771 mihi
467 743 572 773 uoce
604 727 824 784 garrienti.

0 763 42 863 iio
61 822 134 865 sed
164 823 271 866 haec
302 823 356 865 ab
388 822 464 864 illo
495 821 729 876 fluxerunt,
762 820 876 876 quod
907 820 1173 877 Pomponius
1205 820 1251 863 in
1282 820 1404 863 Atel·
1422 823 1477 865 13

0 869 5 945 ξ
59 881 192 939 lania,
223 896 331 938 quae
362 881 622 924 KALENDAE
653 880 871 922 MARTIAE
902 880 1170 937 inscribitur,
1203 880 1265 923 ait

116 978 267 1008 uocem
298 963 481 1006 deducas
514 965 701 1019 oportet,
732 963 1005 1006 ut·mulieris
1037 962 1266 1006 uideantur

116 1023 262 1066 uerba.
334 1023 433 1065 iube
476 1022 604 1065 modo
648 1022 868 1065 adferatur
910 1037 1083 1078 munUS,
1128 1036 1210 1078 ego
1254 1036 1407 1065 uocem

1119 1081 1296 1124 reddam

5 1087 41 1188 ᾗ

116 1143 292 1184 tenuem
324 1142 368 1183 et
397 1140 635 1196 tinnulam,

57 1226 100 1267 et
130 1223 244 1266 infra

115 1306 246 1349 etiam
277 1320 392 1348 nunc
422 1319 572 1348 uocem
604 1304 822 1348 deducam.

338 1399 622 1456 Proiectaque
655 1415 759 1442 saxa
788 1398 984 1454 Pachyni
1422 1400 1478 1442 14

114 1459 315 1502 radimus.

19 1528 31 1545 μ’
58 1543 292 1597 proiecta
341 1543 378 1584 si
428 1541 661 1584 secundum
710 1541 1062 1584 consuetudinem
1108 1541 1294 1597 dicatur,
1342 1541 1405 1583 in-

10 1603 11 1607 ’
57 1601 269 1657 telligitur
282 1600 503 1656 abiecta,
523 1601 560 1643 si
574 1600 808 1643 secundum
822 1602 988 1643 ueteres
1006 1600 1233 1655 [proiecta]
1250 1615 1277 1656 p
1287 1614 1404 1643 orro

57 1659 213 1715 iacta,
243 1661 292 1702 ut
323 1660 428 1702 alibi
460 1660 522 1702 ait

153 1804 171 1835 1
199 1799 315 1846 eclog.
341 1799 391 1834 VI
416 1803 438 1835 4
560 1803 580 1834 5
605 1810 641 1835 u.
668 1802 736 1835 339
769 1799 825 1836 ed.
852 1799 879 1841 {2
906 1798 1015 1835 Ribb.
1138 1802 1158 1834 9
1183 1811 1220 1845 p.
1246 1802 1290 1835 92
1316 1799 1404 1834 Luc.

29 1859 39 1865 ‘
58 1845 202 1930 ἕίιθὲὲθ
216 1847 316 1893 (post
346 1845 548 1891 Catullum)
666 1850 708 1881 12
740 1858 776 1882 u.
808 1850 853 1882 57
887 1847 943 1882 ed.
969 1850 990 1882 2
1017 1845 1126 1884 Ribb.
1242 1849 1286 1882 18
1311 1846 1405 1883 Aen.

153 2027 171 2058 1
197 2024 312 2068 tytire
338 2023 375 2059 P
476 2027 496 2059 3
523 2022 657 2058 subtile
683 2022 732 2058 P'
842 2027 862 2058 6
887 2033 946 2060 ³01*
961 2022 1122 2059 deducta
1147 2024 1204 2069 (in
1227 2034 1300 2061 ras,
1327 2023 1405 2060 uid.

15 2087 18 2130 ἑ
59 2070 171 2115 fuisse
194 2071 248 2116 m)
273 2071 311 2106 P
387 2070 480 2106 mihi
505 2071 591 2107 add.
617 2070 776 2107 Bothius
801 2070 979 2116 (deducta
1002 2070 1100 2106 male
1119 2071 1132 2116 ss
1151 2081 1190 2106 se
1216 2071 1407 2108 Bentleius

61 2151 162 2189 Mus.
187 2152 304 2189 Rhen.
330 2156 439 2197 1881,
465 2155 556 2198 326)
629 2157 649 2189 8
677 2152 872 2189 carnificii]
891 2153 929 2189 P
992 2157 1012 2189 9
1037 2130 1076 2188 nll
1098 2153 1135 2188 P
1195 2130 1354 2200 gssnenti
1372 2154 1409 2189 P

62 2201 106 2234 13
136 2210 269 2235 munus
303 2199 534 2245 Cantabria.-
563 2197 611 2236 uri
640 2201 678 2235 Ρ
797 2205 842 2236 14
875 2211 1007 2237 uocem
1037 2200 1191 2237 reddam
1217 2211 1287 2248 ego
1312 2201 1405 2237 Luc.

61 2245 259 2283 Muellerus
300 2247 400 2283 Mus.
441 2247 559 2283 Rhen.
601 2251 715 2293 1869,
753 2251 828 2285 243
967 2248 1137 2295 reddam]
1177 2249 1274 2285 dabo
1311 2249 1406 2285 coni.

44 2291 277 2330 ›Ribbeckius
350 2298 393 2331 18
418 2294 572 2340 pachuu
590 2294 627 2330 P
695 2299 739 2330 21
760 2296 927 2340 promota
949 2296 1067 2332 deleui
