1526 2444
154 77 241 118 204
661 76 760 112 SAT.
785 77 913 112 LIBRI
937 76 988 111 III

154 197 204 224 ex
241 197 290 225 eo
327 184 419 224 loco
457 181 616 224 Graece
652 183 820 224 πλωταί
853 185 1074 237 uocantur,
1113 182 1264 224 Latine
1300 183 1478 239 flutae,

154 241 266 295 quod
305 241 348 282 in
389 254 555 282 summo
594 243 869 295 supernantes
902 241 990 282 sole
1021 240 1272 282 torrefactae
1304 255 1478 283 curuare

155 313 199 339 se
241 312 364 352 posse
407 301 450 339 et
490 298 536 339 in
581 312 734 353 aquam
777 311 966 353 mergere
1010 298 1208 340 desinunt
1251 301 1376 354 atque
1418 299 1478 340 ita

119 356 304 398 8faciles
353 357 479 410 captu
520 356 639 397 fiunt.
708 358 750 397 et
789 356 826 397 si
869 370 1112 398 enumerare
1155 356 1303 409 uelim,
1352 370 1478 410 quam

158 413 283 454 multi
314 413 538 468 magnique
563 415 754 455 auctores
780 427 975 455 murenas
1001 428 1022 455 e
1053 414 1161 456 freto
1189 413 1329 455 Siculo
1360 414 1479 456 nobi·
1513 432 1526 460 ε

156 471 321 512 litarint
363 471 540 525 longum
582 472 675 524 fiat,
719 471 791 512 sed
834 471 972 513 dicam
1013 471 1113 526 quid
1151 471 1208 513 M.
1232 470 1395 513 VARRO
1436 472 1480 513 in

156 529 266 570 libro
305 529 377 583 qui
416 529 663 570 inscribitur
693 527 878 570 GALLVS
915 541 976 570 DE
1013 540 1296 571 ADMIRANDIS
1329 530 1481 570 dixerit

157 586 225 627 his
274 587 416 628 uerbis
459 587 503 627 in
548 586 725 628 Sicilia
768 600 961 641 quoque
1003 587 1141 642 inquit
1183 601 1327 628 manu
1370 587 1480 641 capi

157 658 391 686 murenas
421 645 597 698 flutas,
632 644 759 699 quod
791 658 875 686 eae
906 645 957 686 in
989 659 1176 686 summa
1207 659 1334 700 aqua
1363 659 1480 699 prae

157 702 465 756 pinguedine
497 702 1526 749 flutentur.1t'

119 759 144 800 9
275 759 393 801 Haec
431 759 581 802 Varro.
661 760 733 801 sed
776 760 869 814 quis
911 762 1039 814 neget
1081 760 1330 801 indomitam
1372 760 1480 814 apud

158 817 254 859 illos
292 820 351 871 et,
387 820 435 859 ut
471 818 532 859 ait
569 816 840 871 Caecilius,
880 818 1123 859 uallatam
1160 818 1306 872 gulam
1343 818 1483 871 fuisse,

160 875 232 929 qui
257 889 308 916 ex
331 877 421 916 tam
445 875 678 930 longinquo
704 876 811 916 mari
842 876 1123 917 instrumenta
1153 876 1341 917 luxuriae
1374 889 1482 917 com-

94 932 148 973 10
162 933 390 986 pararent?
458 947 536 974 nec
575 947 695 974 rarus
732 933 802 974 hic
838 932 998 975 Romae
1034 933 1181 988 piscis,
1222 935 1271 974 ut
1307 947 1482 988 peregre

160 990 331 1044 accitus,
363 993 466 1032 erat.
525 993 672 1032 auctor
703 993 769 1032 est
793 990 980 1033 PLINIVS
1012 989 1057 1033 C.
1083 990 1177 1033 Cae
1190 1005 1350 1032 sarem
1382 991 1481 1032 dic·
1504 1007 1526 1038 u

160 1050 376 1089 tatorem
415 1056 521 1090 cum
560 1048 896 1103 triumphales
928 1063 1076 1090 cenas
1107 1050 1293 1103 populo
1325 1049 1484 1102 daret,

162 1119 248 1146 sex
273 1106 415 1147 milia
440 1120 756 1148 murenarum
782 1121 806 1148 a
825 1105 986 1148 Gauio
1007 1106 1177 1148 Hirrio
1204 1107 1261 1147 ad
1287 1107 1484 1161 pondus

162 1164 434 1218 accepisse.
482 1164 607 1205 huius
627 1164 789 1205 Hirrii
808 1164 954 1205 uillam
975 1165 1167 1218 quamuis
1186 1178 1273 1205 non
1298 1165 1484 1219 amplam
1523 1160 1526 1204 ἶ

165 1223 239 1262 aut
269 1222 415 1276 latam,
446 1223 613 1263 constat
643 1223 816 1276 propter
846 1222 1023 1276 uinaria,
1054 1236 1160 1277 quae
1191 1221 1354 1277 habuit,
1384 1236 1483 1276 qua·

164 1278 332 1334 dragies
364 1279 559 1321 sestertio
591 1292 743 1320 uenum
775 1279 929 1320 datam.

94 1334 201 1376 XVI
278 1335 368 1378 Nee
399 1337 707 1390 accipenser‚
739 1351 864 1391 quem
897 1337 1029 1378 maria
1060 1336 1250 1391 prodigis
1281 1337 1484 1392 nutriunt,

161 1393 276 1435 illius
327 1395 484 1436 saeculi
532 1394 703 1436 delicias
753 1395 890 1436 euasit
931 1398 973 1436 et
1016 1398 1062 1436 ut
1104 1395 1263 1448 liqueat
1305 1395 1484 1437 secundo

162 1450 322 1493 Punico
363 1452 477 1494 bello
519 1452 683 1493 celebre
718 1466 872 1494 nomen
907 1453 1031 1493 huius
1068 1453 1197 1506 piscis
1234 1452 1380 1506 fuisse,
1420 1466 1484 1494 ac·
1516 1424 1526 1524 J

162 1509 290 1562 cipite
338 1512 387 1551 ut
433 1509 673 1551 meminerit
720 1510 808 1551 eius
851 1509 1062 1552 PLAVTVS
1104 1510 1149 1551 in
1190 1509 1336 1552 fabula
1379 1524 1484 1564 quae

163 1567 408 1609 inscribitur
437 1567 644 1609 BAOARIA
676 1581 726 1608 ex
756 1582 939 1622 persona
968 1568 1142 1622 parasiti
1503 1525 1526 1626 Δ

259 1741 302 1772 15
327 1739 412 1774 Nat.
439 1738 523 1773 hist.
549 1738 651 1772 VIIII
679 1741 741 1772 171

260 1903 277 1934 1
304 1910 348 1935 ex
371 1900 436 1935 1110
460 1900 543 1935 loco
568 1900 604 1934 Β
681 1899 782 1945 plote
809 1898 883 1934 BP
957 1903 978 1934 3
1004 1899 1039 1933 se
1059 1910 1124 1934 om.
1150 1899 1185 1933 B
1258 1898 1414 1944 mergite
1437 1897 1483 1934 B‘

165 1949 187 1980 4
212 1947 322 1991 captu
346 1945 454 1981 facile
482 1947 518 1980 P
594 1949 615 1981 5
640 1945 726 1980 fr&e
751 1946 788 1980 Β
864 1949 883 1980 6
909 1945 997 1980 fiaet
1021 1946 1040 1980 b
1113 1945 1160 1980 M.
1187 1955 1252 1980 om.
1278 1946 1321 1989 P,
1346 1946 1485 1981 mai-cul

165 1993 202 2027 B
283 1995 323 2027 in
346 1992 442 2028 hbro
467 2003 532 2028 om.
559 1990 606 2028 P'
705 1996 724 2026 7
749 1992 912 2027 1nl'cr1b1t
939 1992 975 2026 Β
1081 1995 1101 2026 8
1126 1992 1247 2036 inquit
1270 1992 1434 2036 papinus
1452 1991 1490 2027 P

166 2041 185 2072 9
211 2038 343 2074 munal'
362 2036 411 2073 P'
490 2038 561 2073 esse
585 2051 624 2073 111
648 2039 684 2073 Β
764 2043 806 2073 10
831 2038 1006 2074 flutentur
1033 2038 1084 2072 P:
1108 2038 1172 2072 flu1
1196 2048 1286 2074 corr
1305 2039 1348 2073 in
1371 2038 1486 2075 fluant

163 2086 206 2120 ἐἴη
229 2085 266 2120 Β
350 2088 392 2119 12
418 2085 448 2119 85
472 2095 538 2120 om.
563 2083 608 2120 B'
682 2083 832 2120 cecilius
852 2084 888 2118 P
967 2084 1143 2129 gallatam
1167 2081 1213 2119 B'
1294 2087 1334 2119 15
1360 2095 1485 2129 gaium
1506 2110 1508 2115 .

164 2131 238 2166 BP
294 2131 413 2166 cesare
441 2131 478 2166 P
543 2135 584 2166 16
609 2131 824 2166 ***cenas
844 2131 880 2165 P
943 2134 986 2166 17
1011 2131 1170 2166 hlrrl*0
1197 2131 1284 2175 (uid.
1303 2131 1415 2173 fuisse
1433 2132 1486 2175 m)

164 2178 201 2213 P
270 2181 313 2213 18
337 2178 448 2213 himo
472 2177 601 2212 uillam
626 2177 662 2212 Β
733 2180 778 2212 20
803 2177 970 2213 sestertio
993 2177 1217 2213 Gronouius:
1248 2176 1416 2212 sestercu‘i
1439 2177 1484 2220 P,

163 2223 365 2259 sestertium
389 2224 425 2259 Β
495 2228 537 2259 21
564 2223 771 2269 accipenser
794 2224 846 2259 sic
866 2224 941 2258 BP
1008 2226 1052 2258 25
1079 2222 1231 2259 Bacaria
1250 2222 1483 2260 Ritschelius:
1501 2246 1507 2263 ,ι

163 2270 360 2306 baccharis.
383 2270 457 2305 BP
