1526 2444
214 63 291 115 34⁵<
505 56 642 96 XVIIII
670 60 807 92 19—27
845 55 912 91 XX
940 58 957 90 1
1317 51 1404 94 563

57 161 328 222 cepuemtio
373 170 519 209 tamen
556 168 708 209 nostra
747 168 790 207 et
826 167 1061 220 prouentus
1100 166 1274 206 actuum
1311 163 1403 203 tam
1419 161 1477 204 24

57 227 110 269 ad
146 227 190 282 ip
194 241 241 269 sa
279 226 362 268 duo
402 225 566 267 lumina
604 239 732 280 quam
773 225 826 266 ad
864 225 1053 280 quinque
1087 237 1221 279 uagas
1254 221 1403 263 stelias

55 285 250 340 refertur,
282 284 355 327 sed
386 284 539 326 harum
572 283 795 335 stellarum
828 283 935 325 alias
962 284 1231 324 interuentus
1257 294 1403 322 nume-

11 352 14 354 ’
54 359 213 398 rorum,
239 338 421 399 quorum
448 358 577 397 supra
603 343 782 384 fecimus
809 341 1084 397 mentionem,
1110 356 1208 383 eum
1231 339 1403 382 lumini—

16 416 36 443 ⁵
55 403 136 445 bus
162 403 269 444 bene
295 402 437 457 iungit
464 415 513 443 99
539 401 688 455 sociat,
715 401 822 443 alias
847 402 993 443 nullus
1022 401 1211 456 applicat
1236 398 1404 441 numeri

0 453 186 504 &nexus
220 462 272 503 ad
304 461 479 502 lumina.
535 474 636 516 ergo
670 460 857 502 Veneria
888 463 931 501 et
961 459 1139 502 Iouialis
1173 459 1298 501 stella
1328 471 1405 512 per
1417 455 1477 500 25

0 560 1 563 ,
53 521 134 563 hos
159 534 360 562 numeros
392 519 544 561 lumini
570 519 741 575 utrique
768 519 987 561 sociantur
1018 519 1091 561 sed
1117 518 1293 560 Iouialis
1321 516 1406 558 soli

53 594 129 634 per
161 594 329 634 omnes,
364 579 492 621 lunae
531 593 632 620 uero
663 593 741 634 per
772 579 935 633 plures,
975 580 1018 619 et
1049 577 1237 620 Veneria
1276 577 1404 618 lunae

52 652 130 694 per
156 652 318 692 omnes,
350 637 430 679 soli
461 651 539 693 per
569 637 712 691 plures
743 651 946 679 numeros
980 639 1255 692 aggregatur.
1302 634 1404 677 hinc

0 697 154 748 10119913
196 699 380 751 utraque
423 697 615 738 benefica
659 696 876 751 credatur,
924 695 1041 737 Iouis
1085 699 1232 737 tamen
1277 694 1405 735 stella

0 754 3 805 ἶζ
53 770 150 798 cum
195 756 285 798 sole
329 755 690 798 accommodatior
735 757 802 796 est
846 757 889 796 et
926 753 1114 796 Veneria
1153 768 1248 795 cum
1289 753 1404 819 luna,

1 856 3 868 ζ
54 818 182 869 atque
224 814 319 856 ideo
362 814 476 855 uitae
524 816 698 855 nostrae
748 813 889 868 magis
940 812 1233 862 commodant,
1277 812 1402 867 quasi
1424 848 1455 868 o

3 919 4 922 Ἴ
51 872 287 915 luminibus
313 874 429 914 uitae
454 875 629 914 nostrae
657 872 906 914 auctoribus
930 886 1209 927 numerorum
1235 871 1403 913 ratione

52 931 298 974 concordes.
360 930 533 973 Saturni
577 933 721 973 autem
753 930 993 985 Martisque
1032 931 1183 972 stellae
1223 931 1285 972 ita
1317 929 1476 972 1101126

0 991 18 1037 J
51 990 214 1032 habent
245 1005 340 1033 cum
372 990 606 1032 luminibus
639 990 971 1044 conpetentiam,
1002 992 1051 1031 ut
1082 993 1227 1031 19111911
1258 989 1403 1045 aliqua
1488 1001 1490 1005 ⁴

4 1059 6 1077 ³
50 1050 120 1091 uel
171 1052 362 1091 extrema
402 1063 678 1091 numerorum
728 1049 843 1090 linea
887 1047 1098 1090 Saturnus
1151 1049 1204 1090 ad
1255 1049 1402 1102 solem,

5 1145 10 1148 .
51 1107 171 1150 Mars
204 1108 387 1162 aspiciat
425 1108 476 1149 ad
508 1108 667 1150 lunam.
729 1107 825 1150 ideo
857 1108 1000 1149 minus
1040 1107 1256 1150 commodi
1287 1107 1401 1149 uitae

50 1167 263 1208 humanae
290 1167 591 1209 existimantur
617 1167 740 1222 quasi
767 1181 862 1227 99111
887 1167 1002 1208 uitae
1029 1167 1279 1209 auctoribus
1306 1169 1402 1208 arta

50 1240 327 1268 numerorum
354 1226 522 1268 ratione
553 1240 639 1267 non
664 1218 813 1267 iuncti.
863 1240 938 1268 cur
963 1229 1110 1267 tamen
1136 1229 1179 1267 et
1203 1225 1288 1281 ipsi
1312 1239 1401 1267 non

51 1299 285 1340 numquam
312 1299 414 1339 opes
440 1285 509 1326 uel
529 1285 771 1326 claritatem
796 1284 1042 1326 hominibus
1067 1287 1291 1338 praestare
1313 1299 1399 1327 cre-

52 1344 226 1398 dantur,
267 1343 319 1385 ad
364 1344 546 1385 alterum
590 1343 718 1385 debet
755 1344 970 1398 pertinere
1007 1346 1261 1398 tractatum,
1300 1344 1400 1398 quia

50 1402 120 1445 hic
152 1402 313 1444 sufficit
338 1402 558 1457 aperuisse
590 1403 816 1457 rationem,
848 1417 923 1444 cur
954 1402 1041 1444 alia
1073 1403 1280 1444 terribilis
1314 1402 1401 1444 alia

51 1461 255 1503 salutaris
289 1461 570 1503 existimetur.
621 1464 665 1503 et
688 1460 886 1503 Plotinus
914 1460 1085 1516 quidem
1120 1461 1164 1502 in
1190 1461 1300 1503 libro
1327 1462 1399 1516 qui
1412 1460 1472 1503 2‘1

15 1520 301 1562 *inscribitur
352 1521 393 1562 si
440 1521 638 1562 faciunt
681 1522 839 1574 astra,
882 1520 1154 1575 pronuntiat,
1198 1520 1307 1562 nihil
1355 1521 1400 1562 ui

49 1579 119 1620 uel
150 1582 369 1633 potestate
402 1593 549 1621 eorum
580 1579 827 1621 hominibus
861 1579 1051 1632 euenire,
1083 1579 1158 1621 sed
1191 1594 1258 1633 ea,
1290 1594 1399 1634 quae

51 1637 211 1682 decreti
247 1638 480 1680 necessitas
520 1638 566 1679 in
604 1638 797 1693 singulos
836 1638 993 1691 sancit,
1030 1638 1093 1680 ita
1131 1653 1206 1693 per
1243 1638 1400 1680 horum

51 1698 218 1752 septem
242 1697 477 1739 transitum
511 1697 743 1738 stationem
774 1711 1044 1738 recessumue
1071 1697 1318 1752 monstrari,
1348 1701 1398 1739 ut

49 1770 151 1798 aues
184 1770 258 1797 seu
289 1755 646 1810 praeteruolando
679 1770 753 1798 seu
785 1755 938 1798 stando
970 1756 1114 1798 futura
1146 1757 1301 1811 pennis
1327 1757 1396 1798 uel

48 1828 154 1856 uoce
193 1814 442 1869 significant
478 1815 730 1857 nescientes.
811 1815 871 1856 sic
917 1829 1084 1870 quoque
1122 1817 1267 1857 tamen
1305 1815 1396 1857 iure

49 1873 274 1916 uocabitur
310 1873 380 1915 hic
418 1873 639 1928 salutaris,
673 1874 745 1915 1119
782 1873 1007 1928 terribilis,
1044 1888 1140 1916 cum
1176 1888 1254 1929 per
1283 1874 1397 1916 hunc

49 1945 267 1987 prospera,
297 1946 374 1986 per
404 1932 529 1974 illum
561 1932 858 1986 significentur
888 1933 1169 1975 incommoda.

166 2013 219 2056 In
249 2014 316 2056 his
349 2017 493 2056 autem
518 2016 586 2056 tot
610 2015 868 2067 nominibus,
902 2029 1009 2070 quae
1036 2015 1087 2058 de
1114 2015 1202 2057 sole
1229 1998 1467 2058 dicun—XX

47 2074 130 2127 tur,
159 2087 245 2115 non
277 2073 437 2116 frustra
466 2087 545 2116 nec
576 2074 629 2116 ad
658 2074 797 2116 laudis
822 2088 1026 2130 pompam
1053 2075 1226 2117 lasciuit
1251 2075 1391 2117 oratio

143 2204 163 2236 5
189 2200 300 2237 sotlat
325 2201 362 2236 B
448 2204 468 2235 7
492 2201 679 2257 utnusque
703 2202 740 2236 Β
828 2205 871 2236 10
896 2201 1116 2238 benenefica
1139 2199 1185 2237 B'
1267 2207 1310 2237 13
1336 2213 1393 2237 ra-

39 2248 188 2284 tionem
213 2248 250 2282 Β
346 2251 390 2282 19
416 2249 598 2283 rationem
625 2245 671 2284 B'
769 2252 815 2283 24
839 2248 958 2284 nichil
984 2249 1021 2284 Β
1129 2253 1173 2284 26
1199 2249 1333 2285 sanicit
1358 2249 1395 2284 Β

94 2307 119 2342 p
146 2306 270 2330 eorum
298 2296 333 2330 Β
406 2299 450 2331 33
476 2294 592 2330 fustra
616 2292 671 2330 B'

1036 2353 1109 2390 36*
