1526 2444
142 98 227 140 472
641 97 738 132 SAT.
758 96 886 132 LIBRI
902 96 971 152 VII

74 204 128 246 15
257 203 316 245 Et
351 203 598 256 Euangelus
630 202 750 257 ‘quia
785 206 828 245 et
864 217 914 244 ex
951 203 1052 245 iocis
1091 204 1202 244 seria
1233 202 1335 244 facit
1371 204 1459 245 uio·

140 262 270 303 1011113
306 261 519 315 loquendi,
555 260 636 303 hoc
671 260 776 302 mihi
813 261 1045 303 absoluatis
1083 261 1198 311 uolo,
1236 261 1352 302 cuius
1391 261 1460 302 diu
1518 290 1523 294 -

140 334 207 360 me
251 319 436 360 exercuit
479 332 578 359 uera
620 317 878 360 deliberatio.
938 333 1071 372 nuper
1115 318 1225 360 enim
1268 318 1373 359 mihi
1410 318 1459 359 de

141 376 310 417 Tiburti
354 389 458 431 agro
502 389 594 417 meo
638 375 816 417 exhibiti
858 379 957 417 sunt
1001 376 1108 430 apri,
1159 390 1262 430 quos
1307 376 1462 417 obtulit
1523 423 1526 426 Α

140 434 249 475 silua
283 434 556 487 uenantibus,
600 435 642 474 et
678 434 776 487 quia
812 433 971 474 diutule
1010 433 1254 475 continuata
1290 434 1459 476 uenatio
1497 431 1526 471 ⁵³

74 492 127 533 16
142 494 222 545 est,
258 491 413 545 perlati
451 494 550 532 sunt
586 491 659 532 alii
695 491 895 545 interdiu,
931 493 1059 532 noctu
1091 491 1172 532 alii.
1233 505 1337 545 quos
1368 505 1459 545 per-

142 550 262 591 duxit
293 549 399 600 dies,
437 549 606 604 integra
639 549 777 590 carnis
809 548 1098 590 incolumitate
1130 547 1351 602 durarunt,
1389 548 1460 603 qui
1523 566 1526 567 ⁷

139 621 241 649 uero
284 621 358 661 per
400 609 568 648 noctem
610 607 751 647 lunari
793 606 1054 660 plenitudine
1098 606 1262 647 lucente
1300 607 1460 660 portati
1522 632 1526 649 ,2

140 667 260 717 sunt,
294 666 559 719 putruerunt.
619 664 730 718 quod
761 664 834 705 ubi
865 664 1015 705 scitum
1047 666 1129 717 est,
1163 663 1235 718 qui
1267 664 1460 718 sequenti
1524 711 1526 713 ¹

139 726 260 764 nocte
287 721 542 776 deferebant,
567 722 697 763 infixo
723 721 969 776 cuicumque
994 722 1109 775 parti
1127 721 1314 775 corporis
1335 724 1458 763 acuto
1479 729 1526 762 10².

141 794 268 822 aeneo
302 794 427 833 apros
458 794 581 822 carne
611 780 779 834 integra
809 780 1085 833 pertulerunt.
1145 793 1299 833 quaero
1330 779 1460 833 igitur
1525 793 1526 796 ¹

140 852 214 879 cur
255 852 427 891 noxam,
471 851 598 891 quam
634 837 862 891 pecudibus
901 837 1050 878 occisis
1088 837 1192 878 solis
1230 836 1337 877 radii
1373 851 1459 879 non

139 895 357 949 dederunt,
388 895 535 936 lunare
565 895 707 936 lumen
739 892 973 936 effeceritP'

76 955 127 995 17
259 952 439 994 ‘Facilis
489 951 574 994 est'
617 952 811 993 Disarius
858 952 998 1006 inquit
1047 950 1110 992 ‘et
1159 952 1335 1005 simplex
1377 952 1460 993 ista

141 1011 374 1065 responsio.
427 1010 586 1051 nullius
618 1010 730 1050 enim
762 1009 824 1050 rei
851 1010 899 1050 fit
924 1009 1150 1062 aliquando
1175 1010 1351 1062 putredo
1377 1010 1458 1051 nisi
1479 1023 1512 1050 1⁵

142 1069 256 1111 calor
286 1068 521 1122 humorque
551 1067 836 1109 conuenerint.
883 1067 1089 1120 pecudum
1115 1070 1257 1107 autem
1280 1067 1457 1120 putredo
1522 1101 1526 1121 ζ,

138 1126 246 1168 nihil
277 1126 392 1167 aliud
425 1129 500 1179 est,
532 1125 616 1166 nisi
642 1139 737 1166 cum
762 1124 940 1166 defluxio
969 1123 1173 1178 quaedam
1197 1124 1335 1166 latens
1361 1125 1459 1166 soli-

71 1186 124 1228 18
141 1183 318 1225 ditatem
356 1184 492 1225 carnis
527 1184 573 1224 in
603 1183 823 1224 humorem
854 1182 1043 1223 resoluit.
1103 1181 1219 1224 calor
1251 1183 1392 1223 autem
1424 1182 1460 1223 si

138 1243 398 1295 temperatus
431 1242 488 1282 sit
520 1244 562 1282 et
592 1240 795 1294 modicus,
824 1239 959 1280 nutrit
988 1239 1197 1290 humores,
1228 1239 1266 1281 si
1293 1239 1459 1292 nimius,
1515 1242 1526 1298 ⁴3.

138 1300 320 1341 exsiccat
370 1301 412 1340 et
460 1298 750 1340 habitudinem
800 1297 936 1338 carnis
985 1300 1194 1339 extenuat.
1266 1311 1366 1351 ergo
1409 1298 1458 1339 de
1477 1302 1526 1363 2⁶3⁵

139 1355 389 1412 corporibus
422 1357 580 1397 enectis
612 1355 675 1397 sol
701 1359 749 1396 ut
773 1355 943 1396 maioris
971 1355 1122 1396 caloris
1146 1355 1291 1396 haurit
1315 1356 1517 1397 1101110-Ἰ

139 1429 247 1469 rem,
283 1415 431 1456 lunare
463 1414 624 1467 lumen,
660 1413 705 1454 in
736 1427 819 1467 quo
851 1415 915 1453 est
945 1426 1033 1454 non
1063 1412 1312 1454 manifestus
1344 1414 1460 1455 calor
1511 1429 1513 1435 ⁴

141 1472 213 1514 sed
254 1473 444 1514 occultus
474 1474 613 1526 tepor,
650 1472 788 1526 magis
819 1470 1013 1511 diffundit
1041 1470 1253 1523 humecta,
1290 1473 1332 1512 et
1362 1471 1459 1513 inde
1506 1467 1507 1470 ¹

139 1530 341 1585 prouenit
369 1530 523 1571 iniecto
554 1532 700 1582 tepore
732 1531 774 1570 et
805 1530 930 1570 aucto
961 1528 1136 1570 humore
1168 1527 1378 1582 putred0.'

74 1591 125 1632 19
255 1587 336 1630 His
391 1587 514 1629 dictis
562 1586 805 1641 Euangelus
853 1585 1128 1627 Eustathium
1181 1585 1351 1627 intuens
1401 1578 1526 1652 ‘sitifi

140 1646 297 1688 rationi
332 1645 467 1687 dictae
510 1643 753 1686 adsentiris'
788 1643 889 1685 ait
885 1657 1062 1685 annuas
1094 1646 1278 1709 oportet,
1320 1646 1393 1685 aut
1424 1659 1461 1685 Sl
1514 1651 1526 1685 ἰ

142 1706 217 1757 est,
249 1703 358 1769 quod
389 1705 570 1756 moueat,
599 1702 787 1758 proferre
810 1716 896 1743 non
922 1701 1077 1755 pigeat,
1109 1701 1208 1755 quia
1239 1702 1303 1742 uis
1329 1702 1461 1743 uestri
1508 1686 1526 1763 ξ

142 1762 347 1803 sermonis
379 1761 576 1815 optinuit,
606 1774 658 1801 ne
688 1760 824 1801 inuita
854 1773 954 1800 aure
985 1773 1061 1800 uos
1093 1757 1292 1800 audiam?
1511 1767 1526 1791 ²-

73 1824 129 1865 20
258 1818 453 1860 ‘Omnia'
479 1818 617 1873 inquit
641 1815 931 1859 Eustathius
942 1831 966 1857 a
991 1815 1158 1857 Disario
1185 1819 1228 1858 et
1252 1817 1461 1858 luculente
1506 1792 1526 1855 ἦ

143 1878 185 1917 et
222 1891 271 1917 ex
307 1891 407 1918 uero
446 1876 558 1917 dicta
595 1877 710 1926 sunt,
747 1875 820 1916 sed
856 1874 961 1915 illud
995 1874 1182 1928 pressius
1212 1874 1460 1916 intuendum

143 1936 219 1986 est,
250 1936 391 1975 utrum
423 1948 620 1975 mensura
651 1908 803 1974 caloris
834 1933 890 1974 sit
913 1946 1040 1974 causa
1064 1931 1308 1986 putredinis,
1339 1935 1386 1974 ut
1411 1947 1461 1974 ex

142 1991 301 2033 maiore
339 1991 480 2033 calore
517 2005 602 2032 non
633 1990 740 2040 fieri,
779 1993 820 2031 et
865 2005 915 2031 ex
951 1989 1114 2032 minore
1146 2003 1194 2031 ac
1225 1992 1459 2056 temperato

142 2049 366 2103 prouenire
415 2048 587 2090 dicatur.
667 2048 768 2089 solis
818 2047 930 2089 enim
979 2047 1110 2100 calor,
1165 2047 1236 2101 qui
1284 2048 1460 2089 nimium
1499 2028 1521 2119 Ξ

143 2107 291 2160 feruet,
322 2106 489 2160 quando
521 2119 656 2147 annus
682 2106 728 2146 in
753 2107 913 2146 aestate
939 2107 1014 2158 est,
1047 2107 1088 2146 et
1113 2104 1249 2146 hieme
1274 2106 1460 2159 tepescit,
1499 2120 1515 2173 J

1498 2163 1516 2200 ἓ

235 2247 256 2277 3
281 2242 373 2277 mlhl
398 2253 462 2277 om.
489 2241 535 2276 P'
663 2245 683 2275 6
707 2241 831 2276 111ῗάιο
845 2251 923 2276 *2⁴1*
949 2241 984 2275 P
1105 2245 1124 2276 7
1149 2241 1400 2277 incolomitate
1428 2242 1463 2276 P

145 2294 188 2325 10
214 2288 366 2334 corpiris
386 2288 433 2323 P'
508 2291 549 2321 13
577 2287 697 2323 effecit
721 2288 757 2322 P
