<?xml version="1.0" encoding="UTF-8"?>
<!DOCTYPE html PUBLIC "-//W3C//DTD XHTML 1.0 Transitional//EN"
    "http://www.w3.org/TR/xhtml1/DTD/xhtml1-transitional.dtd">
<html xmlns="http://www.w3.org/1999/xhtml" xml:lang="en" lang="en">
 <head>
  <title>
</title>
<meta http-equiv="Content-Type" content="text/html;charset=utf-8" />
  <meta name='ocr-system' content='tesseract 3.04.00' />
  <meta name='ocr-capabilities' content='ocr_page ocr_carea ocr_par ocr_line ocrx_word'/>
</head>
<body>
  <div class='ocr_page' id='page_1' title='image "./macrobiusfrancis00macruoft_0482.png"; bbox 0 0 1526 2444; ppageno 0'>
   <div class='ocr_carea' id='block_1_1' title="bbox 170 90 1526 151">
    <p class='ocr_par' dir='ltr' id='par_1_1' title="bbox 170 90 1526 151">
     <span class='ocr_line' id='line_1_1' title="bbox 170 90 1526 151; baseline -0.006 0"><span class='ocrx_word' id='word_1_1' title='bbox 170 90 258 151; x_wconf 81' lang='grc'><strong>470</strong></span> <span class='ocrx_word' id='word_1_2' title='bbox 661 109 762 145; x_wconf 80' lang='lat' dir='ltr'><strong>SAT.</strong></span> <span class='ocrx_word' id='word_1_3' title='bbox 786 109 914 145; x_wconf 80' lang='lat' dir='ltr'><strong>LIBRI</strong></span> <span class='ocrx_word' id='word_1_4' title='bbox 939 109 1006 146; x_wconf 88' lang='lat' dir='ltr'><strong>v11</strong></span> <span class='ocrx_word' id='word_1_5' title='bbox 1515 111 1526 143; x_wconf 71' lang='grc'><strong>1</strong></span> 
     </span>
    </p>
   </div>
   <div class='ocr_carea' id='block_1_2' title="bbox 111 204 1526 2113">
    <p class='ocr_par' dir='ltr' id='par_1_2' title="bbox 111 204 1526 2117">
     <span class='ocr_line' id='line_1_2' title="bbox 174 204 1526 271; baseline -0.001 -14"><span class='ocrx_word' id='word_1_6' title='bbox 174 219 361 257; x_wconf 85' lang='lat' dir='ltr'><strong>creatum</strong></span> <span class='ocrx_word' id='word_1_7' title='bbox 381 218 456 269; x_wconf 87' lang='lat' dir='ltr'><strong>est,</strong></span> <span class='ocrx_word' id='word_1_8' title='bbox 477 217 519 255; x_wconf 88' lang='lat' dir='ltr'><strong>et</strong></span> <span class='ocrx_word' id='word_1_9' title='bbox 539 228 589 255; x_wconf 86' lang='lat' dir='ltr'><strong>ex</strong></span> <span class='ocrx_word' id='word_1_10' title='bbox 602 214 675 256; x_wconf 93' lang='lat' dir='ltr'><strong>illo</strong></span> <span class='ocrx_word' id='word_1_11' title='bbox 689 216 872 257; x_wconf 87' lang='lat' dir='ltr'><strong>uarietas</strong></span> <span class='ocrx_word' id='word_1_12' title='bbox 889 218 1126 269; x_wconf 78' lang='lat' dir='ltr'><strong>ornatuum,</strong></span> <span class='ocrx_word' id='word_1_13' title='bbox 1140 215 1292 269; x_wconf 86' lang='lat' dir='ltr'><strong>quibus</strong></span> <span class='ocrx_word' id='word_1_14' title='bbox 1313 216 1491 268; x_wconf 87' lang='lat' dir='ltr'><strong>constat,</strong></span> <span class='ocrx_word' id='word_1_15' title='bbox 1516 204 1526 271; x_wconf 59' lang='lat' dir='ltr'><strong>ff</strong></span> 
     </span>
     <span class='ocr_line' id='line_1_3' title="bbox 135 271 1526 335; baseline -0.002 -20"><span class='ocrx_word' id='word_1_16' title='bbox 135 274 268 315; x_wconf 85' lang='lat' dir='ltr'><strong>5auis</strong></span> <span class='ocrx_word' id='word_1_17' title='bbox 300 272 459 326; x_wconf 84' lang='lat' dir='ltr'><strong>speeies</strong></span> <span class='ocrx_word' id='word_1_18' title='bbox 492 272 688 314; x_wconf 84' lang='lat' dir='ltr'><strong>absoluta</strong></span> <span class='ocrx_word' id='word_1_19' title='bbox 718 276 792 314; x_wconf 83' lang='lat' dir='ltr'><strong>est.</strong></span> <span class='ocrx_word' id='word_1_20' title='bbox 851 288 948 314; x_wconf 90' lang='lat' dir='ltr'><strong>nam</strong></span> <span class='ocrx_word' id='word_1_21' title='bbox 986 274 1094 315; x_wconf 88' lang='lat' dir='ltr'><strong>sicut</strong></span> <span class='ocrx_word' id='word_1_22' title='bbox 1129 273 1338 314; x_wconf 85' lang='lat' dir='ltr'><strong>elementa</strong></span> <span class='ocrx_word' id='word_1_23' title='bbox 1373 271 1526 335; x_wconf 64' lang='lat' dir='ltr'><strong>prius}</strong></span> 
     </span>
     <span class='ocr_line' id='line_1_4' title="bbox 175 329 1526 423; baseline -0.001 -52"><span class='ocrx_word' id='word_1_24' title='bbox 175 330 415 382; x_wconf 87' lang='lat' dir='ltr'><strong>extiterunt,</strong></span> <span class='ocrx_word' id='word_1_25' title='bbox 441 331 483 371; x_wconf 90' lang='lat' dir='ltr'><strong>et</strong></span> <span class='ocrx_word' id='word_1_26' title='bbox 501 329 562 370; x_wconf 89' lang='lat' dir='ltr'><strong>ita</strong></span> <span class='ocrx_word' id='word_1_27' title='bbox 586 330 749 384; x_wconf 86' lang='lat' dir='ltr'><strong>reliqua</strong></span> <span class='ocrx_word' id='word_1_28' title='bbox 767 344 943 384; x_wconf 87' lang='lat' dir='ltr'><strong>corpora</strong></span> <span class='ocrx_word' id='word_1_29' title='bbox 962 331 1011 372; x_wconf 86' lang='lat' dir='ltr'><strong>de</strong></span> <span class='ocrx_word' id='word_1_30' title='bbox 1030 330 1326 372; x_wconf 74' lang='lat' dir='ltr'><strong>commixtione</strong></span> <span class='ocrx_word' id='word_1_31' title='bbox 1346 343 1491 371; x_wconf 88' lang='lat' dir='ltr'><strong>eorum</strong></span> <span class='ocrx_word' id='word_1_32' title='bbox 1516 333 1526 423; x_wconf 67' lang='grc' dir='ltr'>Ξ</span> 
     </span>
     <span class='ocr_line' id='line_1_5' title="bbox 174 387 1492 442; baseline -0.001 -14"><span class='ocrx_word' id='word_1_33' title='bbox 174 390 315 429; x_wconf 88' lang='lat' dir='ltr'><strong>creata</strong></span> <span class='ocrx_word' id='word_1_34' title='bbox 346 389 456 441; x_wconf 88' lang='lat' dir='ltr'><strong>sunt,</strong></span> <span class='ocrx_word' id='word_1_35' title='bbox 486 387 548 428; x_wconf 86' lang='lat' dir='ltr'><strong>ita</strong></span> <span class='ocrx_word' id='word_1_36' title='bbox 569 387 759 429; x_wconf 88' lang='lat' dir='ltr'><strong>rationes</strong></span> <span class='ocrx_word' id='word_1_37' title='bbox 791 387 1025 442; x_wconf 83' lang='lat' dir='ltr'><strong>seminales,</strong></span> <span class='ocrx_word' id='word_1_38' title='bbox 1056 402 1163 442; x_wconf 88' lang='lat' dir='ltr'><strong>quae</strong></span> <span class='ocrx_word' id='word_1_39' title='bbox 1192 388 1238 428; x_wconf 91' lang='lat' dir='ltr'><strong>in</strong></span> <span class='ocrx_word' id='word_1_40' title='bbox 1269 401 1350 429; x_wconf 92' lang='lat' dir='ltr'><strong>ouo</strong></span> <span class='ocrx_word' id='word_1_41' title='bbox 1382 388 1492 440; x_wconf 89' lang='lat' dir='ltr'><strong>sunt,</strong></span> 
     </span>
     <span class='ocr_line' id='line_1_6' title="bbox 176 444 1491 499; baseline 0 -13"><span class='ocrx_word' id='word_1_42' title='bbox 176 446 212 486; x_wconf 89' lang='lat' dir='ltr'><strong>si</strong></span> <span class='ocrx_word' id='word_1_43' title='bbox 242 444 420 486; x_wconf 90' lang='lat' dir='ltr'><strong>uenialis</strong></span> <span class='ocrx_word' id='word_1_44' title='bbox 452 444 531 485; x_wconf 86' lang='lat' dir='ltr'><strong>erit</strong></span> <span class='ocrx_word' id='word_1_45' title='bbox 554 445 640 486; x_wconf 88' lang='lat' dir='ltr'><strong>ista</strong></span> <span class='ocrx_word' id='word_1_46' title='bbox 664 445 899 498; x_wconf 70' lang='lat' dir='ltr'><strong>translatio,</strong></span> <span class='ocrx_word' id='word_1_47' title='bbox 930 446 1046 486; x_wconf 90' lang='lat' dir='ltr'><strong>uelut</strong></span> <span class='ocrx_word' id='word_1_48' title='bbox 1072 445 1276 499; x_wconf 89' lang='lat' dir='ltr'><strong>quaedam</strong></span> <span class='ocrx_word' id='word_1_49' title='bbox 1308 444 1491 498; x_wconf 86' lang='lat' dir='ltr'><strong>gallinae</strong></span> 
     </span>
     <span class='ocr_line' id='line_1_7' title="bbox 135 501 1513 568; baseline -0.001 -24"><span class='ocrx_word' id='word_1_50' title='bbox 135 502 386 544; x_wconf 74' lang='lat' dir='ltr'><strong>Gelementa</strong></span> <span class='ocrx_word' id='word_1_51' title='bbox 410 502 615 544; x_wconf 87' lang='lat' dir='ltr'><strong>credenda</strong></span> <span class='ocrx_word' id='word_1_52' title='bbox 646 505 758 544; x_wconf 89' lang='lat' dir='ltr'><strong>sunt.</strong></span> <span class='ocrx_word' id='word_1_53' title='bbox 805 516 882 544; x_wconf 86' lang='lat' dir='ltr'><strong>nec</strong></span> <span class='ocrx_word' id='word_1_54' title='bbox 913 503 1162 568; x_wconf 88' lang='lat' dir='ltr'><strong>importune</strong></span> <span class='ocrx_word' id='word_1_55' title='bbox 1186 502 1418 555; x_wconf 85' lang='lat' dir='ltr'><strong>elementis,</strong></span> <span class='ocrx_word' id='word_1_56' title='bbox 1443 501 1513 550; x_wconf 51' lang='lat' dir='ltr'><strong>de¹</strong></span> 
     </span>
     <span class='ocr_line' id='line_1_8' title="bbox 176 559 1513 615; baseline -0.001 -14"><span class='ocrx_word' id='word_1_57' title='bbox 176 560 327 615; x_wconf 89' lang='lat' dir='ltr'><strong>quibus</strong></span> <span class='ocrx_word' id='word_1_58' title='bbox 372 562 470 601; x_wconf 89' lang='lat' dir='ltr'><strong>sunt</strong></span> <span class='ocrx_word' id='word_1_59' title='bbox 513 560 671 614; x_wconf 89' lang='lat' dir='ltr'><strong>omnia,</strong></span> <span class='ocrx_word' id='word_1_60' title='bbox 714 574 841 602; x_wconf 91' lang='lat' dir='ltr'><strong>ouum</strong></span> <span class='ocrx_word' id='word_1_61' title='bbox 891 561 1219 614; x_wconf 89' lang='lat' dir='ltr'><strong>conparauerim.</strong></span> <span class='ocrx_word' id='word_1_62' title='bbox 1291 560 1335 600; x_wconf 89' lang='lat' dir='ltr'><strong>in</strong></span> <span class='ocrx_word' id='word_1_63' title='bbox 1378 559 1513 601; x_wconf 73' lang='lat' dir='ltr'><strong>omni*</strong></span> 
     </span>
     <span class='ocr_line' id='line_1_9' title="bbox 177 593 1513 672; baseline -0.001 -13"><span class='ocrx_word' id='word_1_64' title='bbox 177 618 289 660; x_wconf 89' lang='lat' dir='ltr'><strong>enim</strong></span> <span class='ocrx_word' id='word_1_65' title='bbox 320 631 472 672; x_wconf 85' lang='lat' dir='ltr'><strong>genere</strong></span> <span class='ocrx_word' id='word_1_66' title='bbox 503 593 792 672; x_wconf 64' lang='lat' dir='ltr'><strong>animantium,</strong></span> <span class='ocrx_word' id='word_1_67' title='bbox 823 632 929 672; x_wconf 88' lang='lat' dir='ltr'><strong>quae</strong></span> <span class='ocrx_word' id='word_1_68' title='bbox 962 632 1012 659; x_wconf 85' lang='lat' dir='ltr'><strong>ex</strong></span> <span class='ocrx_word' id='word_1_69' title='bbox 1042 618 1223 660; x_wconf 87' lang='lat' dir='ltr'><strong>coitione</strong></span> <span class='ocrx_word' id='word_1_70' title='bbox 1253 619 1493 672; x_wconf 87' lang='lat' dir='ltr'><strong>nascuntur,</strong></span> <span class='ocrx_word' id='word_1_71' title='bbox 1506 643 1513 660; x_wconf 59' lang='lat'><strong>.&lt;</strong></span> 
     </span>
     <span class='ocr_line' id='line_1_10' title="bbox 175 675 1493 730; baseline -0.001 -14"><span class='ocrx_word' id='word_1_72' title='bbox 175 675 364 717; x_wconf 87' lang='lat' dir='ltr'><strong>inuenies</strong></span> <span class='ocrx_word' id='word_1_73' title='bbox 396 689 523 717; x_wconf 93' lang='lat' dir='ltr'><strong>ouum</strong></span> <span class='ocrx_word' id='word_1_74' title='bbox 556 676 792 730; x_wconf 90' lang='lat' dir='ltr'><strong>aliquorum</strong></span> <span class='ocrx_word' id='word_1_75' title='bbox 831 689 921 717; x_wconf 89' lang='lat' dir='ltr'><strong>esse</strong></span> <span class='ocrx_word' id='word_1_76' title='bbox 951 676 1205 730; x_wconf 88' lang='lat' dir='ltr'><strong>principium</strong></span> <span class='ocrx_word' id='word_1_77' title='bbox 1241 675 1375 716; x_wconf 87' lang='lat' dir='ltr'><strong>instar</strong></span> <span class='ocrx_word' id='word_1_78' title='bbox 1414 675 1493 716; x_wconf 91' lang='lat' dir='ltr'><strong>ele-</strong></span> 
     </span>
     <span class='ocr_line' id='line_1_11' title="bbox 175 733 1493 798; baseline 0 -24"><span class='ocrx_word' id='word_1_79' title='bbox 175 733 321 775; x_wconf 85' lang='lat' dir='ltr'><strong>menti.</strong></span> <span class='ocrx_word' id='word_1_80' title='bbox 387 735 461 774; x_wconf 89' lang='lat' dir='ltr'><strong>aut</strong></span> <span class='ocrx_word' id='word_1_81' title='bbox 497 733 609 774; x_wconf 85' lang='lat' dir='ltr'><strong>enim</strong></span> <span class='ocrx_word' id='word_1_82' title='bbox 646 733 895 798; x_wconf 83' lang='lat' dir='ltr'><strong>gradiuntur</strong></span> <span class='ocrx_word' id='word_1_83' title='bbox 938 733 1174 775; x_wconf 88' lang='lat' dir='ltr'><strong>animantia</strong></span> <span class='ocrx_word' id='word_1_84' title='bbox 1210 735 1283 774; x_wconf 89' lang='lat' dir='ltr'><strong>aut</strong></span> <span class='ocrx_word' id='word_1_85' title='bbox 1320 734 1493 786; x_wconf 76' lang='lat' dir='ltr'><strong>serpunt</strong></span> 
     </span>
     <span class='ocr_line' id='line_1_12' title="bbox 138 790 1492 845; baseline 0 -13"><span class='ocrx_word' id='word_1_86' title='bbox 138 792 161 832; x_wconf 82' lang='lat'><strong>7</strong></span> <span class='ocrx_word' id='word_1_87' title='bbox 178 793 250 833; x_wconf 88' lang='lat' dir='ltr'><strong>aut</strong></span> <span class='ocrx_word' id='word_1_88' title='bbox 273 790 412 832; x_wconf 89' lang='lat' dir='ltr'><strong>nando</strong></span> <span class='ocrx_word' id='word_1_89' title='bbox 437 791 674 832; x_wconf 81' lang='lat' dir='ltr'><strong>uolandoue</strong></span> <span class='ocrx_word' id='word_1_90' title='bbox 706 790 867 832; x_wconf 84' lang='lat' dir='ltr'><strong>uiuunt.</strong></span> <span class='ocrx_word' id='word_1_91' title='bbox 927 791 970 832; x_wconf 93' lang='lat' dir='ltr'><strong>in</strong></span> <span class='ocrx_word' id='word_1_92' title='bbox 996 791 1285 845; x_wconf 83' lang='lat' dir='ltr'><strong>gradientibus</strong></span> <span class='ocrx_word' id='word_1_93' title='bbox 1309 790 1492 832; x_wconf 77' lang='lat' dir='ltr'><strong>lacertae</strong></span> 
     </span>
     <span class='ocr_line' id='line_1_13' title="bbox 178 847 1493 903; baseline 0 -14"><span class='ocrx_word' id='word_1_94' title='bbox 178 851 221 889; x_wconf 86' lang='lat' dir='ltr'><strong>et</strong></span> <span class='ocrx_word' id='word_1_95' title='bbox 258 849 414 890; x_wconf 87' lang='lat' dir='ltr'><strong>similia</strong></span> <span class='ocrx_word' id='word_1_96' title='bbox 452 862 502 889; x_wconf 82' lang='lat' dir='ltr'><strong>ex</strong></span> <span class='ocrx_word' id='word_1_97' title='bbox 539 848 630 889; x_wconf 89' lang='lat' dir='ltr'><strong>ouis</strong></span> <span class='ocrx_word' id='word_1_98' title='bbox 668 850 881 902; x_wconf 86' lang='lat' dir='ltr'><strong>creantur,</strong></span> <span class='ocrx_word' id='word_1_99' title='bbox 917 863 1024 902; x_wconf 89' lang='lat' dir='ltr'><strong>quae</strong></span> <span class='ocrx_word' id='word_1_100' title='bbox 1062 850 1236 903; x_wconf 88' lang='lat' dir='ltr'><strong>serpunt</strong></span> <span class='ocrx_word' id='word_1_101' title='bbox 1272 847 1363 889; x_wconf 86' lang='lat' dir='ltr'><strong>ouis</strong></span> <span class='ocrx_word' id='word_1_102' title='bbox 1399 861 1493 889; x_wconf 81' lang='lat' dir='ltr'><strong>nas-</strong></span> 
     </span>
     <span class='ocr_line' id='line_1_14' title="bbox 179 905 1523 959; baseline -0.001 -12"><span class='ocrx_word' id='word_1_103' title='bbox 179 908 330 948; x_wconf 87' lang='lat' dir='ltr'><strong>euntur</strong></span> <span class='ocrx_word' id='word_1_104' title='bbox 372 905 560 957; x_wconf 87' lang='lat' dir='ltr'><strong>exordio,</strong></span> <span class='ocrx_word' id='word_1_105' title='bbox 596 906 787 947; x_wconf 85' lang='lat' dir='ltr'><strong>uolantia</strong></span> <span class='ocrx_word' id='word_1_106' title='bbox 825 906 1021 948; x_wconf 85' lang='lat' dir='ltr'><strong>uniuersa</strong></span> <span class='ocrx_word' id='word_1_107' title='bbox 1058 906 1107 948; x_wconf 89' lang='lat' dir='ltr'><strong>de</strong></span> <span class='ocrx_word' id='word_1_108' title='bbox 1151 906 1242 947; x_wconf 92' lang='lat' dir='ltr'><strong>ouis</strong></span> <span class='ocrx_word' id='word_1_109' title='bbox 1284 905 1493 959; x_wconf 87' lang='lat' dir='ltr'><strong>prodeunt</strong></span> <span class='ocrx_word' id='word_1_110' title='bbox 1522 926 1523 931; x_wconf 63' lang='lat'>=</span> 
     </span>
     <span class='ocr_line' id='line_1_15' title="bbox 179 963 1518 1018; baseline -0.001 -13"><span class='ocrx_word' id='word_1_111' title='bbox 179 965 351 1018; x_wconf 86' lang='lat' dir='ltr'><strong>excepto</strong></span> <span class='ocrx_word' id='word_1_112' title='bbox 373 977 468 1017; x_wconf 90' lang='lat' dir='ltr'><strong>uno,</strong></span> <span class='ocrx_word' id='word_1_113' title='bbox 493 963 603 1017; x_wconf 91' lang='lat' dir='ltr'><strong>quod</strong></span> <span class='ocrx_word' id='word_1_114' title='bbox 621 963 805 1005; x_wconf 81' lang='lat' dir='ltr'><strong>incertae</strong></span> <span class='ocrx_word' id='word_1_115' title='bbox 823 966 1001 1006; x_wconf 84' lang='lat' dir='ltr'><strong>naturae</strong></span> <span class='ocrx_word' id='word_1_116' title='bbox 1021 966 1097 1017; x_wconf 88' lang='lat' dir='ltr'><strong>est,</strong></span> <span class='ocrx_word' id='word_1_117' title='bbox 1121 978 1220 1005; x_wconf 90' lang='lat' dir='ltr'><strong>nam</strong></span> <span class='ocrx_word' id='word_1_118' title='bbox 1244 963 1493 1016; x_wconf 86' lang='lat' dir='ltr'><strong>uespertilio</strong></span> <span class='ocrx_word' id='word_1_119' title='bbox 1514 1010 1518 1011; x_wconf 15' lang='lat'><em>⁷</em></span> 
     </span>
     <span class='ocr_line' id='line_1_16' title="bbox 179 1020 1494 1076; baseline -0.002 -13"><span class='ocrx_word' id='word_1_120' title='bbox 179 1022 298 1063; x_wconf 88' lang='lat' dir='ltr'><strong>uolat</strong></span> <span class='ocrx_word' id='word_1_121' title='bbox 316 1021 483 1076; x_wconf 90' lang='lat' dir='ltr'><strong>quidem</strong></span> <span class='ocrx_word' id='word_1_122' title='bbox 508 1020 667 1075; x_wconf 87' lang='lat' dir='ltr'><strong>pellitis</strong></span> <span class='ocrx_word' id='word_1_123' title='bbox 687 1021 780 1075; x_wconf 88' lang='lat' dir='ltr'><strong>alis,</strong></span> <span class='ocrx_word' id='word_1_124' title='bbox 799 1021 871 1063; x_wconf 89' lang='lat' dir='ltr'><strong>sed</strong></span> <span class='ocrx_word' id='word_1_125' title='bbox 896 1022 1006 1062; x_wconf 90' lang='lat' dir='ltr'><strong>inter</strong></span> <span class='ocrx_word' id='word_1_126' title='bbox 1025 1021 1212 1062; x_wconf 84' lang='lat' dir='ltr'><strong>uolantia</strong></span> <span class='ocrx_word' id='word_1_127' title='bbox 1229 1035 1314 1062; x_wconf 89' lang='lat' dir='ltr'><strong>non</strong></span> <span class='ocrx_word' id='word_1_128' title='bbox 1339 1020 1494 1061; x_wconf 87' lang='lat' dir='ltr'><strong>haben-</strong></span> 
     </span>
     <span class='ocr_line' id='line_1_17' title="bbox 179 1077 1513 1133; baseline -0.001 -13"><span class='ocrx_word' id='word_1_129' title='bbox 179 1079 256 1120; x_wconf 87' lang='lat' dir='ltr'><strong>dus</strong></span> <span class='ocrx_word' id='word_1_130' title='bbox 289 1083 363 1133; x_wconf 85' lang='lat' dir='ltr'><strong>est,</strong></span> <span class='ocrx_word' id='word_1_131' title='bbox 395 1079 494 1132; x_wconf 87' lang='lat' dir='ltr'><strong>quia</strong></span> <span class='ocrx_word' id='word_1_132' title='bbox 530 1081 730 1132; x_wconf 89' lang='lat' dir='ltr'><strong>quattuor</strong></span> <span class='ocrx_word' id='word_1_133' title='bbox 758 1079 934 1133; x_wconf 88' lang='lat' dir='ltr'><strong>pedibus</strong></span> <span class='ocrx_word' id='word_1_134' title='bbox 966 1078 1174 1132; x_wconf 81' lang='lat' dir='ltr'><strong>graditur,</strong></span> <span class='ocrx_word' id='word_1_135' title='bbox 1202 1077 1513 1131; x_wconf 86' lang='lat' dir='ltr'><strong>formatosque</strong></span> 
     </span>
     <span class='ocr_line' id='line_1_18' title="bbox 176 1136 1511 1191; baseline 0.001 -14"><span class='ocrx_word' id='word_1_136' title='bbox 176 1137 314 1190; x_wconf 86' lang='lat' dir='ltr'><strong>pullos</strong></span> <span class='ocrx_word' id='word_1_137' title='bbox 334 1137 446 1190; x_wconf 87' lang='lat' dir='ltr'><strong>parit</strong></span> <span class='ocrx_word' id='word_1_138' title='bbox 472 1138 515 1177; x_wconf 91' lang='lat' dir='ltr'><strong>et</strong></span> <span class='ocrx_word' id='word_1_139' title='bbox 534 1137 666 1177; x_wconf 89' lang='lat' dir='ltr'><strong>nutrit</strong></span> <span class='ocrx_word' id='word_1_140' title='bbox 690 1137 808 1190; x_wconf 88' lang='lat' dir='ltr'><strong>lacte,</strong></span> <span class='ocrx_word' id='word_1_141' title='bbox 834 1151 938 1190; x_wconf 90' lang='lat' dir='ltr'><strong>quos</strong></span> <span class='ocrx_word' id='word_1_142' title='bbox 963 1139 1150 1191; x_wconf 86' lang='lat' dir='ltr'><strong>generat.</strong></span> <span class='ocrx_word' id='word_1_143' title='bbox 1197 1136 1344 1177; x_wconf 86' lang='lat' dir='ltr'><strong>nantia</strong></span> <span class='ocrx_word' id='word_1_144' title='bbox 1361 1138 1511 1190; x_wconf 70' lang='lat' dir='ltr'><strong>paene⁴</strong></span> 
     </span>
     <span class='ocr_line' id='line_1_19' title="bbox 179 1193 1498 1248; baseline -0.001 -13"><span class='ocrx_word' id='word_1_145' title='bbox 179 1195 322 1236; x_wconf 89' lang='lat' dir='ltr'><strong>omnia</strong></span> <span class='ocrx_word' id='word_1_146' title='bbox 359 1194 408 1235; x_wconf 88' lang='lat' dir='ltr'><strong>de</strong></span> <span class='ocrx_word' id='word_1_147' title='bbox 446 1194 537 1235; x_wconf 89' lang='lat' dir='ltr'><strong>ouis</strong></span> <span class='ocrx_word' id='word_1_148' title='bbox 576 1194 767 1235; x_wconf 88' lang='lat' dir='ltr'><strong>oriuntur</strong></span> <span class='ocrx_word' id='word_1_149' title='bbox 803 1194 967 1248; x_wconf 89' lang='lat' dir='ltr'><strong>generis</strong></span> <span class='ocrx_word' id='word_1_150' title='bbox 1005 1194 1087 1244; x_wconf 89' lang='lat' dir='ltr'><strong>sui,</strong></span> <span class='ocrx_word' id='word_1_151' title='bbox 1123 1193 1356 1235; x_wconf 87' lang='lat' dir='ltr'><strong>corcodilus</strong></span> <span class='ocrx_word' id='word_1_152' title='bbox 1392 1195 1498 1234; x_wconf 71' lang='lat' dir='ltr'><strong>uero&#39;</strong></span> 
     </span>
     <span class='ocr_line' id='line_1_20' title="bbox 138 1250 1501 1305; baseline -0.001 -11"><span class='ocrx_word' id='word_1_153' title='bbox 138 1253 305 1295; x_wconf 83' lang='lat' dir='ltr'><strong>Setiam</strong></span> <span class='ocrx_word' id='word_1_154' title='bbox 337 1252 387 1292; x_wconf 86' lang='lat' dir='ltr'><strong>de</strong></span> <span class='ocrx_word' id='word_1_155' title='bbox 416 1252 575 1303; x_wconf 82' lang='lat' dir='ltr'><strong>testeis,</strong></span> <span class='ocrx_word' id='word_1_156' title='bbox 606 1251 747 1305; x_wconf 90' lang='lat' dir='ltr'><strong>qualia</strong></span> <span class='ocrx_word' id='word_1_157' title='bbox 773 1255 872 1293; x_wconf 86' lang='lat' dir='ltr'><strong>sunt</strong></span> <span class='ocrx_word' id='word_1_158' title='bbox 895 1252 1142 1293; x_wconf 87' lang='lat' dir='ltr'><strong>uolantium.</strong></span> <span class='ocrx_word' id='word_1_159' title='bbox 1202 1254 1244 1292; x_wconf 90' lang='lat' dir='ltr'><strong>et</strong></span> <span class='ocrx_word' id='word_1_160' title='bbox 1273 1265 1326 1292; x_wconf 89' lang='lat' dir='ltr'><strong>ne</strong></span> <span class='ocrx_word' id='word_1_161' title='bbox 1350 1250 1459 1292; x_wconf 87' lang='lat' dir='ltr'><strong>uide</strong></span> <span class='ocrx_word' id='word_1_162' title='bbox 1482 1255 1501 1285; x_wconf 71' lang='grc' dir='ltr'><strong>ι’</strong></span> 
     </span>
     <span class='ocr_line' id='line_1_21' title="bbox 177 1307 1501 1363; baseline -0.002 -13"><span class='ocrx_word' id='word_1_163' title='bbox 177 1310 274 1363; x_wconf 87' lang='lat' dir='ltr'><strong>plus</strong></span> <span class='ocrx_word' id='word_1_164' title='bbox 299 1309 431 1350; x_wconf 92' lang='lat' dir='ltr'><strong>nimio</strong></span> <span class='ocrx_word' id='word_1_165' title='bbox 458 1309 660 1350; x_wconf 87' lang='lat' dir='ltr'><strong>extulisse</strong></span> <span class='ocrx_word' id='word_1_166' title='bbox 691 1323 818 1350; x_wconf 90' lang='lat' dir='ltr'><strong>ouum</strong></span> <span class='ocrx_word' id='word_1_167' title='bbox 846 1309 1042 1351; x_wconf 87' lang='lat' dir='ltr'><strong>elementi</strong></span> <span class='ocrx_word' id='word_1_168' title='bbox 1073 1309 1289 1359; x_wconf 89' lang='lat' dir='ltr'><strong>uocabulo,</strong></span> <span class='ocrx_word' id='word_1_169' title='bbox 1319 1307 1501 1350; x_wconf 82' lang='lat' dir='ltr'><strong>consul&#39;</strong></span> 
     </span>
     <span class='ocr_line' id='line_1_22' title="bbox 177 1366 1485 1421; baseline -0.001 -13"><span class='ocrx_word' id='word_1_170' title='bbox 177 1367 371 1409; x_wconf 81' lang='lat' dir='ltr'><strong>initiatos</strong></span> <span class='ocrx_word' id='word_1_171' title='bbox 390 1367 522 1408; x_wconf 87' lang='lat' dir='ltr'><strong>sacris</strong></span> <span class='ocrx_word' id='word_1_172' title='bbox 540 1366 684 1408; x_wconf 87' lang='lat' dir='ltr'><strong>Liberi</strong></span> <span class='ocrx_word' id='word_1_173' title='bbox 709 1367 854 1421; x_wconf 83' lang='lat' dir='ltr'><strong>patris,</strong></span> <span class='ocrx_word' id='word_1_174' title='bbox 879 1367 924 1408; x_wconf 89' lang='lat' dir='ltr'><strong>in</strong></span> <span class='ocrx_word' id='word_1_175' title='bbox 949 1367 1100 1421; x_wconf 90' lang='lat' dir='ltr'><strong>quibus</strong></span> <span class='ocrx_word' id='word_1_176' title='bbox 1125 1367 1205 1408; x_wconf 86' lang='lat' dir='ltr'><strong>hac</strong></span> <span class='ocrx_word' id='word_1_177' title='bbox 1224 1366 1485 1408; x_wconf 82' lang='lat' dir='ltr'><strong>ueneration:</strong></span> 
     </span>
     <span class='ocr_line' id='line_1_23' title="bbox 179 1424 1519 1478; baseline -0.001 -12"><span class='ocrx_word' id='word_1_178' title='bbox 179 1439 306 1466; x_wconf 91' lang='lat' dir='ltr'><strong>ouum</strong></span> <span class='ocrx_word' id='word_1_179' title='bbox 337 1425 506 1478; x_wconf 83' lang='lat' dir='ltr'><strong>colitur,</strong></span> <span class='ocrx_word' id='word_1_180' title='bbox 543 1427 590 1465; x_wconf 91' lang='lat' dir='ltr'><strong>ut</strong></span> <span class='ocrx_word' id='word_1_181' title='bbox 620 1439 670 1465; x_wconf 86' lang='lat' dir='ltr'><strong>ex</strong></span> <span class='ocrx_word' id='word_1_182' title='bbox 699 1424 838 1466; x_wconf 86' lang='lat' dir='ltr'><strong>forma</strong></span> <span class='ocrx_word' id='word_1_183' title='bbox 867 1425 991 1466; x_wconf 86' lang='lat' dir='ltr'><strong>tereti</strong></span> <span class='ocrx_word' id='word_1_184' title='bbox 1028 1439 1076 1466; x_wconf 88' lang='lat' dir='ltr'><strong>ac</strong></span> <span class='ocrx_word' id='word_1_185' title='bbox 1112 1438 1244 1478; x_wconf 87' lang='lat' dir='ltr'><strong>paene</strong></span> <span class='ocrx_word' id='word_1_186' title='bbox 1281 1424 1459 1477; x_wconf 80' lang='lat' dir='ltr'><strong>sphaera</strong></span> <span class='ocrx_word' id='word_1_187' title='bbox 1489 1443 1491 1446; x_wconf 52' lang='lat'><strong>⁴</strong></span> <span class='ocrx_word' id='word_1_188' title='bbox 1518 1455 1519 1458; x_wconf 19' lang='grc' dir='ltr'>η</span> 
     </span>
     <span class='ocr_line' id='line_1_24' title="bbox 179 1482 1514 1537; baseline -0.001 -14"><span class='ocrx_word' id='word_1_189' title='bbox 179 1486 304 1537; x_wconf 89' lang='lat' dir='ltr'><strong>atque</strong></span> <span class='ocrx_word' id='word_1_190' title='bbox 340 1482 524 1536; x_wconf 90' lang='lat' dir='ltr'><strong>undique</strong></span> <span class='ocrx_word' id='word_1_191' title='bbox 559 1496 728 1524; x_wconf 90' lang='lat' dir='ltr'><strong>uersum</strong></span> <span class='ocrx_word' id='word_1_192' title='bbox 773 1483 915 1524; x_wconf 81' lang='lat' dir='ltr'><strong>clausa</strong></span> <span class='ocrx_word' id='word_1_193' title='bbox 951 1485 994 1524; x_wconf 87' lang='lat' dir='ltr'><strong>et</strong></span> <span class='ocrx_word' id='word_1_194' title='bbox 1028 1482 1264 1524; x_wconf 83' lang='lat' dir='ltr'><strong>includente</strong></span> <span class='ocrx_word' id='word_1_195' title='bbox 1300 1482 1412 1522; x_wconf 87' lang='lat' dir='ltr'><strong>intra</strong></span> <span class='ocrx_word' id='word_1_196' title='bbox 1448 1495 1514 1537; x_wconf 44' lang='lat' dir='ltr'>ss</span> 
     </span>
     <span class='ocr_line' id='line_1_25' title="bbox 178 1539 1526 1591; baseline -0.001 -9"><span class='ocrx_word' id='word_1_197' title='bbox 178 1541 311 1582; x_wconf 88' lang='lat' dir='ltr'><strong>uitam</strong></span> <span class='ocrx_word' id='word_1_198' title='bbox 359 1540 504 1581; x_wconf 86' lang='lat' dir='ltr'><strong>mundi</strong></span> <span class='ocrx_word' id='word_1_199' title='bbox 552 1539 825 1582; x_wconf 84' lang='lat' dir='ltr'><strong>simulacrum</strong></span> <span class='ocrx_word' id='word_1_200' title='bbox 866 1543 1055 1591; x_wconf 91' lang='lat' dir='ltr'><strong>uocetur,</strong></span> <span class='ocrx_word' id='word_1_201' title='bbox 1103 1540 1305 1581; x_wconf 89' lang='lat' dir='ltr'><strong>mundum</strong></span> <span class='ocrx_word' id='word_1_202' title='bbox 1353 1541 1490 1580; x_wconf 70' lang='lat' dir='ltr'><strong>auten*</strong></span> <span class='ocrx_word' id='word_1_203' title='bbox 1514 1547 1526 1587; x_wconf 68' lang='grc' dir='ltr'><strong>,ὲ</strong></span> 
     </span>
     <span class='ocr_line' id='line_1_26' title="bbox 180 1596 1498 1652; baseline -0.001 -12"><span class='ocrx_word' id='word_1_204' title='bbox 180 1613 386 1641; x_wconf 88' lang='lat' dir='ltr'><strong>consensu</strong></span> <span class='ocrx_word' id='word_1_205' title='bbox 411 1598 599 1639; x_wconf 89' lang='lat' dir='ltr'><strong>omnium</strong></span> <span class='ocrx_word' id='word_1_206' title='bbox 619 1600 786 1639; x_wconf 87' lang='lat' dir='ltr'><strong>constat</strong></span> <span class='ocrx_word' id='word_1_207' title='bbox 804 1598 1092 1640; x_wconf 85' lang='lat' dir='ltr'><strong>uniuersitatis</strong></span> <span class='ocrx_word' id='word_1_208' title='bbox 1113 1612 1203 1639; x_wconf 86' lang='lat' dir='ltr'><strong>esse</strong></span> <span class='ocrx_word' id='word_1_209' title='bbox 1228 1596 1498 1652; x_wconf 39' lang='lat' dir='ltr'><strong>principium,</strong></span> 
     </span>
     <span class='ocr_line' id='line_1_27' title="bbox 138 1654 1523 1710; baseline 0.001 -12"><span class='ocrx_word' id='word_1_210' title='bbox 138 1655 354 1710; x_wconf 87' lang='lat' dir='ltr'><strong>9prodeat</strong></span> <span class='ocrx_word' id='word_1_211' title='bbox 391 1656 463 1710; x_wconf 88' lang='lat' dir='ltr'><strong>qui</strong></span> <span class='ocrx_word' id='word_1_212' title='bbox 498 1655 682 1709; x_wconf 86' lang='lat' dir='ltr'><strong>priorem</strong></span> <span class='ocrx_word' id='word_1_213' title='bbox 718 1655 814 1697; x_wconf 88' lang='lat' dir='ltr'><strong>uult</strong></span> <span class='ocrx_word' id='word_1_214' title='bbox 844 1670 935 1697; x_wconf 89' lang='lat' dir='ltr'><strong>esse</strong></span> <span class='ocrx_word' id='word_1_215' title='bbox 971 1655 1191 1710; x_wconf 83' lang='lat' dir='ltr'><strong>gallinam,</strong></span> <span class='ocrx_word' id='word_1_216' title='bbox 1229 1658 1271 1696; x_wconf 89' lang='lat' dir='ltr'><strong>et</strong></span> <span class='ocrx_word' id='word_1_217' title='bbox 1305 1656 1351 1696; x_wconf 91' lang='lat' dir='ltr'><strong>in</strong></span> <span class='ocrx_word' id='word_1_218' title='bbox 1388 1654 1523 1702; x_wconf 43' lang='lat' dir='ltr'><strong>haze&amp;</strong></span> 
     </span>
     <span class='ocr_line' id='line_1_28' title="bbox 178 1702 1524 1768; baseline -0.001 -13"><span class='ocrx_word' id='word_1_219' title='bbox 178 1714 309 1756; x_wconf 87' lang='lat' dir='ltr'><strong>uerba</strong></span> <span class='ocrx_word' id='word_1_220' title='bbox 356 1715 537 1768; x_wconf 85' lang='lat' dir='ltr'><strong>temptet</strong></span> <span class='ocrx_word' id='word_1_221' title='bbox 584 1713 695 1768; x_wconf 88' lang='lat' dir='ltr'><strong>quod</strong></span> <span class='ocrx_word' id='word_1_222' title='bbox 744 1712 933 1755; x_wconf 87' lang='lat' dir='ltr'><strong>defendit</strong></span> <span class='ocrx_word' id='word_1_223' title='bbox 981 1713 1183 1755; x_wconf 87' lang='lat' dir='ltr'><strong>adserere.</strong></span> <span class='ocrx_word' id='word_1_224' title='bbox 1256 1727 1382 1754; x_wconf 91' lang='lat' dir='ltr'><strong>ouum</strong></span> <span class='ocrx_word' id='word_1_225' title='bbox 1430 1702 1524 1766; x_wconf 61' lang='lat' dir='ltr'><strong>r&#39;}</strong></span> 
     </span>
     <span class='ocr_line' id='line_1_29' title="bbox 179 1770 1515 1813; baseline -0.002 0"><span class='ocrx_word' id='word_1_226' title='bbox 179 1772 297 1813; x_wconf 88' lang='lat' dir='ltr'><strong>cuius</strong></span> <span class='ocrx_word' id='word_1_227' title='bbox 329 1773 393 1812; x_wconf 87' lang='lat' dir='ltr'><strong>est</strong></span> <span class='ocrx_word' id='word_1_228' title='bbox 422 1784 498 1812; x_wconf 89' lang='lat' dir='ltr'><strong>nec</strong></span> <span class='ocrx_word' id='word_1_229' title='bbox 528 1771 696 1812; x_wconf 85' lang='lat' dir='ltr'><strong>initium</strong></span> <span class='ocrx_word' id='word_1_230' title='bbox 726 1785 802 1812; x_wconf 88' lang='lat' dir='ltr'><strong>nec</strong></span> <span class='ocrx_word' id='word_1_231' title='bbox 831 1771 927 1812; x_wconf 86' lang='lat' dir='ltr'><strong>finis</strong></span> <span class='ocrx_word' id='word_1_232' title='bbox 959 1773 1034 1812; x_wconf 79' lang='lat' dir='ltr'><strong>est.</strong></span> <span class='ocrx_word' id='word_1_233' title='bbox 1091 1785 1191 1812; x_wconf 88' lang='lat' dir='ltr'><strong>nam</strong></span> <span class='ocrx_word' id='word_1_234' title='bbox 1221 1770 1389 1812; x_wconf 91' lang='lat' dir='ltr'><strong>initium</strong></span> <span class='ocrx_word' id='word_1_235' title='bbox 1510 1798 1515 1810; x_wconf 77' lang='grc'><strong>,-</strong></span> 
     </span>
     <span class='ocr_line' id='line_1_30' title="bbox 179 1825 1526 1883; baseline 0 -13"><span class='ocrx_word' id='word_1_236' title='bbox 179 1843 332 1880; x_wconf 89' lang='lat' dir='ltr'><strong>semen,</strong></span> <span class='ocrx_word' id='word_1_237' title='bbox 362 1828 458 1870; x_wconf 87' lang='lat' dir='ltr'><strong>finis</strong></span> <span class='ocrx_word' id='word_1_238' title='bbox 483 1829 574 1870; x_wconf 84' lang='lat' dir='ltr'><strong>auis</strong></span> <span class='ocrx_word' id='word_1_239' title='bbox 599 1829 692 1883; x_wconf 82' lang='lat' dir='ltr'><strong>ipsa</strong></span> <span class='ocrx_word' id='word_1_240' title='bbox 721 1829 916 1883; x_wconf 84' lang='lat' dir='ltr'><strong>formata,</strong></span> <span class='ocrx_word' id='word_1_241' title='bbox 946 1843 1073 1870; x_wconf 90' lang='lat' dir='ltr'><strong>ouum</strong></span> <span class='ocrx_word' id='word_1_242' title='bbox 1097 1842 1198 1870; x_wconf 87' lang='lat' dir='ltr'><strong>uero</strong></span> <span class='ocrx_word' id='word_1_243' title='bbox 1224 1828 1404 1883; x_wconf 89' lang='lat' dir='ltr'><strong>digestio</strong></span> <span class='ocrx_word' id='word_1_244' title='bbox 1429 1843 1466 1870; x_wconf 87' lang='lat' dir='ltr'><strong>e</strong></span> <span class='ocrx_word' id='word_1_245' title='bbox 1513 1825 1526 1841; x_wconf 57' lang='lat'>*</span> 
     </span>
     <span class='ocr_line' id='line_1_31' title="bbox 179 1886 1433 1941; baseline 0 -14"><span class='ocrx_word' id='word_1_246' title='bbox 179 1887 363 1928; x_wconf 87' lang='lat' dir='ltr'><strong>seminis.</strong></span> <span class='ocrx_word' id='word_1_247' title='bbox 412 1900 506 1928; x_wconf 91' lang='lat' dir='ltr'><strong>cum</strong></span> <span class='ocrx_word' id='word_1_248' title='bbox 527 1899 627 1941; x_wconf 90' lang='lat' dir='ltr'><strong>ergo</strong></span> <span class='ocrx_word' id='word_1_249' title='bbox 647 1900 791 1928; x_wconf 89' lang='lat' dir='ltr'><strong>semen</strong></span> <span class='ocrx_word' id='word_1_250' title='bbox 810 1886 1006 1928; x_wconf 86' lang='lat' dir='ltr'><strong>animalis</strong></span> <span class='ocrx_word' id='word_1_251' title='bbox 1027 1887 1083 1928; x_wconf 86' lang='lat' dir='ltr'><strong>sit</strong></span> <span class='ocrx_word' id='word_1_252' title='bbox 1102 1888 1144 1927; x_wconf 82' lang='lat' dir='ltr'><strong>et</strong></span> <span class='ocrx_word' id='word_1_253' title='bbox 1164 1900 1289 1928; x_wconf 90' lang='lat' dir='ltr'><strong>ouum</strong></span> <span class='ocrx_word' id='word_1_254' title='bbox 1309 1887 1411 1928; x_wconf 84' lang='lat' dir='ltr'><strong>sem&#39;</strong></span> <span class='ocrx_word' id='word_1_255' title='bbox 1426 1906 1433 1923; x_wconf 83' lang='grc' dir='ltr'>ι</span> 
     </span>
     <span class='ocr_line' id='line_1_32' title="bbox 179 1944 1515 1999; baseline 0.001 -14"><span class='ocrx_word' id='word_1_256' title='bbox 179 1958 307 1985; x_wconf 87' lang='grc'>01111111</span> <span class='ocrx_word' id='word_1_257' title='bbox 344 1947 442 1985; x_wconf 86' lang='lat' dir='ltr'><strong>ante</strong></span> <span class='ocrx_word' id='word_1_258' title='bbox 474 1944 632 1985; x_wconf 84' lang='lat' dir='ltr'><strong>animal</strong></span> <span class='ocrx_word' id='word_1_259' title='bbox 662 1958 753 1985; x_wconf 87' lang='lat' dir='ltr'><strong>esse</strong></span> <span class='ocrx_word' id='word_1_260' title='bbox 788 1958 874 1986; x_wconf 88' lang='lat' dir='ltr'><strong>non</strong></span> <span class='ocrx_word' id='word_1_261' title='bbox 913 1945 1054 1998; x_wconf 86' lang='lat' dir='ltr'><strong>potuit</strong></span> <span class='ocrx_word' id='word_1_262' title='bbox 1089 1944 1197 1985; x_wconf 88' lang='lat' dir='ltr'><strong>sicut</strong></span> <span class='ocrx_word' id='word_1_263' title='bbox 1231 1957 1319 1985; x_wconf 88' lang='lat' dir='ltr'><strong>non</strong></span> <span class='ocrx_word' id='word_1_264' title='bbox 1353 1947 1481 1999; x_wconf 79' lang='lat' dir='ltr'><strong>pote</strong></span> <span class='ocrx_word' id='word_1_265' title='bbox 1503 1968 1515 1993; x_wconf 85' lang='lat'><strong>·.</strong></span> 
     </span>
     <span class='ocr_line' id='line_1_33' title="bbox 111 2001 1494 2056; baseline 0.001 -14"><span class='ocrx_word' id='word_1_266' title='bbox 111 2007 166 2048; x_wconf 88' lang='lat'><strong>10</strong></span> <span class='ocrx_word' id='word_1_267' title='bbox 180 2001 360 2056; x_wconf 89' lang='lat' dir='ltr'><strong>digestio</strong></span> <span class='ocrx_word' id='word_1_268' title='bbox 393 2001 477 2042; x_wconf 89' lang='lat' dir='ltr'><strong>cibi</strong></span> <span class='ocrx_word' id='word_1_269' title='bbox 506 2001 610 2055; x_wconf 89' lang='lat' dir='ltr'><strong>fieri,</strong></span> <span class='ocrx_word' id='word_1_270' title='bbox 641 2004 864 2055; x_wconf 88' lang='lat' dir='ltr'><strong>antequam</strong></span> <span class='ocrx_word' id='word_1_271' title='bbox 896 2003 953 2043; x_wconf 86' lang='lat' dir='ltr'><strong>sit</strong></span> <span class='ocrx_word' id='word_1_272' title='bbox 983 2002 1055 2055; x_wconf 89' lang='lat' dir='ltr'><strong>qui</strong></span> <span class='ocrx_word' id='word_1_273' title='bbox 1085 2001 1181 2043; x_wconf 87' lang='lat' dir='ltr'><strong>edit.</strong></span> <span class='ocrx_word' id='word_1_274' title='bbox 1241 2003 1283 2042; x_wconf 77' lang='lat' dir='ltr'><strong>et</strong></span> <span class='ocrx_word' id='word_1_275' title='bbox 1313 2003 1399 2044; x_wconf 87' lang='lat' dir='ltr'><strong>tale</strong></span> <span class='ocrx_word' id='word_1_276' title='bbox 1428 2008 1494 2044; x_wconf 65' lang='lat' dir='ltr'><strong>er]</strong></span> 
     </span>
     <span class='ocr_line' id='line_1_34' title="bbox 179 2059 1463 2113; baseline 0.002 -13"><span class='ocrx_word' id='word_1_277' title='bbox 179 2059 332 2112; x_wconf 86' lang='lat' dir='ltr'><strong>dicere,</strong></span> <span class='ocrx_word' id='word_1_278' title='bbox 368 2073 495 2100; x_wconf 89' lang='lat' dir='ltr'><strong>ouum</strong></span> <span class='ocrx_word' id='word_1_279' title='bbox 532 2062 628 2100; x_wconf 88' lang='lat' dir='ltr'><strong>ante</strong></span> <span class='ocrx_word' id='word_1_280' title='bbox 667 2059 869 2112; x_wconf 89' lang='lat' dir='ltr'><strong>gallinam</strong></span> <span class='ocrx_word' id='word_1_281' title='bbox 899 2059 1078 2113; x_wconf 85' lang='lat' dir='ltr'><strong>factum,</strong></span> <span class='ocrx_word' id='word_1_282' title='bbox 1116 2073 1163 2101; x_wconf 89' lang='lat' dir='ltr'><strong>ac</strong></span> <span class='ocrx_word' id='word_1_283' title='bbox 1201 2059 1332 2113; x_wconf 85' lang='lat' dir='ltr'><strong>siquis</strong></span> <span class='ocrx_word' id='word_1_284' title='bbox 1369 2059 1500 2103; x_wconf 75' lang='lat' dir='ltr'><strong>dica&#39;</strong></span> 
     </span>
    </p>
   </div>
   <div class='ocr_carea' id='block_1_3' title="bbox 1435 424 1526 2026">
    <p class='ocr_par' dir='ltr' id='par_1_3' title="bbox 1435 424 1526 2026">
     <span class='ocr_line' id='line_1_35' title="bbox 1504 424 1526 593; baseline 0 -10"><span class='ocrx_word' id='word_1_285' title='bbox 1504 424 1526 593; x_wconf 95' lang='lat' dir='ltr'><strong>    </strong></span> 
     </span>
     <span class='ocr_line' id='line_1_36' title="bbox 1504 593 1526 814; baseline 0 -57"><span class='ocrx_word' id='word_1_286' title='bbox 1504 593 1526 814; x_wconf 95' lang='lat' dir='ltr'><strong>   </strong></span> 
     </span>
     <span class='ocr_line' id='line_1_37' title="bbox 1497 814 1526 1161; baseline 0.276 -118"><span class='ocrx_word' id='word_1_287' title='bbox 1497 814 1526 1161; x_wconf 95' lang='lat' dir='ltr'><strong>      </strong></span> 
     </span>
     <span class='ocr_line' id='line_1_38' title="bbox 1445 1161 1526 1313; baseline -0.049 -34"><span class='ocrx_word' id='word_1_288' title='bbox 1445 1161 1526 1313; x_wconf 95' lang='lat' dir='ltr'><strong>    </strong></span> 
     </span>
     <span class='ocr_line' id='line_1_39' title="bbox 1460 1313 1526 1513; baseline -0.167 -56"><span class='ocrx_word' id='word_1_289' title='bbox 1460 1313 1526 1513; x_wconf 95' lang='lat' dir='ltr'><strong>     </strong></span> 
     </span>
     <span class='ocr_line' id='line_1_40' title="bbox 1470 1513 1526 1626; baseline 0 0"><span class='ocrx_word' id='word_1_290' title='bbox 1470 1513 1526 1626; x_wconf 95' lang='lat' dir='ltr'><strong>   </strong></span> 
     </span>
     <span class='ocr_line' id='line_1_41' title="bbox 1468 1626 1526 1792; baseline 0.103 -120"><span class='ocrx_word' id='word_1_291' title='bbox 1468 1626 1526 1792; x_wconf 95' lang='lat' dir='ltr'><strong>    </strong></span> 
     </span>
     <span class='ocr_line' id='line_1_42' title="bbox 1453 1792 1526 1833; baseline 0 611"><span class='ocrx_word' id='word_1_292' title='bbox 1453 1792 1526 1833; x_wconf 95' lang='lat' dir='ltr'><strong> </strong></span> 
     </span>
     <span class='ocr_line' id='line_1_43' title="bbox 1435 1833 1526 2026; baseline -0.099 -108"><span class='ocrx_word' id='word_1_293' title='bbox 1435 1833 1526 2026; x_wconf 95' lang='lat' dir='ltr'><strong>    </strong></span> 
     </span>
    </p>
   </div>
   <div class='ocr_carea' id='block_1_4' title="bbox 178 2205 1515 2347">
    <p class='ocr_par' dir='ltr' id='par_1_4' title="bbox 178 2183 1515 2347">
     <span class='ocr_line' id='line_1_44' title="bbox 272 2205 1458 2252; baseline 0.001 -11"><span class='ocrx_word' id='word_1_294' title='bbox 272 2210 291 2241; x_wconf 82' lang='lat'>7</span> <span class='ocrx_word' id='word_1_295' title='bbox 313 2210 527 2252; x_wconf 70' lang='lat' dir='ltr'><strong>coparauefi</strong></span> <span class='ocrx_word' id='word_1_296' title='bbox 546 2206 582 2241; x_wconf 89' lang='lat' dir='ltr'><strong><em>P</em></strong></span> <span class='ocrx_word' id='word_1_297' title='bbox 650 2209 692 2240; x_wconf 82' lang='lat'><strong>12</strong></span> <span class='ocrx_word' id='word_1_298' title='bbox 713 2216 806 2250; x_wconf 84' lang='lat' dir='ltr'><strong>quae</strong></span> <span class='ocrx_word' id='word_1_299' title='bbox 826 2226 869 2232; x_wconf 89' lang='lat'><strong>-—</strong></span> <span class='ocrx_word' id='word_1_300' title='bbox 891 2210 933 2241; x_wconf 88' lang='lat'><strong>13</strong></span> <span class='ocrx_word' id='word_1_301' title='bbox 952 2206 1099 2241; x_wconf 80' lang='lat' dir='ltr'><strong>exordlo</strong></span> <span class='ocrx_word' id='word_1_302' title='bbox 1119 2217 1182 2243; x_wconf 88' lang='lat' dir='ltr'><strong>om.</strong></span> <span class='ocrx_word' id='word_1_303' title='bbox 1203 2205 1250 2242; x_wconf 88' lang='lat' dir='ltr'><strong>P&#39;</strong></span> <span class='ocrx_word' id='word_1_304' title='bbox 1324 2210 1367 2241; x_wconf 86' lang='lat'><strong>13</strong></span> <span class='ocrx_word' id='word_1_305' title='bbox 1387 2183 1503 2250; x_wconf 84' lang='grc'>0111</span> 
     </span>
     <span class='ocr_line' id='line_1_45' title="bbox 180 2250 1515 2297; baseline -0.009 -10"><span class='ocrx_word' id='word_1_306' title='bbox 180 2256 222 2287; x_wconf 89' lang='lat'><strong>15</strong></span> <span class='ocrx_word' id='word_1_307' title='bbox 248 2252 350 2287; x_wconf 79' lang='lat' dir='ltr'><strong>ahtis</strong></span> <span class='ocrx_word' id='word_1_308' title='bbox 373 2250 421 2286; x_wconf 92' lang='lat' dir='ltr'><strong>P‘</strong></span> <span class='ocrx_word' id='word_1_309' title='bbox 496 2255 539 2286; x_wconf 88' lang='grc'><strong>16</strong></span> <span class='ocrx_word' id='word_1_310' title='bbox 566 2254 721 2296; x_wconf 85' lang='lat' dir='ltr'><strong>quatuor</strong></span> <span class='ocrx_word' id='word_1_311' title='bbox 748 2253 784 2286; x_wconf 92' lang='lat' dir='ltr'><strong><em>P</em></strong></span> <span class='ocrx_word' id='word_1_312' title='bbox 854 2256 896 2288; x_wconf 91' lang='lat'><strong>18</strong></span> <span class='ocrx_word' id='word_1_313' title='bbox 922 2253 1158 2288; x_wconf 83' lang='lat' dir='ltr'><strong>corcodnllus</strong></span> <span class='ocrx_word' id='word_1_314' title='bbox 1179 2253 1216 2288; x_wconf 90' lang='lat' dir='ltr'><em>P</em></span> <span class='ocrx_word' id='word_1_315' title='bbox 1284 2257 1326 2287; x_wconf 82' lang='lat'><strong>21</strong></span> <span class='ocrx_word' id='word_1_316' title='bbox 1353 2253 1483 2288; x_wconf 66' lang='lat' dir='ltr'><strong>saon...</strong></span> <span class='ocrx_word' id='word_1_317' title='bbox 1512 2279 1515 2297; x_wconf 27' lang='grc' dir='ltr'><em>Χ</em></span> 
     </span>
     <span class='ocr_line' id='line_1_46' title="bbox 178 2299 1450 2347; baseline -0.012 -13"><span class='ocrx_word' id='word_1_318' title='bbox 178 2303 222 2334; x_wconf 83' lang='lat'><strong>22</strong></span> <span class='ocrx_word' id='word_1_319' title='bbox 247 2299 378 2347; x_wconf 65' lang='lat' dir='ltr'><strong>sperah</strong></span> <span class='ocrx_word' id='word_1_320' title='bbox 403 2299 440 2333; x_wconf 91' lang='lat' dir='ltr'><em>P</em></span> <span class='ocrx_word' id='word_1_321' title='bbox 1448 2312 1450 2314; x_wconf 25' lang='lat' dir='ltr'>v</span> 
     </span>
    </p>
   </div>
  </div>
 </body>
</html>
