1526 2444
617 42 686 79 VII
713 45 850 78 19—27
1350 29 1408 82 33

62 153 192 196 etiam
219 152 326 195 illud
357 151 403 194 in
427 153 631 207 promptu
658 152 735 204 est,
767 149 880 205 quod
911 147 1073 204 posteri
1105 161 1273 203 quoque
1301 148 1407 191 duos

14 238 15 245 1
63 211 124 254 eis
155 211 380 254 continuos
418 224 586 253 menses
626 209 839 260 dicarunt,
877 210 926 249 ut
963 207 1200 250 December
1237 221 1407 250 sacrum

14 267 15 313 ἶ
63 269 248 326 Saturni,
273 268 499 312 Ianuarius
519 269 695 311 alterius
714 241 975 310 uocabulum
1000 265 1250 321 possideret.
1301 280 1408 309 cum
1424 268 1480 310 24

63 330 202 372 inter
253 329 377 371 haee
426 328 599 371 subito
644 326 893 370 Saturnus
942 340 1044 368 non
1092 325 1409 380 comparuis-

14 404 45 434 15
65 390 159 443 set,
191 387 513 444 excogitauit
537 386 692 429 Ianus
717 386 966 428 honorum
993 385 1099 427 eius
1125 386 1410 440 augmenta.

14 484 16 504 ζ
34 461 120 492 ac
150 447 369 502 primum
399 448 590 488 terram
622 459 816 488 omnem
847 443 1039 490 dicioni
1078 458 1196 486 suae
1227 458 1410 499 paren—

14 509 31 540 :
38 509 163 548 tem
212 504 502 547 Saturniam
545 504 850 547 nominauit:
896 517 1032 545 aram
1076 502 1258 545 deinde
1302 517 1411 545 eum

14 560 17 594 ἶ
65 564 226 607 sacris
257 566 519 619 tamquam
551 564 641 606 deo
675 562 924 617 condidit,
955 576 1080 617 quae
1111 559 1412 604 Saturnalia

14 630 17 669 ξ
64 623 367 666 nominauit.
433 625 502 665 tot
539 623 721 665 saeculis
752 620 1000 665 Saturnalia
1036 620 1299 675 praecedunt
1329 621 1411 663 Ro-

14 699 47 727 ο
66 696 216 726 manae
242 682 362 724 urbis
391 684 590 724 aetatem.
627 680 896 724 obseruari
926 679 1091 735 igitur
1116 693 1224 720 eum
1255 680 1411 722 iussit

16 779 17 789 2
65 741 338 784 maiestate
369 740 647 796 religionis
678 741 824 795 quasi
856 739 996 781 uitae
1027 738 1260 780 melioris
1293 753 1405 780 auc-

15 800 17 834 ῑ
66 803 245 842 torem:
272 800 596 842 simulacrum
623 799 728 842 eius
755 797 949 840 indicio
976 799 1070 852 est,
1103 797 1182 839 cui
1206 796 1413 853 falcem,

16 879 17 883 ¹
66 858 270 915 insigne
307 858 506 914 messis,
550 858 750 901 adiecit.
811 857 930 899 huic
967 856 1057 899 deo
1090 855 1485 900 insertiones25

16 916 17 952 ῗ
68 917 384 960 surculorum
410 931 774 972 pomorumque
806 916 1139 958 educationes
1172 918 1222 957 et
1254 916 1414 958 omni-

16 1021 17 1024 ,
67 990 146 1018 um
177 976 420 1031 cuiusque
452 976 586 1018 modi
616 975 875 1018 fertilium
905 974 1151 1016 tribuunt
1188 974 1416 1030 discipli-

15 1082 18 1091 ,
66 1049 167 1077 nas.
237 1033 561 1090 Cyrenenses
599 1034 772 1086 etiam,
816 1048 926 1076 cum
963 1048 1065 1075 rem
1103 1033 1330 1075 diuinam
1371 1034 1416 1076 ei

16 1131 17 1134 ,
66 1093 287 1148 faciunt,
318 1093 430 1136 ficis
462 1094 756 1136 recentibus
782 1094 1095 1136 coronantur
1119 1092 1414 1148 placentas-

16 1157 18 1211 ξ
69 1167 162 1208 que
186 1155 358 1195 mutuo
385 1153 667 1208 missitant,
697 1152 868 1195 mellis
895 1154 944 1194 et
968 1151 1226 1194 fructuum
1245 1166 1415 1207 reper-

17 1211 18 1214 ’
69 1213 231 1254 torem
268 1211 541 1254 Saturnum
589 1212 942 1254 aestimantes.
1021 1210 1154 1254 hunc
1195 1210 1417 1253 Romani

71 1270 225 1312 etiam
245 1269 557 1312 Sterculium
581 1273 787 1326 uocant,
813 1270 942 1325 quod
962 1270 1156 1324 primus
1186 1272 1414 1312 stercore

15 1348 19 1383 g
70 1329 442 1371 fecunditatem
479 1330 623 1385 agris
661 1328 1056 1385 comparauerit.
1123 1329 1269 1385 regni
1307 1329 1488 1375 6111526

16 1404 18 1407 ·
70 1390 305 1443 tempora
341 1387 650 1430 felicissima
686 1388 921 1430 feruntur
958 1402 1067 1430 cum
1098 1391 1311 1443 propter
1342 1403 1418 1430 re-

16 1449 19 1506 3'
71 1461 177 1488 rum
216 1447 413 1502 copiam
444 1449 550 1488 tum
589 1447 722 1502 quod
752 1447 972 1490 nondum
1012 1447 1282 1502 quisquam
1315 1461 1419 1489 ser-

16 1525 19 1548 2
71 1505 202 1548 uitio
233 1506 313 1547 uel
344 1506 590 1548 libertate
622 1506 1092 1560 discriminabatur,
1124 1520 1234 1560 quae
1259 1519 1327 1548 res
1358 1506 1421 1548 in-

17 1578 55 1624 {⁷²⁵
73 1563 222 1620 tellegi
258 1566 421 1619 potest,
461 1565 576 1620 quod
615 1564 915 1608 Saturnalibus
952 1566 1047 1607 tota
1078 1565 1214 1607 seruis
1246 1565 1423 1608 licentia

71 1623 350 1679 permittitur.

17 1726 20 1741 ἑ
190 1681 292 1724 Alia
318 1680 663 1724 saturnaliorum
689 1697 819 1725 causa
845 1683 905 1725 sic
925 1682 1122 1725 traditur.
1163 1683 1247 1737 qui
1274 1685 1422 1725 erant
1436 1687 1489 1730 27

17 1745 20 1760 ¹
74 1741 135 1783 ab
171 1740 391 1784 Hercule
434 1741 484 1783 in
520 1741 679 1784 Italia
716 1741 907 1793 relicti,
950 1744 999 1784 ut
1042 1741 1215 1796 quidam
1258 1741 1421 1797 ferunt,

18 1827 19 1855 3
74 1800 230 1856 irato,
262 1799 393 1856 quod
418 1801 792 1844 incustoditum
823 1800 1015 1843 fuisset
1041 1802 1343 1856 armentum,
1373 1805 1423 1843 ut

18 1865 51 1915 {m
75 1873 163 1902 non
193 1859 304 1901 nulli
336 1860 568 1902 aestimant
598 1861 840 1903 consulto
873 1875 956 1902 eos
988 1860 1335 1915 relinquente,
1366 1863 1422 1902 ut

78 1933 214 1960 aram
246 1932 386 1961 suam
419 1921 571 1974 atque
603 1919 774 1962 aedem
805 1919 866 1961 ab
898 1919 1280 1962 incursionibus
1312 1921 1423 1961 tue-

172 2039 193 2072 5
220 2037 422 2082 augmenta
444 2036 495 2071 Ρ·
522 2037 761 2082 augmentum
787 2036 834 2080 B,
859 2038 877 2071 1
901 2046 924 2070 a
948 2035 1033 2071 add.
1053 2035 1074 2070 b
1150 2038 1191 2069 11
1219 2035 1423 2080 magestate

18 2083 20 2102 ²
79 2084 117 2119 P
223 2087 266 2119 12
292 2083 516 2119 simulachrfi
543 2083 580 2118 P
686 2088 728 2118 13
754 2083 905 2119 adiacet
927 2082 975 2118 B'
1076 2085 1120 2117 15
1146 2082 1295 2138 cmsque
1319 2082 1425 2117 modi

76 2131 224 2176 scripsi.
250 2130 500 2167 cuiuscemodi
518 2131 562 2175 P,
588 2131 816 2167 huiscemodi
842 2131 879 2165 B
950 2129 1163 2165 tribuuntur
1184 2127 1231 2164 P'
1306 2133 1349 2166 16
1376 2140 1425 2165 61-

78 2178 222 2214 reneses
244 2175 289 2214 P'
370 2182 413 2215 17
439 2158 652 2224 placentesq
653 2189 698 2214 ue
723 2175 769 2213 B
844 2180 890 2212 20
915 2177 1116 2213 stercutum
1142 2175 1187 2212 B‘
1198 2177 1235 2212 P
1302 2181 1346 2213 21
1373 2177 1426 2224 fe

19 2241 22 2249 v
79 2225 310 2308 cgndxtaBtem
357 2226 395 2261 P
445 2227 677 2271 comparauit
701 2222 746 2260 B'
825 2229 870 2260 23
895 2226 975 2260 tum
1001 2224 1031 2259 &
1057 2223 1157 2270 quod.
1182 2225 1220 2260 B
1292 2228 1336 2260 31
1364 2235 1427 2260 ae-

20 2298 21 2308 ,
79 2283 103 2308 a
129 2284 187 2309 em

151 2338 340 2364 MAenomvs
1122 2334 1142 2365 3
