1526 2444
22 0 45 117 ξ
570 0 600 32 v
627 0 719 33 2-3
759 0 808 32 vi
835 1 926 33 1-4
1331 0 1418 42 659

31 138 37 161 ἓ

183 106 292 150 Tum
332 105 561 148 Africanus
611 104 780 148 ‘sentio'
824 105 966 161 inquit
1006 104 1064 148 ‘te
1102 105 1247 149 sedem
1285 108 1414 151 etiam
1425 108 1490 152 VI

64 180 178 210 nunc
207 166 430 209 hominum
463 178 512 207 ac
543 164 718 207 domum
750 165 1045 220 contemplari.
1108 179 1216 221 quae
1260 166 1297 209 si
1335 167 1418 210 tibi

63 240 214 282 parua,
244 227 294 268 ut
324 227 402 279 est,
432 224 495 266 ita
526 223 707 278 uidetur,
738 223 844 266 haec
871 224 1075 267 caelestia
1102 239 1271 280 semper
1297 240 1418 281 spec-

65 287 176 339 tato,
214 284 292 326 illa
327 283 518 325 humana
555 283 834 326 contemnito.
900 286 948 325 tu
987 284 1101 326 enim
1140 299 1268 340 quam
1310 286 1418 328 cele-

63 343 269 386 britatem
314 343 523 384 sermonis
566 341 790 384 hominum
837 344 912 384 aut
958 357 1086 398 quam
1133 344 1417 399 expetendam

16 399 39 460 μ’
63 403 267 458 consequi
299 402 482 458 gloriam
514 400 668 456 potes?
718 401 835 443 uides
869 401 1060 444 habitari
1091 402 1136 445 in
1161 405 1279 446 terra
1305 404 1416 447 raris

16 461 29 499 ἔ
63 465 106 504 et
149 461 345 518 angustis
386 461 431 502 in
470 460 575 502 locis
618 462 662 501 et
697 459 743 501 in
782 460 889 514 ipsis
932 462 1053 516 quasi
1092 461 1293 518 maculis,
1342 463 1417 506 ubi

14 530 20 559 5
59 520 301 572 habitatur,
341 522 489 562 uastas
528 518 779 561 solitudines
822 519 1087 575 interiectas,
1127 535 1300 577 eosque,
1340 523 1415 578 qui

16 580 17 631 J
59 579 251 622 incolant
290 582 469 633 terram,
509 592 598 620 non
638 577 766 620 modo
807 578 1072 634 interruptos
1112 580 1174 622 ita
1215 595 1325 637 esse,
1365 584 1415 623 ut

13 633 19 687 s
60 638 168 681 nihil
201 639 314 680 inter
344 639 462 693 ipsos
495 638 549 679 ab
582 635 678 679 aliis
711 636 764 678 ad
797 637 906 679 alios
939 653 1117 681 manare
1147 640 1305 696 possit,
1336 640 1411 682 sed

10 702 22 739 i-
58 698 218 752 partim
266 697 487 752 obliquos,
533 695 694 750 partim
743 698 1029 751 transuersos,
1076 699 1236 752 partim
1281 699 1413 741 etiam

59 756 263 799 aduersos
295 759 410 798 stare
435 754 573 808 uobis,
605 769 630 796 a
651 754 806 809 quibus
828 755 1055 810 ex'pectare
1084 757 1269 812 gloriam
1299 760 1413 800 certe

11 811 15 858 ἶ
57 815 223 858 nullam
256 814 453 870 potestis.
515 813 652 854 cernis
695 815 841 855 autem
881 814 1060 856 eandem
1092 819 1253 858 terram
1287 817 1452 872 quasi2

7 867 15 914 ἴῖ-
57 874 313 929 quibusdam
331 873 577 915 redimitam
597 874 641 914 et
662 871 973 915 circumdatam
994 874 1192 930 cingulis,
1213 890 1234 917 e
1255 876 1411 931 quibus

15 932 19 980 Ῐ
58 932 164 975 duos
190 932 377 975 maxime
402 932 516 973 inter
543 945 587 973 se
613 930 809 973 diuersos
836 933 880 972 et
905 933 1012 974 caeli
1040 934 1277 977 uerticibus
1303 935 1411 989 ipsis

6 991 18 1042 -g
56 1006 107 1033 ex
147 994 329 1047 utraque
369 993 494 1046 parte
536 989 742 1031 subnixos
786 990 1027 1046 obriguisse
1075 993 1232 1047 pruina
1279 993 1411 1049 uides,

9 1047 18 1062 “
55 1050 243 1093 medium
270 1053 416 1092 autam
442 1049 563 1091 illum
594 1052 636 1090 et
661 1048 898 1091 maximum
925 1050 1029 1092 solis
1058 1051 1211 1094 ardore
1237 1054 1409 1096 torreri.

0 1104 10 1124 ³
54 1109 138 1152 duo
171 1112 274 1151 sunt
310 1107 591 1162 habitabiles,
633 1122 814 1162 quorum
856 1109 1058 1151 australis
1099 1110 1194 1166 ille,
1234 1111 1281 1153 in
1322 1114 1450 1168 quo3

53 1169 127 1224 qui
158 1168 367 1211 insistunt
398 1167 582 1210 aduersa
613 1166 739 1209 uobis
777 1170 931 1222 urgent
962 1169 1165 1225 uestigia,
1205 1170 1315 1212 nihil
1353 1171 1407 1213 ad

0 1229 245 1270 »uestrum
288 1241 442 1282 genus,
487 1226 557 1268 hic
602 1228 747 1268 autem
789 1226 900 1267 alter
941 1227 1156 1271 subiectus
1199 1229 1406 1285 aquiloni,

52 1301 180 1342 quem
206 1286 409 1342 incolitis,
441 1299 578 1340 cerne,
604 1299 734 1339 quam
767 1284 887 1326 tenui
913 1299 991 1327 uos
1017 1291 1140 1341 parte
1167 1289 1405 1345 contingat.

53 1346 194 1388 omnis
240 1346 353 1388 enim
391 1349 527 1399 terra,
570 1358 678 1398 quae
725 1343 884 1386 colitur
923 1359 947 1386 a
984 1346 1128 1401 uobis,
1173 1351 1404 1405 angustata

48 1404 302 1459 uerticibus,
355 1404 562 1446 lateribus
612 1403 763 1458 latior,
819 1417 953 1458 parua
1003 1405 1212 1459 quaedam
1261 1407 1405 1449 insula

6 1507 9 1509 .
51 1466 117 1506 est
166 1463 424 1507 circumfusa
471 1463 546 1504 illo
596 1462 724 1518 mari,
782 1462 895 1516 quod
946 1463 1233 1521 Atlanticum,
1289 1467 1403 1521 quod

0 1531 30 1559 ¹⁵
48 1537 272 1579 magnum,
323 1537 449 1578 quem
494 1520 713 1564 Oceanum
764 1520 992 1575 appellatis
1040 1523 1086 1565 in
1134 1525 1278 1581 terris,
1328 1527 1401 1580 qui

48 1583 195 1624 tamen
232 1584 356 1625 tanto
393 1581 567 1624 nomine
605 1594 734 1635 quam
772 1581 830 1622 sit
865 1594 1025 1635 paruus
1057 1582 1188 1626 uides.
1250 1598 1301 1626 ex
1331 1584 1442 1628 his4

46 1640 153 1696 ipsis
190 1641 318 1684 cultis
356 1640 555 1696 notisque
592 1639 719 1681 terris
751 1653 855 1681 num
888 1643 962 1681 aut
993 1642 1116 1683 tuum
1156 1645 1231 1685 aut
1262 1644 1399 1686 euius—

47 1714 175 1755 quam
224 1702 423 1742 nostrum
473 1713 630 1742 nomen
679 1698 747 1740 uel
800 1696 1040 1741 Caucasum
1083 1701 1216 1756 hunc,
1272 1717 1398 1758 quem

47 1759 196 1812 cernis,
226 1758 525 1802 transcendere
556 1757 719 1813 potuit,
760 1757 831 1798 uel
868 1757 991 1800 illum
1033 1758 1215 1816 Gangen
1253 1764 1397 1804 trana-

0 1828 28 1856 w
48 1818 172 1860 tare?
202 1820 297 1873 quis
323 1819 369 1860 in
389 1818 564 1874 reliquis
587 1816 764 1859 orientis
786 1818 861 1858 aut
880 1816 1082 1860 obeuntis
1103 1820 1208 1862 solis
1228 1821 1394 1863 ultimis

48 1879 124 1919 aut
162 1877 377 1932 aquilonis
416 1877 608 1920 austriue
645 1875 843 1931 partibus
874 1877 998 1918 tuum
1030 1892 1188 1921 nomen
1219 1879 1395 1922 audiet?

33 389 39 396 ¹
20 323 29 330 v
18 179 35 305 mk
24 158 33 167 v
23 118 36 146 γ,

118 2010 136 2041 1
163 2017 268 2050 inqui
291 2005 338 2041 B'
407 2009 430 2040 4
454 2006 669 2050 contepmto
697 2003 776 2038 PB
840 2006 860 2037 7
887 2003 1061 2039 masculis
1080 2005 1118 2041 Β
1177 2010 1198 2042 8
1224 2006 1331 2052 hosq3
1357 2009 1395 2043 B

42 2056 64 2088 9
94 2053 187 2099 esse]
216 2058 236 2089 e
262 2054 299 2089 Β
357 2055 400 2088 11
427 2054 564 2098 partim
588 2049 813 2088 transuersos
832 2059 900 2085 om.
922 2050 960 2085 P
975 2054 1008 2087 et
1027 2053 1070 2088 in
1085 2054 1159 2097 fine
1172 2055 1336 2101 paginae
1355 2056 1394 2091 Β

44 2103 87 2135 12
115 2100 280 2146 spectare
307 2101 344 2136 B
424 2103 467 2135 13
494 2099 625 2135 eadem
648 2096 696 2134 1³¹
772 2101 815 2133 14
841 2098 1058 2135 emundata
1082 2100 1120 2135 P
1190 2105 1234 2138 17
1260 2103 1392 2139 ardore

42 2147 132 2183 solis
151 2149 188 2184 Β
299 2151 342 2183 19
368 2148 528 2194 urguent
556 2147 592 2182 P
704 2150 749 2181 23
774 2144 896 2180 insula
918 2145 955 2180 B
1052 2150 1098 2182 24
1123 2148 1333 2185 athlanticfi
1357 2150 1397 2185 P

44 2198 89 2231 25
117 2199 281 2232 occeani]
305 2196 342 2230 Β
439 2194 539 2241 quod
564 2204 743 2231 oceanum
767 2192 817 2229 P'
901 2193 1080 2238 apellaus
1102 2196 1139 2230 P
1213 2201 1258 2233 27
1283 2202 1333 2232 na
1358 2197 1396 2232 P

43 2245 87 2279 29
113 2243 344 2280 transnatare
370 2255 433 2279 mx
456 2255 496 2279 111
519 2241 635 2289 rehqs
654 2241 691 2277 B
764 2244 810 2278 30
835 2239 935 2287 quis]
961 2241 1019 2276 uls
1039 2242 1077 2278 P

1103 2302 1176 2339 42*
