1526 2444
117 64 204 106 232
608 65 707 102 SAT.
733 67 861 103 LIBRI
885 67 955 103 1111
1009 51 1016 58 ’

119 184 170 212 ex
209 184 335 213 eausa
372 173 501 226 auget
536 171 752 216 inuidiam.
812 173 1118 217 ‘circumuenit'
1149 175 1288 229 inquit
1316 175 1436 218 ‘arbi-
1514 170 1520 194 Γ

77 229 103 270 3
119 230 243 283 trum,
268 229 341 283 qui
365 229 475 270 inter
500 243 567 270 me
593 232 717 285 atque
744 245 788 273 se
812 231 977 286 integre
1001 232 1290 275 iudieauerat?
1340 247 1435 288 ergo

117 289 160 328 et
184 285 399 341 Vergilius
426 287 595 343 egregie
621 302 744 342 saepe
770 303 821 330 ex
850 289 932 332 hoe
962 291 1055 333 loco
1086 291 1217 333 traxit
1245 290 1436 333 affectum

117 343 352 386 ‘occiditur'
390 344 530 398 inquit
560 344 620 386 ‘in
651 346 738 387 acie
769 345 1003 390 Galaesus'.
1063 349 1143 391 hoe
1174 363 1249 403 per
1279 363 1323 390 se
1353 363 1436 391 non

118 404 184 443 est
237 401 435 456 dignum,
467 403 671 445 memoria
718 403 820 445 belli
867 407 1075 461 tempore,
1129 407 1201 448 sed
1252 406 1437 449 admouit
1472 421 1490 447 ⁵

115 473 287 500 oausam

397 517 496 559 dum
527 518 621 572 paci
651 519 836 561 medium
868 534 912 561 se
943 521 1078 562 offert.

74 597 225 639 4idem
257 597 341 639 alio
371 598 465 640 loco

396 680 599 721 sternitur
628 679 791 734 infelix,

117 758 265 800 deinde
297 759 453 801 subicit
484 774 655 802 causam
685 761 970 803 miserabilem
1461 780 1494 805 10

397 841 534 882 alieno
566 841 755 892 uulnere,

75 920 212 963 5eum
252 919 306 961 ad
346 921 475 962 alium
514 922 650 963 telum
690 925 802 964 esset
842 923 1049 966 emissum.
1110 928 1152 966 et
1191 939 1287 966 eum
1323 925 1441 967 Pala·
1508 926 1512 931 '

117 978 266 1020 meden
297 978 468 1033 indigne
501 979 685 1021 occisum
715 980 844 1022 uellet

397 1073 521 1113 quem
551 1059 662 1101 falsa
693 1061 772 1102 sub
802 1060 1043 1115 proditione
1074 1062 1243 1117 Pelasgi

175 1117 389 1158 insontem
419 1117 593 1159 infando
623 1117 792 1173 indicio,
822 1119 920 1172 quia
949 1119 1063 1161 bella
1092 1121 1268 1162 uetabat
1462 1136 1494 1162 15

175 1174 380 1216 demisere
409 1175 513 1216 neci.

77 1256 103 1297 6
119 1257 161 1296 et
197 1255 382 1309 Aeneas,
424 1257 473 1296 ut
514 1255 755 1298 ostenderet
790 1258 1124 1312 magnitudinem
1162 1259 1326 1302 timoris
1365 1260 1442 1314 sui,

114 1314 223 1355 bene
254 1327 426 1355 eausam
455 1313 600 1367 posuit
1440 1327 1444 1329 ·

397 1395 439 1435 et
468 1394 629 1448 pariter
657 1395 884 1450 comitique
915 1396 1114 1451 onerique
1144 1397 1377 1441 timentem.

78 1475 102 1517 7
118 1474 248 1530 quid?
307 1474 422 1529 Iapis
447 1477 495 1517 ut
519 1477 774 1531 contemptis
799 1477 992 1519 artificiis
1017 1478 1285 1534 inglorius,
1317 1493 1439 1533 quem
1459 1493 1493 1519 πο

118 1532 173 1574 ad
195 1532 368 1575 modum
393 1535 521 1588 poeta
546 1534 618 1588 ait,
641 1535 818 1589 uiueret,
843 1536 980 1590 qualis
1006 1550 1136 1578 eausa
1160 1538 1441 1591 proponitur?
1491 1571 1500 1595 3

175 1613 247 1655 ille
278 1615 327 1655 ut
358 1614 539 1668 depositi
569 1615 779 1668 proferret
808 1615 900 1658 fata
929 1616 1128 1670 parentis.

76 1695 168 1736 8ex
198 1694 346 1736 eodem
377 1708 529 1750 genere
560 1698 625 1737 est

175 1774 288 1816 fallit
317 1778 361 1818 te
391 1776 608 1819 incautum
637 1775 776 1831 pietas
805 1778 892 1820 tua.

77 1855 223 1897 9haec
266 1856 378 1897 enim
421 1870 549 1898 causa
590 1856 712 1898 illum
752 1857 947 1900 hostibus
987 1858 1116 1900 etiam
1156 1859 1440 1901 miserabilem
1460 1874 1495 1907 2,

119 1912 230 1955 fecit.
292 1913 365 1954 sed
388 1912 556 1956 Aeneas
581 1929 676 1956 cum
700 1915 908 1972 hortatur,
937 1918 986 1958 ut
1016 1917 1273 1972 sepeliantur
1303 1918 1442 1973 occisi,

119 1985 246 2025 quam
279 1985 447 2012 eausam
478 1972 708 2026 proponit?

214 2099 233 2130 7
259 2097 347 2130 Aen.
373 2095 442 2131 VII
467 2099 534 2131 536
606 2099 626 2129 9
651 2095 701 2131 ib.
727 2097 760 2131 X
786 2101 850 2132 781
925 2102 969 2132 14
993 2098 1041 2133 ib.
1067 2097 1101 2132 11
1123 2102 1169 2134 83
1242 2102 1285 2133 19
1305 2099 1355 2135 ib.
1374 2099 1441 2134 XII
1494 2114 1496 2119 ’

118 2144 185 2178 391
259 2145 303 2177 20
327 2142 378 2176 ib.
404 2141 473 2176 XII
497 2145 564 2177 397
637 2146 681 2177 22
706 2142 755 2178 ib.
780 2143 849 2178 XII
872 2146 939 2178 395
1013 2147 1058 2179 24
1082 2145 1130 2180 ib.
1156 2145 1189 2179 X
1213 2148 1281 2180 812

215 2259 258 2291 19
283 2256 445 2302 honenq.
472 2257 509 2292 P
576 2261 620 2293 20
646 2268 733 2302 qma
757 2257 883 2303 diapix
906 2258 943 2293 P
