1526 2444
441 77 548 114 xvn
572 81 710 113 12—17
745 76 865 113 XVIII
892 79 984 112 1—5
1302 74 1390 117 555

42 189 95 231 ab
126 188 301 230 homine
333 186 502 241 sentiri,
543 201 640 229 cum
678 199 769 228 non
796 184 983 227 sufficiat
1019 184 1233 226 humanae
1271 183 1389 225 uitae

42 247 228 303 spatium
274 246 326 289 ad
367 247 497 289 breue
540 246 696 287 saltem
738 247 944 299 punctum
987 245 1078 286 tam
1117 243 1266 285 tardae
1321 257 1388 285 ac-

41 306 251 348 cessionis
277 304 695 360 deprehendendum.
738 303 1031 357 hinchullius
1057 301 1218 345 nullius
1245 304 1387 344 sectae
1404 302 1458 343 17

40 365 200 407 inscius
242 365 462 407 ueteribus
501 364 767 419 approbatae
805 362 934 405 simul
974 362 1124 417 attigit
1161 363 1388 416 utramque

4 424 301 467 ssententiam
346 423 542 466 dicendo:
586 423 637 464 in
681 436 776 478 quo
815 423 933 463 sunt
970 421 1124 463 infixi
1162 420 1262 475 illi,
1304 420 1389 475 qui

39 483 343 538 uoluuntur,
385 483 653 525 stellarum
693 495 869 523 cursus
921 480 1245 535 sempiterni,
1287 493 1389 522 nam

40 545 84 584 et
114 542 268 585 infixos
300 541 408 584 dixit
439 544 482 585 et
513 555 662 584 cursus
694 540 853 583 habere
884 554 971 582 non
1001 539 1152 581 tacuit.

155 635 197 678 N
200 650 282 678 unc
306 637 450 677 utrum
470 635 536 677 illi
556 637 720 690 septem
740 634 873 690 globi,
900 633 974 689 qui
993 633 1174 675 subiecti
1193 635 1294 675 sunt
1309 631 1461 675 XVIII

41 695 272 751 contrario,
296 697 345 736 ut
372 695 445 750 ait,
471 709 599 749 quam
620 694 786 736 caelum
813 693 996 734 uertitur
1020 694 1155 748 motu,
1179 692 1386 746 ferantur,
1428 722 1431 725 -

0 768 24 795 ιο
43 754 309 810 argumentis
337 754 389 795 ad
409 767 560 795 uerum
581 752 832 794 ducentibus
858 751 1139 806 requiramus.
1178 751 1312 793 solem
1340 765 1387 792 ac
1403 751 1430 792 2

39 814 187 854 lunam
214 815 258 854 et
283 813 431 854 stellas
458 812 657 866 quinque,
683 811 840 866 quibus
867 810 922 852 ab
956 825 1099 852 errore
1124 824 1283 852 nomen
1311 811 1388 863 est,

38 873 209 927 praeter
239 871 354 926 quod
392 885 535 912 secum
565 870 702 912 trahit
738 870 792 911 ab
825 871 924 912 ortu
960 868 1005 911 in
1043 883 1242 911 occasum
1279 868 1389 911 caeli

39 930 192 972 diurna
224 930 465 984 conuersio,
504 930 600 984 ipsa
637 943 713 971 suo
747 930 868 971 motu
899 929 945 970 in
977 929 1188 970 orientem
1231 927 1286 970 ab
1318 942 1389 969 oc-

38 989 203 1032 cidente
245 989 473 1044 procedere
524 1002 607 1030 non
658 988 761 1030 solis
805 988 1028 1030 literarum
1071 987 1267 1042 profanis
1313 986 1388 1030 sed

2 1049 184 1090 smultis
222 1062 392 1103 quoque
430 1047 627 1089 doctrina
663 1046 848 1089 initiatis
888 1046 1120 1088 abhorrere
1159 1061 1185 1088 a
1224 1045 1306 1087 fide
1338 1060 1388 1087 ac

37 1109 232 1149 monstro
271 1107 409 1149 simile
446 1106 679 1148 iudicatum
713 1109 796 1158 est,
834 1105 907 1148 sed
947 1105 1061 1161 apud
1098 1105 1289 1160 pressius
1326 1105 1389 1146 in-

37 1169 207 1208 tuentes
238 1166 302 1207 ita
327 1180 476 1208 uerum
503 1179 595 1207 esse
621 1165 851 1220 constabit,
881 1167 931 1207 ut
961 1179 1049 1207 non
1075 1165 1215 1207 solum
1241 1166 1386 1206 mente

39 1225 207 1281 concipi
239 1225 312 1266 sed
345 1225 479 1267 oculis
507 1238 674 1279 quoque
700 1224 806 1278 ipsis
838 1223 979 1279 possit
1003 1223 1194 1278 probari.
1239 1223 1427 1265 tament-3

0 1295 1 1307 ³
37 1286 86 1326 ut
109 1284 235 1326 nobis
261 1284 312 1326 de
336 1284 418 1326 1100
444 1283 503 1325 sit
528 1298 624 1325 cum
643 1283 926 1338 pertinaciter
949 1285 1136 1338 negante
1162 1285 1387 1337 tractatus,

40 1356 119 1398 age
152 1343 346 1399 quisquis
371 1342 453 1384 tibi
485 1342 566 1385 1100
591 1343 755 1397 liquere
781 1341 1040 1395 dissimulas,
1073 1341 1200 1383 simul
1227 1341 1387 1396 omnia,

37 1415 145 1456 quae
183 1402 253 1444 uel
290 1402 508 1444 contentio
551 1401 633 1443 tibi
676 1401 803 1455 fingit
845 1401 1093 1443 detractans
1130 1400 1278 1455 fidem,
1316 1400 1387 1442 uel

36 1475 146 1516 quae
176 1461 272 1516 ipsa
303 1459 463 1502 ueritas
492 1460 698 1516 suggerit,
728 1460 774 1502 in
806 1459 1029 1501 diuisionis
1062 1459 1256 1501 membra
1288 1459 1384 1501 mit-

15 1522 190 1562 tamus.
250 1520 331 1562 has
369 1519 572 1562 erraticas
605 1534 702 1561 cum
740 1519 971 1560 luminibus
1004 1517 1171 1560 duobus
1210 1520 1285 1560 aut
1322 1518 1428 1560 in-4

35 1578 143 1620 fixas
181 1578 299 1621 caelo
332 1581 380 1620 ut
417 1578 504 1620 alia
535 1578 672 1620 sidera
711 1578 878 1620 nullum
916 1578 982 1619 sui
1020 1579 1184 1619 motum
1222 1577 1385 1619 nostris

37 1638 169 1680 oculis
189 1637 389 1693 indicare,
415 1637 489 1680 sed
514 1637 618 1680 ferri
637 1637 880 1679 mundanae
900 1636 1197 1678 conuersionis
1221 1636 1386 1691 impetu

37 1699 113 1738 aut
143 1697 308 1739 moueri
341 1711 417 1739 sua
449 1710 618 1752 quoque
650 1696 895 1738 accessione
927 1695 1130 1751 dicemus,
1161 1709 1310 1738 rursus
1348 1695 1386 1738 si

36 1759 266 1798 mouentur
292 1758 367 1798 aut
398 1756 506 1798 caeli
536 1756 654 1797 uiam
681 1757 882 1798 secuntur
914 1755 968 1796 ab
995 1756 1093 1796 ortu
1117 1754 1163 1796 in
1187 1768 1384 1797 occasum

37 1816 80 1856 et
110 1815 328 1857 communi
365 1817 408 1856 et
446 1829 523 1857 suo
557 1816 678 1857 motu
709 1816 920 1868 meantes,
960 1816 1036 1855 aut
1073 1814 1291 1855 contrario
1322 1827 1386 1855 re-

36 1886 159 1915 cessu
179 1874 221 1915 in
242 1874 453 1916 orientem
473 1874 527 1915 ab
549 1873 781 1916 occidentis
801 1875 926 1928 parte
941 1875 1180 1914 uersantur.
1211 1875 1384 1928 praeter

36 1931 154 1986 haec,
186 1935 234 1974 ut
265 1933 427 1987 opinor,
457 1932 568 1974 nihil
599 1934 745 1988 potest
776 1932 844 1974 uel
877 1946 969 1974 esse
1001 1932 1071 1973 uel
1102 1931 1220 1987 fingi.
1270 1946 1384 1974 nunc

34 1990 277 2042 uideamus,
309 1991 411 2046 quid
443 2005 494 2033 ex
524 1991 594 2033 1113
632 1992 794 2046 poterit
823 2005 970 2033 uerum
1002 1990 1189 2045 probari.
1251 1991 1288 2033 si
1318 1991 1425 2033 in-5

36 2049 145 2092 fixae
177 2052 332 2104 essent,
363 2064 597 2105 numquam
629 2050 683 2092 ab
716 2050 862 2092 eadem
890 2050 1077 2092 statione
1103 2049 1383 2105 discederent,

37 2108 109 2152 sed
141 2109 185 2150 in
216 2109 352 2151 isdem
384 2109 490 2151 locis
529 2123 698 2164 semper
733 2111 782 2152 ut
820 2109 929 2151 aliae
966 2108 1226 2152 uiderentur.
1289 2124 1384 2152 ecee

36 2168 151 2210 enim
183 2167 234 2210 de
265 2168 409 2210 infixis
436 2167 653 2224 Vergiliae
684 2183 762 2210 nec
794 2183 820 2210 a
851 2167 917 2210 sui
947 2183 1153 2223 umquam
1179 2183 1224 2211 30
1257 2183 1384 2224 copu-

131 2322 175 2354 21
201 2319 273 2355 tibi
296 2319 475 2356 Zeunius:
500 2318 572 2356 sibi
596 2319 684 2356 libri
