1526 2444
585 63 671 100 XXI
697 66 837 99 15-24
1299 60 1386 103 575

41 173 250 217 secundae
297 188 432 229 aquae
475 173 606 214 finem
655 172 893 227 oriebatur,
935 170 1166 213 secundum
1214 170 1387 224 signum

38 236 238 276 notatum
269 236 345 275 est.
408 234 534 288 atque
564 233 630 274 ita
659 231 852 273 uicissim
878 244 982 272 uasa
1008 229 1215 271 mutando
1242 232 1286 270 et
1310 243 1385 283 per
1400 232 1459 274 20

41 293 231 348 singulas
269 291 490 334 influentis
530 305 664 346 aquae
702 292 848 346 partes
887 288 1083 345 singulos
1119 288 1203 330 sibi
1244 302 1387 330 ascen-

41 351 234 393 dentium
265 351 373 393 caeli
404 350 595 405 partium
627 350 789 391 limites
822 348 1086 402 adnotando,
1119 348 1192 389 ubi
1223 361 1387 390 cosum-

0 413 159 452 smata
195 410 282 451 iam
323 411 439 452 omni
476 424 552 464 per
583 408 807 451 duodecim
838 411 984 461 partes
1023 422 1134 463 aqua
1173 407 1226 449 ad
1258 406 1387 461 primi

39 468 155 524 signi
187 469 361 511 exordia
397 471 653 523 peruentum
686 471 770 522 est,
809 466 901 509 sine
934 466 1063 508 dubio
1100 466 1187 508 iam
1226 465 1386 507 diuisas

39 528 252 583 certisque
303 528 385 569 sibi
439 526 812 569 obseruationibus
857 528 900 567 et
938 525 1108 567 indiciis
1158 524 1386 567 adnotatas

37 587 260 628 duodecim
294 587 401 629 caeli
438 589 584 641 partes
616 588 764 627 tantae
803 586 1022 639 compotes
1054 583 1388 626 machinationis

37 645 291 687 habuerunt.
354 646 467 700 quod
497 659 585 686 non
616 647 742 686 nocte
772 659 857 685 una
889 643 963 685 sed
988 643 1153 685 duabus
1186 642 1384 684 effectum
1400 642 1454 683 21

0 706 123 759 oest,
161 705 263 759 quia
301 718 427 746 omne
465 704 627 746 caelum
664 718 749 744 una
779 705 905 744 nocte
942 716 1028 744 non
1060 702 1270 754 uoluitur,
1311 701 1385 743 sed

36 778 114 819 per
146 763 259 804 diem
291 763 477 804 uertitur
501 777 602 817 pars
629 762 719 803 eius
745 761 885 802 media
917 764 960 802 et
986 761 1194 802 medietas
1219 760 1386 814 reliqua

0 867 1 871 ,
36 837 113 877 per
156 825 340 863 noctem.
400 835 479 863 nec
517 825 664 862 tamen
709 821 873 862 caelum
917 834 1042 861 omne
1086 819 1264 861 duarum
1302 819 1387 860 sibi

0 881 1 891 ³
37 881 331 935 proximarum
356 881 548 922 noctium
575 879 726 920 diuisit
756 879 979 933 inspectio,
1011 878 1084 920 sed
1116 878 1386 920 diuersorum

37 942 280 994 temporum
307 943 518 981 nocturna
544 938 752 980 dimensio
773 942 1002 992 utrumque
1021 937 1384 992 hemisphaerium

36 998 212 1054 paribus
251 1013 387 1053 aquae
424 998 591 1039 uicibus
630 997 868 1039 adnotauit.
935 999 979 1037 et
1015 996 1094 1038 has
1133 996 1251 1051 ipsas
1283 996 1382 1038 duo·
1399 995 1457 1044 22

40 1057 176 1099 decim
231 1061 374 1112 partes
431 1058 557 1112 signa
607 1056 833 1156 appellarifi
868 1055 1132 1108 maluerunt,
1183 1056 1526 1110 certaquewm

37 1116 222 1171 singulis
261 1092 496 1158 uocabula²³
510 1116 652 1174 gratia
690 1115 804 1181 signi
808 1115 1019 1167 ficationis
1064 1089 1232 1156 adiecta
1274 1116 1385 1166 sunt,

37 1178 81 1217 et
129 1175 230 1230 quia
280 1175 405 1230 signa
455 1174 619 1216 Graeco
667 1173 841 1216 nomine
891 1171 1023 1231 {qoem
1071 1175 1385 1240 nuncupantur,

37 1234 196 1275 circum
239 1234 381 1288 ipsum
419 1234 639 1288 signorum
683 1232 920 1286 zodiacum,
964 1233 1088 1288 quasi
1132 1232 1383 1287 signiferum

35 1296 313 1334 uocauerunt.
386 1293 497 1334 hanc
547 1295 693 1334 autem
742 1292 953 1333 rationem
997 1291 1133 1333 eidem
1178 1291 1261 1346 illi,
1311 1290 1454 1350 0111·ξὸ

35 1351 243 1405 Arietem,
269 1366 366 1393 cum
392 1351 436 1392 in
463 1351 647 1406 sphaera
673 1350 779 1392 nihil
801 1350 986 1405 primum
1006 1350 1198 1405 nihilque
1217 1352 1385 1405 postre-
1401 1345 1442 1369 Τ

36 1425 154 1452 11111111
185 1411 260 1462 sit,
297 1411 483 1465 primum
522 1413 668 1451 tamen
707 1409 789 1451 dici
826 1409 1059 1451 maluerint
1092 1409 1385 1463 prodiderunt.

37 1470 158 1511 aiunt
201 1469 314 1511 enim
358 1469 591 1523 incipiente
630 1469 696 1510 die
733 1469 827 1522 illo,
869 1468 942 1523 qui
984 1468 1148 1523 primus
1193 1467 1383 1510 omnium
1454 1467 1475 1506 C

37 1528 159 1581 luxit,
190 1528 233 1570 id
261 1531 327 1570 est
353 1542 435 1582 quo
462 1528 508 1569 in
530 1528 646 1570 hunc
670 1527 886 1583 fulgorem
912 1529 1078 1569 caelum
1105 1530 1148 1568 et
1173 1527 1383 1569 elementa

36 1590 224 1643 purgata
256 1590 374 1639 sunt,
415 1589 487 1642 qui
518 1587 613 1628 ideo
648 1587 796 1628 mundi
835 1587 993 1628 natalis
1034 1587 1125 1628 iure
1156 1586 1383 1639 uocitatur,

36 1645 229 1688 Arietem
257 1646 303 1687 in
329 1646 468 1688 medio
496 1646 614 1688 caelo
640 1646 784 1699 fuisse,
809 1647 853 1686 et
879 1645 979 1700 quia
1005 1645 1191 1687 medium
1217 1645 1383 1686 caelum

37 1705 160 1759 quasi
191 1705 339 1746 mundi
377 1708 525 1747 uertex
566 1707 650 1757 est,
692 1704 887 1746 Arietem
929 1707 1159 1759 propterea
1196 1703 1382 1758 primum

35 1764 148 1805 inter
179 1777 328 1806 omnes
359 1763 572 1819 habitum,
603 1763 677 1818 qui
707 1766 757 1805 ut
789 1763 938 1805 mundi
971 1765 1100 1818 caput
1130 1762 1177 1804 in
1209 1762 1382 1804 exordio

35 1822 143 1864 lucis
187 1823 398 1877 apparuit.
459 1823 719 1865 subnectunt
762 1823 894 1864 etiam
931 1837 1123 1877 causam,
1161 1836 1235 1864 cur
1276 1820 1455 1863 1130024

36 1881 134 1936 ipsa
164 1881 387 1925 duodecim
413 1881 538 1937 signa
570 1881 796 1937 adsignata
828 1882 915 1923 sint
946 1881 1213 1924 diuersorum
1244 1881 1381 1922 numi·

33 1954 138 1982 num
187 1941 408 1995 potestati.
477 1940 599 1982 aiunt
648 1941 762 1982 enim
811 1939 858 1982 in
905 1939 987 1982 hac
1035 1941 1130 1996 ipsa
1180 1940 1382 1996 genitura

1492 1395 1525 1433 f,

132 2070 152 2101 3
172 2065 318 2112 singula
336 2067 374 2102 P
442 2071 464 2102 4
482 2069 588 2112 patu-1
607 2064 653 2102 P'
728 2067 980 2102 adnotandum
999 2067 1036 2102 Β
1110 2067 1326 2104 consumata
1343 2068 1380 2103 Β

35 2117 56 2150 5
82 2113 213 2158 primis
235 2114 272 2148 P
342 2118 363 2149 9
391 2126 454 2159 qui
478 2125 553 2150 non
577 2115 613 2149 Β
686 2114 802 2159 duab3
828 2116 871 2150 in
893 2126 966 2151 ras.
988 2116 1031 2149 in
1049 2115 1087 2150 P
1159 2120 1199 2150 11
1220 2115 1381 2150 uertitur

32 2160 122 2207 pars
133 2164 281 2207 praeter
299 2174 324 2206 p
343 2163 386 2197 in
403 2172 476 2197 ras.
496 2163 538 2197 in
557 2161 594 2196 P
665 2166 708 2196 14
734 2161 973 2210 ’‘emispherifi
993 2162 1030 2197 P
1101 2165 1145 2197 18
1165 2174 1231 2210 gre
1244 2173 1267 2198 *
1280 2172 1324 2198 co
1346 2163 1382 2197 P

32 2218 182 2245 nomine
201 2210 271 2253 gEo
290 2209 326 2244 Β
399 2210 507 2244 zodia
524 2208 595 2243 PB
670 2212 712 2244 19
732 2208 918 2254 gmferum
936 2209 982 2244 B'
1052 2212 1097 2244 20
1115 2213 1149 2245 et
1168 2214 1212 2245 29
1233 2221 1327 2255 quur
1347 2210 1384 2244 P

33 2258 79 2291 27
103 2259 198 2338 pp}
214 2255 260 2301 P,
283 2258 447 2305 ‘ppterea
467 2267 496 2301 p
567 2259 612 2291 29
638 2257 786 2302 aparuit
811 2257 845 2291 Β
925 2260 970 2292 30
995 2256 1178 2302 assignata
1204 2257 1240 2292 B
1316 2267 1380 2291 no-

30 2313 137 2338 mnu
