1526 2444
153 39 209 80 98
676 37 776 72 SAT.
802 36 930 72 LIBRI
953 37 971 71 I

154 145 305 200 ὁρᾶται
335 142 447 198 νέος,
476 143 546 184 uel
572 143 695 198 quod,
726 156 820 184 cum
845 143 986 184 omnia
1012 142 1203 184 ardentia
1227 157 1494 198 consumam·-

153 206 238 257 tur,
281 203 350 243 hic
395 215 469 243 suo
515 201 652 242 calore
696 201 876 243 candens
915 215 1080 255 semper
1115 215 1250 242 nouus
1293 204 1472 244 constat.
1506 243 1508 246 ,

153 261 255 302 item
275 260 495 301 Ἀπόλλων
526 260 747 312 Κιλλαῖος,
778 258 843 300 ὅτι
873 258 947 308 τὰς
977 260 1166 312 κινήσεις
1196 259 1317 308 λαιὰς
1346 265 1474 313 ποιεῖ,

82 321 139 362 49
155 332 320 372 semper
350 317 475 358 nobis
507 317 560 358 ab
587 319 729 358 austro
756 330 938 358 currens.
988 318 1236 372 Θυμβραῖος
1255 312 1474 359 Ἀπόλλων

155 375 177 418 ὁ
203 377 304 423 τοὺς
330 376 519 429 ὄμβρους
543 376 653 428 θείς,
685 374 795 428 quod
820 375 885 416 est
910 373 1011 416 deus
1035 374 1284 416 imbricitor.
1326 373 1473 416 Ἀπόλ-

153 437 243 475 λων
289 433 519 486 Φιλήσιος,
569 432 680 486 quod
722 432 866 473 lumen
914 431 1003 473 eius
1052 431 1242 473 exoriens
1293 432 1474 474 amabile

154 491 409 532 amicissima
439 490 713 531 ueneratione
745 489 1069 531 consalutamus.

83 551 141 592 50
265 548 485 590 Ἀπόλλων
506 547 678 596 Πύθιος
703 546 782 588 οὐκ
807 546 890 588 ἀπὸ
914 552 988 600 τῆς
1011 547 1214 601 πεύσεως,
1238 547 1282 588 id
1307 549 1372 588 est
1390 561 1474 589 non
1512 559 1513 565 ¹

154 621 179 648 a
199 606 508 648 consultatione
528 606 791 647 oraculorum
811 604 947 646 dictus
968 619 992 645 a
1009 604 1200 659 physicis
1219 604 1475 658 aestimatur,

154 665 225 706 sed
267 663 349 705 ἀπὸ
386 668 463 705 τοῦ
499 663 660 704 πύθειν
696 662 739 703 id
779 664 843 704 est
880 663 1054 716 σήπειν,
1097 662 1207 716 quod
1244 677 1472 717 numquam
1491 678 1506 703 1

83 723 137 765 51
155 722 245 764 sine
286 723 330 762 ui
373 722 525 763 caloris
566 720 757 762 efficitur.
823 719 923 761 hinc
961 734 1061 775 ergo
1100 720 1278 762 Πύθιον
1317 720 1475 762 dictum
1512 747 1515 750 -

155 780 398 834 aestimant,
430 779 529 820 licet
558 779 640 820 hoc
670 792 827 820 nomen
858 792 907 819 ex
937 792 1040 819 nece
1071 778 1264 820 draconis
1294 778 1475 819 inditum

154 837 231 879 deo
253 837 403 878 Graeci
427 837 684 891 fabulentur,
709 849 815 890 quae
834 837 979 876 tamen
1003 835 1150 877 fabula
1169 850 1256 877 non
1276 835 1476 878 abhorret

154 895 208 936 ab
257 895 476 936 intellectu
524 894 729 936 naturalis
779 894 943 948 arcani,
991 893 1102 948 quod
1147 894 1390 947 apparebit,
1439 893 1475 936 si

150 955 421 1006 percurratur
459 952 561 993 ordo
569 984 581 1005 ,
617 952 691 1006 qui
724 951 774 992 de
805 951 1004 1004 Apolline
1034 955 1234 993 nascente
1265 953 1473 1003 narratur,

155 1011 264 1052 sicut
305 1011 433 1064 paulo
477 1009 667 1064 superius
711 1011 1004 1051 enarraturum
1046 1023 1112 1050 me
1156 1023 1246 1051 esse
1289 1009 1474 1063 promisi.

80 1070 138 1112 52
152 1067 339 1110 Latonae
370 1067 614 1122 Apollinem
645 1067 908 1121 Dianamque
945 1066 1158 1120 pariturae
1188 1066 1293 1108 Iuno
1326 1067 1477 1108 dicitur

153 1126 384 1180 obstitisse,
416 1125 488 1167 sed
519 1125 593 1166 ubi
624 1124 873 1179 quandoque
904 1127 1052 1178 partus
1086 1124 1239 1166 effusus
1271 1127 1352 1179 est,
1384 1125 1475 1166 dra-

152 1197 300 1225 conem
324 1184 477 1236 ferunt,
509 1183 582 1237 qui
607 1182 778 1224 Πύθων
807 1181 1084 1236 uocitabatur‚
1114 1182 1320 1223 inuasisse
1346 1196 1475 1224 cunas
1510 1222 1511 1227 ,

151 1241 337 1296 deorum,
351 1241 677 1296 Apollinemque
696 1241 740 1282 in
762 1240 901 1295 prima
919 1240 1098 1281 infantia
1117 1240 1285 1294 sagittis
1305 1240 1474 1281 beluam

80 1301 136 1343 53
153 1299 396 1341 confecisse.
469 1299 580 1353 quod
627 1299 688 1340 ita
735 1298 1064 1352 intellegendum
1109 1298 1319 1339 naturalis
1361 1298 1472 1339 ratio

152 1357 424 1399 demonstrat.
487 1370 669 1410 namque
705 1358 804 1410 post
841 1355 969 1397 chaos
1005 1355 1079 1396 ubi
1115 1355 1298 1409 primum
1337 1356 1475 1410 coepit

150 1415 328 1457 confusa
370 1414 616 1456 deformitas
659 1414 703 1455 in
738 1428 877 1455 rerum
914 1413 1071 1455 formas
1109 1416 1152 1455 et
1187 1414 1231 1455 in
1268 1414 1474 1455 elementa
1510 1436 1513 1462 χ

150 1474 399 1526 enitescere,
436 1475 632 1526 terraque
670 1471 805 1513 adhuc
836 1471 979 1513 umida
1011 1471 1250 1512 substantia
1279 1471 1325 1512 in
1354 1471 1474 1512 molli

150 1533 278 1586 atque
315 1530 505 1572 instabili
545 1530 641 1571 sede
678 1531 868 1583 nutaret,
911 1530 1229 1570 conualescente
1265 1529 1472 1583 paulatim

150 1589 337 1630 aetherio
381 1588 521 1629 calore
562 1589 687 1642 atque
723 1587 821 1630 inde
858 1586 1086 1628 seminibus
1124 1587 1170 1627 in
1206 1601 1299 1628 eam
1335 1587 1471 1642 igneis

148 1646 430 1688 defluentibus
455 1645 559 1687 haec
584 1645 722 1686 sidera
747 1645 860 1686 edita
885 1658 976 1686 esse
1002 1644 1239 1698 creduntur,
1271 1647 1313 1685 et
1339 1645 1472 1686 solem

150 1705 322 1759 quidem
352 1704 536 1745 maxima
567 1705 610 1743 ui
641 1703 794 1744 caloris
826 1702 871 1742 in
902 1716 1086 1756 superna
1116 1704 1297 1756 raptum,
1327 1702 1471 1743 lunam

148 1776 248 1803 uero
278 1761 485 1803 umidiore
517 1763 559 1801 et
589 1761 707 1802 uelut
737 1759 919 1801 femineo
953 1774 1053 1802 sexu
1077 1760 1263 1801 naturali
1289 1760 1471 1814 quodam

147 1834 339 1874 pressam
365 1822 522 1873 tepore,
546 1818 747 1860 inferiora
771 1818 969 1873 tenuisse,
993 1821 1211 1872 tamquam
1235 1818 1309 1859 ille
1332 1817 1469 1872 magis

241 2007 261 2037 3
287 2003 508 2037 ΑΠΟΛΛωΕ
532 2002 568 2036 Ρ
647 2001 857 2036 ΚΔΛΛΔΙΟ(
883 1998 941 2044 P'‚
968 2001 1188 2036 (ΚΙΛΛΔΙΟΕ
1208 2002 1244 2035 Β
1315 2003 1335 2035 ὅ
1354 2001 1471 2035 ΤΟΨ(

149 2050 185 2083 P
254 2049 450 2094 OMQBPOC
475 2048 517 2090 P,
542 2048 772 2093 OM!BPOY0
799 2048 834 2081 Β
913 2051 932 2082 7
958 2046 1183 2082 amaclsslma
1206 2046 1252 2080 B'
1334 2046 1471 2082 consul-

146 2095 269 2130 tamus
287 2095 324 2129 B
393 2098 412 2129 8
436 2095 604 2129 ΠΥΤΙΟΕ
622 2094 658 2128 Β
723 2094 913 2129 ΠΕΙΕΕΟΟΕ
932 2094 968 2128 Β
1040 2097 1059 2127 9
1080 2093 1270 2128 oculorum
1289 2094 1325 2127 B
1388 2093 1470 2137 ph1-

146 2141 274 2176 flcisP
320 2145 362 2176 10
382 2140 541 2176 ΟΥΘΕΙΝ
554 2137 600 2175 B'
651 2140 805 2175 (ΕΠΕΙΝ
821 2140 856 2174 Β
907 2143 948 2174 13
963 2139 1133 2174 horretB
1183 2142 1226 2173 14
1238 2139 1408 2184 aparebit
1419 2135 1468 2174 P'

149 2191 191 2223 15
218 2187 306 2223 ordo
331 2188 371 2222 in
395 2198 466 2222 ras.
492 2188 533 2222 in
555 2187 589 2220 P
661 2190 702 2221 19
727 2186 887 2221 ΠΥΘΟΝ
914 2187 951 2220 Β
1015 2190 1058 2220 22
1080 2186 1178 2230 cepit
1197 2185 1232 2219 P
1299 2188 1344 2219 24
1363 2184 1470 2220 mter-

147 2245 229 2269 cere
253 2234 290 2269 P
345 2234 495 2268 humida
520 2233 556 2267 P
610 2243 648 2267 1n
674 2243 738 2268 om.
760 2233 841 2267 BP
900 2236 944 2267 29
964 2232 1169 2267 humidiore
1192 2232 1228 2265 P
