1526 2444
28 0 66 55 Ψ
570 35 712 72 xvnn
738 40 854 73 7—16
1310 37 1388 78 111

43 144 277 188 luminibus
309 147 511 188 ornatum
547 144 785 188 custodisse
815 144 994 187 Iunonis
1030 144 1210 200 imperio
1242 145 1394 188 Inachi

45 204 191 259 filiam,
209 204 300 246 eius
325 204 430 247 deae
454 204 674 260 paelicem,
693 219 944 247 conuersam
967 205 1012 246 in
1037 203 1163 247 bouis
1189 204 1392 247 forma-m:

5 289 7 295 ι
45 263 118 306 sed
144 263 222 306 sub
247 262 374 306 huius
399 264 516 306 modi
540 263 688 306 fabula
713 263 858 319 Argus
886 265 952 306 est
977 263 1142 306 caelum
1168 264 1391 306 stellarum

42 322 137 365 luce
167 322 429 378 distinctum,
464 323 618 378 quibus
650 323 791 365 inesse
824 323 1034 379 quaedam
1067 323 1228 378 species
1260 324 1391 365 caele-

6 396 7 440 }
44 381 173 424 stium
221 381 393 424 uidetur
445 382 677 425 oculorum.
757 382 952 424 caelum
1003 384 1147 424 autem
1197 381 1389 439 Argum
1408 388 1462 429 13

6 447 7 450 ’
42 441 187 483 uocari
217 441 380 495 placuit
406 456 431 483 a
456 441 639 484 candore
671 443 714 483 et
743 441 987 497 uelocitate,
1012 441 1130 494 παρὰ
1154 440 1204 484 τὸ
1230 441 1391 484 λευκὸν

6 527 7 550 ;
41 497 114 542 καὶ
144 499 264 555 ταχύ.
314 502 357 542 et
388 500 559 543 uidetur
589 503 751 543 terram
778 501 960 556 desuper
986 501 1229 556 obseruare,
1262 516 1390 557 quam

41 557 246 615 Aegyptii
276 558 610 615 hieroglyphicis
643 559 801 602 litteris
834 575 930 602 cum
956 560 1199 616 significare
1224 561 1390 614 uolunt,

39 620 208 673 ponunt
226 618 351 661 bouis
376 619 572 675 figuram.
622 619 660 661 is
686 633 789 676 ergo
816 619 1004 661 ambitus
1031 619 1138 661 caeli
1163 619 1390 662 stellarum

6 673 7 682 ¹
39 675 272 719 luminibus
298 681 476 720 ornatus
504 681 607 720 tunc
633 679 888 721 aestimatur
913 680 1086 720 enectus
1114 693 1140 719 a
1165 677 1388 733 Mercurio,

5 788 7 793 Δ
41 748 137 778 cum
186 736 252 778 sol
302 737 455 780 diurno
505 740 697 793 tempore
747 736 1014 780 obscurando
1067 736 1209 779 sidera
1252 738 1388 780 ueluti

5 811 7 829 J
40 797 190 837 enecat
231 796 276 838 ui
317 796 491 839 luminis
535 796 602 838 sui
645 798 919 852 conspectum
963 810 1110 838 eorum
1155 796 1387 839 auferendo

6 861 8 903 ξ
40 854 309 897 mortalibus.
364 856 565 911 pleraque
604 855 734 898 etiam
772 855 1006 898 simulacra
1042 854 1247 898 Mercurii
1285 871 1386 912 qua—
1405 862 1459 905 14

6 913 7 953 f
39 911 162 955 drato
190 916 304 956 statu
329 914 572 971 figurantur
598 915 689 957 solo
716 915 856 971 capite
882 914 1095 970 insignita
1121 917 1163 957 et
1188 915 1387 958 uirilibus

40 973 203 1028 erectis,
234 987 343 1028 quae
374 973 512 1029 figura
543 974 762 1030 significat
793 975 927 1016 solem
957 973 1108 1016 mundi
1139 988 1231 1016 esse
1258 978 1386 1030 caput

38 1032 82 1072 et
104 1045 246 1074 rerum
272 1034 471 1087 satorem,
501 1047 755 1088 omnemque
781 1033 871 1075 uim
898 1033 989 1076 eius
1016 1048 1102 1076 non
1127 1033 1172 1076 in
1198 1034 1386 1089 quodam

37 1089 272 1133 diuisorum
310 1092 551 1135 ministerio
588 1092 900 1148 membrorum,
937 1092 1012 1135 sed
1043 1093 1089 1134 in
1120 1093 1212 1135 sola
1243 1095 1386 1136 mente

6 1156 8 1182 ῖ
37 1149 289 1205 consistere,
326 1151 444 1193 cuius
476 1151 597 1194 sedes
628 1152 672 1194 in
704 1152 842 1207 capite
875 1154 951 1195 est.
1013 1153 1217 1207 quattuor
1247 1153 1384 1195 latera
1404 1157 1456 1199 15

6 1208 8 1218 ²
39 1207 187 1250 eadem
212 1209 377 1251 ratione
401 1210 636 1266 finguntur,
656 1225 739 1266 qua
759 1213 802 1253 et
826 1210 1149 1254 tetrachordum
1167 1211 1382 1255 Mercurio

7 1320 9 1323 v
38 1266 224 1309 creditur
261 1267 535 1311 adtributum.
601 1269 759 1325 quippe
798 1270 1014 1325 significat
1056 1270 1128 1314 hic
1166 1285 1385 1327 numerus,

37 1325 107 1367 uel
132 1325 312 1368 totidem
335 1327 489 1383 plagas
513 1329 661 1370 mundi
679 1329 749 1370 uel
768 1331 974 1384 quattuor
994 1329 1107 1372 uices
1126 1332 1384 1386 temporum,

8 1439 9 1443 Ἰ
37 1383 193 1439 quibus
225 1399 362 1428 annus
393 1386 637 1442 includitur,
668 1388 738 1429 uel
765 1387 879 1442 quod
904 1388 1071 1430 duobus
1097 1389 1384 1444 aequinoctiis

8 1446 9 1494 j
37 1441 288 1499 duobusque
320 1445 518 1488 solstitiis
550 1446 713 1489 zodiaci
741 1447 854 1489 ratio
881 1447 1087 1489 distincta
1113 1451 1189 1503 est,
1214 1451 1264 1490 ut
1288 1449 1384 1504 lyra

7 1516 9 1561 g
37 1500 254 1557 Apollinis
276 1503 533 1547 chordarum
559 1507 725 1561 septem
744 1507 811 1548 tot
830 1506 1081 1548 caelestium
1101 1507 1382 1561 sphaerarum

36 1563 179 1603 motus
215 1565 410 1616 praestat
447 1564 660 1620 intellegi,
697 1564 853 1619 quibus
892 1566 1026 1609 solem
1063 1566 1382 1609 moderatorem

8 1614 189 1662 'natura
225 1622 459 1664 constituit.
525 1623 571 1664 in
607 1622 821 1666 Mercurio
860 1624 996 1667 solem
1034 1625 1117 1667 coli
1155 1626 1286 1668 etiam
1331 1641 1380 1669 ex
1398 1627 1451 1669 16

33 1678 217 1722 caduceo
262 1680 412 1736 claret,
462 1681 575 1737 quod
619 1682 831 1738 Aegyptii
873 1683 920 1725 in
964 1684 1103 1740 specie
1146 1684 1381 1728 draconum

33 1738 163 1781 maris
195 1740 238 1780 et
267 1739 451 1782 feminae
483 1741 808 1784 coniunctorum
838 1742 1137 1797 figurauerunt
1167 1743 1379 1788 Mercurio

33 1797 376 1842 consecrandum.
425 1799 471 1842 hi
497 1800 703 1843 dracones
730 1804 853 1856 parte
883 1802 1024 1845 media
1053 1803 1286 1846 uoluminis
1314 1805 1380 1846 sui

31 1854 78 1898 in
118 1856 256 1899 uicem
298 1858 434 1914 nodo,
477 1873 603 1915 quem
646 1862 805 1903 uocant
846 1860 1068 1917 Herculis,
1118 1862 1379 1919 obligantur,

122 2023 143 2055 2
168 2020 327 2066 pehcem
353 2021 436 2057 BP
508 2023 724 2059 conuersum
743 2022 790 2059 B'
866 2029 887 2060 3
913 2026 994 2060 ems
1007 2026 1111 2062 moch
1130 2027 1168 2061 B
1240 2030 1260 2061 7
1290 2027 1378 2062 ΚΑΥ

9 2087 64 2125 ’.Β
146 2092 243 2127 ΤΑΧΙ
269 2093 307 2127 Β
390 2097 412 2128 8
438 2094 570 2141 egrptij
599 2095 636 2129 P
723 2095 985 2142 h1erogl1;f1c1s
1006 2097 1053 2142 P,
1078 2074 1383 2143 hierockiyphlcis

25 2135 64 2172 B
134 2149 218 2174 cum
242 2149 265 2175 *
289 2139 435 2185 fignare
461 2144 560 2185 (cum
584 2143 627 2178 in
651 2144 740 2188 ras.)
770 2143 806 2178 P
895 2147 916 2179 9
942 2145 986 2180 nt
1009 2145 1052 2180 in
1076 2145 1211 2181 uolunt
1235 2147 1278 2181 in
1301 2157 1374 2181 ras.

24 2183 68 2220 in
85 2184 123 2220 P
179 2197 250 2231 ego
268 2186 320 2222 P'
384 2191 428 2224 10
445 2188 638 2224 estimatus
646 2187 693 2224 B'
758 2194 802 2226 12
817 2191 997 2238 meolrum
1010 2192 1057 2227 B'
1123 2195 1166 2228 18
1179 2193 1308 2229 httera
1328 2193 1375 2228 B'

29 2234 72 2267 19
97 2243 171 2276 qua
195 2233 249 2280 et]
277 2246 348 2283 que
373 2235 411 2270 P
480 2240 524 2271 22
551 2236 661 2272 annis
681 2234 729 2272 B'
803 2241 848 2273 23
869 2237 940 2274 lira
959 2239 996 2274 P
1063 2243 1110 2275 24
1129 2240 1319 2286 sperarum
1342 2241 1378 2274 P

27 2280 72 2314 26
97 2279 317 2317 consistituit
340 2285 382 2319 ut
406 2283 484 2320 uid.
510 2281 558 2318 P'
646 2288 690 2320 27
717 2287 850 2331 egipti]
882 2286 918 2321 P
995 2291 1040 2323 30
1064 2288 1176 2323 modo
1201 2286 1249 2323 B'
