1526 2444
152 40 235 82 112
670 41 770 77 SAT.
794 40 921 77 LIBRI
944 42 961 76 I

1469 12 1473 14 ’
1500 0 1526 124 l

1512 126 1526 146 *fl

147 147 391 202 primaeque
427 149 571 200 partes
607 161 752 189 eorum
787 148 964 189 reflexae
1000 148 1045 189 in
1081 148 1282 191 circulum
1313 149 1468 203 pressis
1514 145 1526 200 ‘3³3

149 205 305 247 osculis
332 205 540 246 ambitum
565 205 708 247 circuli
726 206 920 261 iungunt,
939 208 982 247 et
1005 209 1105 261 post
1128 206 1286 248 nodum
1311 206 1471 248 caudae
1513 200 1526 247 ’ἶ

148 264 401 304 reuocantur
443 262 496 303 ad
538 263 735 317 capulum
772 263 941 306 caducei
979 266 1263 318 ornanturque
1300 264 1379 305 alis
1421 278 1470 306 ex
1518 272 1526 321 j

1515 249 1526 272 ‘i'

82 322 134 363 17
150 321 293 362 eadem
325 320 465 373 capuli
494 323 615 374 parte
645 321 927 363 nascentibus.
976 324 1274 392 argumentum
1300 321 1470 363 caducei
1521 360 1526 382 a

150 379 200 420 ad
221 378 459 432 genituram
479 392 644 432 quoque
663 379 894 433 hominum,
913 393 1020 434 quae
1038 378 1206 433 γένεσις
1220 379 1523 434 appellatum&

150 436 351 491 Aegyptii
386 435 664 490 protendunt,
700 437 800 478 deos
831 438 1056 492 praestites
1087 438 1250 479 homini
1279 437 1471 479 nascenti

151 496 351 548 quattuor
387 493 534 535 adesse
572 497 855 536 memorantes
891 497 1093 549 Δαίμονα
1132 496 1277 549 Τύχην
1299 491 1471 550 ’Ἑρωτα
1522 499 1526 532 i

145 550 381 605 Ἀνάγκην,
424 554 467 593 et
507 551 610 594 duos
646 552 808 605 priores
846 553 978 594 solem
1015 568 1063 595 ac
1099 554 1242 594 lunam
1279 553 1471 608 intellegi
1524 567 1526 569 ¹

150 610 316 664 uolunt,
348 609 458 664 quod
496 610 577 664 sol,
614 612 760 652 auctor
795 610 973 664 spiritus
1010 611 1162 653 caloris
1200 625 1248 652 ac
1288 610 1471 664 luminis,
1516 610 1526 643 »ἶ

150 668 360 709 humanae
390 667 505 709 uitae
535 668 703 722 genitor
734 670 776 709 et
802 670 942 710 custos
969 671 1046 720 est,
1073 671 1115 710 et
1139 669 1232 710 ideo
1257 668 1471 710 nascentis
1490 690 1526 722 1OE

152 727 338 780 δαίμων,
368 725 410 766 id
442 728 506 767 est
535 726 655 780 deus,
686 726 880 780 creditur,
910 727 1011 768 luna
1040 727 1167 781 τύχη,
1199 725 1298 781 quia
1328 740 1472 780 corpo·
1513 735 1523 783 Γᾗ

155 798 250 825 rum
280 783 450 838 praesul
481 786 555 834 est,
587 797 692 838 quae
722 784 995 826 fortuitorum
1020 787 1226 827 uarietate
1251 785 1474 838 iactantur,

86 842 138 884 18
158 855 277 883 amor
308 842 452 883 osculo
485 841 760 896 significatur,
791 843 1021 884 necessitas
1045 842 1169 884 nodo.
1218 856 1291 884 cur
1314 856 1473 896 pennae
1515 840 1526 898 33³

153 899 388 941 adiciantur
413 899 499 940 iam
525 900 718 952 superius
745 900 985 941 absolutum
1010 902 1086 942 est.
1135 900 1187 942 ad
1209 900 1334 941 huius
1359 900 1472 941 modi
1514 910 1526 957 >g

1519 901 1526 924 1

153 959 404 1012 argumenta
435 957 663 1014 draconum
697 957 921 1012 praecipue
959 959 1156 1000 uolumen
1193 958 1370 999 electum
1408 960 1472 999 est
1490 955 1526 1051 1}

152 1017 326 1069 propter
357 1015 438 1056 iter
467 1015 685 1080 utriusque
717 1016 865 1057 sideris
897 1015 1142 1058 flexuosum.

82 1073 164 1115 XX
268 1072 380 1114 Hinc
428 1075 537 1126 est,
561 1073 673 1127 quod
723 1074 959 1115 simulacris
1008 1076 1051 1115 et
1091 1071 1387 1128 Aesculapii
1433 1075 1474 1115 et

155 1130 348 1173 Salutis
381 1130 505 1173 draco
538 1130 818 1186 subiungitur,
849 1131 961 1186 quod
990 1131 1037 1173 hi
1067 1132 1119 1172 ad
1152 1132 1253 1173 solis
1277 1133 1474 1172 naturam

153 1190 360 1242 lunaeque
391 1189 644 1230 referuntur.
706 1191 748 1230 et
779 1191 844 1230 est
875 1188 1149 1243 Aesculapius
1180 1189 1247 1230 uis
1279 1189 1474 1243 salubris,
1511 1221 1518 1246 5

154 1247 204 1288 de
241 1247 479 1289 substantia
522 1246 623 1288 solis
666 1247 918 1288 subueniens
956 1247 1108 1288 animis
1145 1247 1517 1301 corporibusque

153 1305 410 1346 mortalium.
475 1303 597 1346 Salus
635 1307 777 1346 autem
812 1307 967 1346 natura
1004 1305 1164 1346 lunaris
1202 1305 1371 1346 effectus
1409 1307 1475 1346 est
1515 1306 1521 1329 ²³

155 1377 237 1416 quo
276 1376 454 1416 corpora
491 1362 770 1404 animantium
811 1363 1013 1404 iuuantur
1051 1362 1270 1404 salutifero
1307 1363 1475 1404 firmata
1508 1379 1518 1388 ¹

115 1422 504 1475 2temperamento.
549 1420 644 1462 ideo
674 1434 774 1475 ergo
806 1420 1044 1462 simulacris
1076 1434 1220 1472 eorum
1245 1421 1475 1475 iunguntur
1513 1433 1520 1475 3

154 1479 316 1534 figurae
348 1478 589 1533 draconum,
620 1479 718 1532 quia
747 1481 978 1533 praestant,
1008 1481 1057 1520 ut
1086 1478 1274 1520 humana
1298 1492 1474 1532 corpora

154 1537 273 1579 uelut
291 1536 551 1577 infirmitatis
572 1537 679 1590 pelle
700 1536 892 1591 deposita
906 1537 957 1578 ad
976 1536 1201 1590 pristinum
1217 1535 1474 1577 reuirescant
1496 1534 1516 1572 :³

155 1595 365 1650 uigorem,
399 1597 449 1636 ut
484 1594 748 1636 reuirescunt
782 1595 983 1636 dracones
1013 1608 1090 1648 per
1120 1608 1252 1635 annos
1285 1593 1474 1648 singulos
1505 1614 1524 1619 ··*

154 1653 264 1707 pelle
297 1652 527 1694 senectutis
559 1654 695 1693 exuta.
755 1655 980 1706 propterea
1011 1654 1054 1693 et
1085 1652 1138 1693 ad
1167 1652 1307 1705 ipsum
1340 1652 1474 1692 solem
1508 1665 1518 1702 ζ

156 1710 314 1765 species
358 1710 550 1751 draconis
592 1709 794 1763 refertur,
835 1710 934 1764 quia
977 1710 1042 1751 sol
1085 1723 1249 1764 semper
1291 1710 1408 1751 uelut
1450 1724 1475 1751 a
1504 1716 1525 1761 13

156 1767 337 1822 quadam
362 1768 471 1808 imae
492 1767 772 1821 depressionis
799 1770 969 1810 senecta
994 1768 1038 1808 in
1064 1767 1331 1809 altitudinem
1356 1781 1474 1808 suam
1503 1766 1517 1802 J

117 1827 204 1867 3ut
233 1825 279 1866 in
309 1826 438 1867 robur
469 1826 697 1867 reuertitur
727 1825 973 1868 iuuentutis.
1033 1840 1124 1868 esse
1156 1827 1297 1867 autem
1332 1825 1473 1868 draco·
1497 1845 1514 1872 μ

155 1898 252 1925 nem
288 1884 399 1924 inter
434 1883 659 1937 praecipua
696 1884 797 1925 solis
835 1886 1086 1938 argumenta
1121 1884 1248 1924 etiam
1290 1883 1474 1924 nominis
1504 1932 1507 1933 ⁷

251 2012 269 2042 1
296 2009 486 2042 clnculum
510 2012 552 2044 ut
575 2009 650 2045 uid.
679 2006 728 2043 P'
791 2012 811 2043 2
831 2008 948 2044 ocuhs
964 2010 1001 2044 P
1053 2008 1202 2044 modum
1220 2005 1266 2042 B'
1328 2011 1348 2042 5
1368 2017 1476 2052 gene-

156 2054 203 2089 fir
223 2054 303 2090 BP
389 2059 409 2090 6
436 2056 565 2101 egiptlj
594 2055 631 2089 P
718 2059 737 2089 7
764 2056 909 2090 ΤΥΧΕΝ
935 2056 971 2090 Β
1061 2058 1082 2090 8
1107 2055 1179 2090 duo
1204 2054 1240 2089 P
1321 2058 1341 2088 9
1366 2064 1412 2088 vo
1437 2054 1478 2088 in

155 2100 241 2136 νοΙτ
266 2112 308 2136 m
331 2111 400 2136 ras,
428 2103 470 2136 in
494 2101 530 2135 P
597 2101 647 2136 rol
673 2111 737 2137 om.
763 2099 809 2136 Β
884 2105 924 2136 11
952 2102 1084 2137 demon
1108 2101 1186 2136 BP
1257 2101 1377 2135 ΤΥΛΗ
1403 2098 1495 2134 ΒΡἸ

158 2151 201 2182 13
226 2147 287 2182 ces
307 2149 348 2182 in
372 2147 579 2193 necessiltas
597 2148 638 2182 in
661 2159 733 2183 ras.
759 2149 800 2183 in
826 2148 863 2182 P
960 2159 1070 2194 pinne
1096 2148 1133 2182 P
1224 2150 1267 2181 15
1292 2146 1475 2181 uolumine
1497 2157 1499 2166 ¹

156 2194 292 2228 lectum
305 2195 342 2229 P
399 2198 441 2229 17
460 2199 542 2230 ante
554 2194 640 2228 hinc
653 2195 736 2230 add.
752 2193 1082 2229 beAeSCVLAPIO
1144 2196 1187 2228 22
1202 2193 1429 2228 ammantum
1441 2191 1476 2226 B
1490 2200 1503 2227 J

157 2244 201 2275 26
215 2241 334 2277 ultor&
351 2241 387 2275 P
432 2241 615 2276 nitescunt
627 2241 664 2275 P
708 2244 749 2275 31
765 2240 795 2275 a
807 2252 846 2276 in
858 2240 1019 2276 nominis
1027 2241 1074 2284 B,
1086 2239 1213 2276 deinde
1224 2237 1494 2274 finct10neBP1

1513 1088 1526 1148 3
