1526 2444
505 89 609 126 VIIII
634 91 749 126 '1-10
786 89 820 124 Χ
846 93 938 124 1-4
1306 87 1392 130 523

47 200 212 244 caelum
244 214 388 242 curam
404 199 701 266 ’regendorum
738 197 964 240 hominum
1004 211 1089 240 non
1135 196 1397 253 relinquunt.

46 259 127 301 hae
165 262 308 302 autem
346 258 512 301 animae
549 258 595 299 in
632 256 831 299 ultimam
872 257 1100 312 sphaeram
1136 256 1269 311 recipi
1306 257 1466 300 cre-10

49 318 220 373 duntur,
253 332 360 374 quae
393 316 589 371 ἀπλανής
619 318 839 370 uocatur,
849 330 927 358 nec
958 316 1120 358 frustra
1159 315 1241 358 hoc
1272 329 1392 357 usur-

46 379 196 432 patum
241 379 323 432 est,
367 376 403 418 si
447 376 620 431 quidem
662 375 760 416 inde
803 375 1020 430 profectae
1062 376 1173 416 sunt.
1241 373 1394 416 animis

12 446 30 473 6
50 436 162 478 enim
200 435 382 479 necdum
420 434 630 477 desiderio
673 434 865 489 corporis
896 434 1083 477 inretitis
1122 433 1262 476 sidera
1293 447 1394 487 pars

48 495 196 537 mundi
245 496 439 550 praestat
493 493 808 547 habitaculum,
856 495 900 536 et
947 492 1046 534 inde
1096 493 1300 535 labuntur
1349 491 1396 533 in

49 568 250 609 corpora:
281 553 378 596 ideo
409 553 477 595 his
509 553 585 595 illo
619 554 684 594 est
714 551 878 603 reditio,
911 552 984 607 qui
1016 553 1245 593 merentur.
1307 564 1395 592 rec-

47 612 214 654 tissime
240 626 342 668 ergo
364 612 526 654 dictum
546 613 623 666 est,
648 625 746 653 cum
765 611 811 652 in
829 609 1028 667 γαλαξίᾳ,
1054 625 1179 665 quem
1201 608 1396 662 ἀπλανής

49 671 256 723 continet,
299 685 440 713 sermo
484 671 567 712 iste
614 670 818 724 procedat
868 669 986 711 hinc
1029 668 1256 724 profecti
1301 668 1396 710 huc

0 740 31 769 ιο
49 732 393 773 reuertuntur.

168 809 236 853 Ad
274 811 495 866 sequentia
525 813 808 853 transeamus,
865 810 948 851 hic
980 823 1084 866 ego,
1121 810 1221 851 etsi
1260 808 1453 851 eramX

49 871 379 927 perterritus,
416 885 514 912 non
550 872 719 912 tamen
755 869 938 911 mortis
971 870 1108 911 metu
1140 883 1290 924 quam
1320 868 1395 909 in-

51 930 299 981 sidiarum
320 944 345 971 a
364 930 505 983 meis,
525 928 759 983 quaesiui
784 930 972 979 tamen,
999 928 1265 969 uiueretne
1285 927 1395 981 ipse

50 991 99 1030 et
122 988 311 1031 Paulus
336 990 484 1043 pater
511 990 560 1029 et
585 987 700 1041 alii,
726 1001 852 1041 quos
877 1001 970 1029 nos
997 987 1258 1029 extinctos
1286 1000 1395 1027 esse

0 1058 31 1086 15
51 1048 434 1090 arbitraremur.
494 1047 564 1088 uel
594 1045 786 1088 fortuitis
819 1050 861 1087 et
891 1045 1003 1087 inter
1027 1045 1196 1087 fabulas
1230 1046 1438 1087 elucent2

51 1106 216 1149 semina
246 1106 380 1148 infixa
410 1106 638 1156 uirtutum,
670 1119 778 1159 quae
809 1118 922 1146 nunc
953 1103 1100 1146 uideas
1132 1105 1253 1159 licet,
1292 1106 1342 1146 ut
1374 1118 1396 1145 e

49 1168 222 1220 pectore
249 1164 461 1220 Scipionis
487 1164 556 1206 uel
583 1163 838 1205 somniantis
866 1163 1095 1205 emineant.
1139 1163 1185 1204 in
1210 1178 1255 1205 re
1283 1163 1397 1204 enim

50 1239 138 1266 una
194 1223 467 1279 politicarum
523 1222 735 1264 uirtutum
784 1222 977 1264 omnium
1026 1222 1187 1277 pariter
1230 1224 1397 1264 exercet

51 1282 253 1325 officium.
297 1281 410 1336 quod
433 1295 523 1324 non
546 1281 707 1323 labitur
727 1281 868 1323 animo
893 1281 1114 1336 praedicta
1138 1283 1277 1323 morte
1302 1295 1396 1335 per·
1411 1282 1439 1323 3

0 1342 250 1396 mterritus,
278 1341 489 1383 fortitudo
523 1342 599 1382 est.
661 1341 774 1395 quod
806 1354 981 1382 suorum
1011 1342 1198 1382 terretur
1228 1339 1397 1381 insidiis

51 1374 274 1456 magisque
307 1400 493 1441 alienum
525 1399 710 1453 facinus,
752 1413 880 1454 quam
919 1413 1043 1440 suum
1079 1397 1291 1440 horrescit
1329 1412 1397 1439 ex-

51 1459 195 1510 itium,
239 1459 290 1501 de
328 1459 488 1514 pietate
527 1460 570 1500 et
606 1458 739 1499 nimio
777 1457 821 1499 in
861 1471 960 1499 suos
1006 1471 1150 1499 amore
1186 1456 1398 1512 procedit:

50 1517 155 1560 haec
188 1520 332 1560 autem
364 1517 546 1559 diximus
579 1516 632 1558 ad
663 1516 877 1559 iustitiam
907 1515 1076 1571 referri,
1114 1530 1221 1571 quae
1254 1517 1400 1558 seruat

50 1577 126 1618 uni
152 1577 315 1632 cuique,
347 1576 460 1631 quod
487 1590 611 1618 suum
643 1578 719 1617 est.
782 1575 895 1631 quod
921 1589 983 1630 ea,
1014 1589 1123 1630 quae
1150 1575 1400 1630 arbitratur,

0 1645 135 1677 aunon
173 1649 252 1690 pro
292 1635 522 1690 compertis
560 1634 694 1676 habet
732 1634 805 1676 sed
843 1636 986 1689 spreta
1025 1634 1246 1689 opinione,
1291 1648 1400 1689 quae

50 1694 192 1736 minus
219 1694 355 1737 cautis
381 1693 536 1735 animis
563 1707 641 1748 pro
677 1707 779 1734 uero
805 1693 1015 1746 inolescit,
1048 1693 1215 1747 quaerit
1239 1693 1399 1735 discere

53 1753 247 1808 certiora,
278 1751 521 1795 indubitata
551 1751 777 1807 prudentia
809 1754 885 1794 est.
936 1751 1049 1807 quod
1081 1766 1178 1793 cum
1209 1751 1443 1807 perfecta4

50 1811 236 1854 beatitas
282 1814 325 1854 et
362 1811 562 1854 caelestis
605 1810 818 1853 habitatio
862 1810 1078 1852 humanae
1121 1813 1318 1866 naturae,
1354 1811 1399 1853 in

2 1923 4 1926 .
51 1885 134 1925 qua
183 1885 228 1912 se
277 1872 461 1913 nouerat
504 1884 615 1924 esse,
657 1869 945 1924 promittitur,
1002 1869 1202 1912 audiendi
1252 1872 1399 1912 tamen

146 2001 164 2031 1
188 1997 314 2042 ceptlu
330 1997 454 2036 deletis
472 1997 516 2042 pt
534 1997 571 2032 Β
638 2000 658 2031 2
678 1997 748 2044 hec
767 1994 814 2032 P'
892 1997 997 2043 spera
1016 1997 1053 2032 B
1125 2000 1145 2032 3
1161 1996 1316 2043 aplanes
1326 1997 1399 2033 PB

51 2047 72 2078 ὅ
97 2044 248 2080 mrettis
269 2044 319 2079 P'
405 2044 502 2090 pars
511 2048 656 2089 macter
681 2056 706 2089 p
730 2045 773 2080 in
796 2055 868 2080 ras.
894 2045 937 2080 in
962 2045 998 2079 P
1102 2048 1123 2080 8
1149 2044 1300 2090 galaxia
1326 2045 1400 2080 PB

50 2090 205 2136 aplanes
212 2091 283 2127 PB
350 2095 393 2126 13
408 2102 439 2133 a
443 2102 510 2127 om
526 2086 565 2126 P
630 2094 673 2126 17
686 2090 724 2127 Γὸ
738 2101 762 2127 *
772 2091 912 2126 mantis
919 2091 957 2126 P
1023 2095 1066 2127 18
1081 2092 1335 2138 poll1t1carum
1349 2090 1398 2127 Β

51 2141 95 2174 19
113 2138 334 2183 perterritus
349 2140 512 2174 euanuit
518 2139 560 2174 in
572 2138 609 2173 B
681 2142 727 2174 20
741 2138 841 2182 quod
854 2139 886 2184 b,
906 2150 971 2184 qui
984 2140 1021 2174 Β
1093 2138 1238 2174 infidus
1246 2140 1400 2176 euanuit

49 2186 91 2221 in
115 2186 152 2221 Β
232 2189 275 2221 21
303 2186 460 2221 ahorum
489 2183 536 2220 P'
621 2196 732 2230 quam
761 2206 804 2211 —
829 2189 874 2221 22
900 2197 1016 2222 11111110
1041 2191 1273 2224 euanueaunt
1296 2187 1338 2222 in
1362 2187 1399 2221 Β

39 2235 96 2268 ’24
121 2244 185 2277 qui
210 2243 255 2268 ea
278 2231 326 2269 B'
401 2236 445 2268 25
472 2232 593 2279 coptu·
613 2234 651 2268 Β
723 2232 769 2268 s&
793 2233 841 2277 B,
869 2233 998 2269 deinde
1019 2233 1058 2279 sp
1062 2244 1151 2269 erna
1169 2231 1217 2269 B'
1293 2246 1398 2279 opp1-

49 2290 160 2362 {none
185 2281 223 2316 B
238 2326 276 2362 P
319 2283 364 2316 27
391 2292 455 2326 qui
480 2290 563 2315 cum
587 2278 634 2315 Β
735 2280 788 2316 est
807 2284 893 2325 post
916 2280 1083 2326 perfecta
1108 2282 1193 2317 add
1219 2281 1256 2316 Β
1353 2285 1397 2316 29

70 2337 212 2365 amen*
