1526 2444
644 30 749 68 XVII
774 35 866 68 3-9
1344 34 1428 76 321

84 140 286 183 damnum
322 139 518 196 pudoriS,
558 140 786 183 coniueant
821 143 969 183 tamen
1006 140 1196 197 fabulae,
1237 144 1279 184 et
1316 141 1432 185 intra

83 199 390 242 conscientiam
434 199 526 241 ueri
567 199 696 241 fidem
740 203 983 254 prementes
1020 201 1175 243 malint
1210 215 1288 256 pro
1326 216 1430 245 uero

83 258 308 314 celebrari,
346 258 460 313 quod
497 258 744 313 pectoribus
780 258 981 301 humanis
1014 259 1192 302 dulcedo
1224 261 1430 316 fingentis

6 310 8 364 ἰ
82 316 250 359 infudit.
299 317 522 359 uideamus
549 319 691 360 utrum
718 317 924 374 adtigerit
949 321 991 360 et
1016 318 1279 375 PINDARVM,
1305 334 1430 375 quem
1448 321 1470 363 7

6 379 8 411 ἰ
45 392 63 420 5
84 375 263 419 Flaccus
318 376 553 419 imitationi
601 377 866 419 inaccessum
916 378 1091 420 fatetur.
1171 381 1215 420 et
1265 380 1432 422 minuta

4 441 6 453 ²
85 435 253 490 quidem
292 437 420 490 atque
457 436 651 478 rorantia
689 450 798 491 quae
836 436 933 479 inde
972 437 1186 479 subtraxit
1221 438 1432 493 relinquo,

13 535 16 539 ,
83 508 217 536 unum
254 508 357 536 uero
395 494 539 536 locum
576 508 701 549 quem
738 495 970 551 temptauit
1007 510 1058 538 ex
1094 496 1264 552 integro
1295 511 1431 552 paene

5 538 9 611 {
83 553 382 605 transcribere,
413 553 513 595 uolo
540 554 854 596 communicare
879 554 1114 610 uobiscum,
1147 556 1247 610 quia
1273 556 1430 612 dignus

6 614 9 656 Ι
85 613 162 666 est,
194 614 241 653 ut
273 626 368 654 eum
400 612 583 654 uelimus
616 613 745 655 altius
777 613 944 656 int-ueri.
1005 629 1101 656 cum
1133 613 1309 656 Pindari
1342 616 1471 658 ear-8

4 688 66 725 io
85 684 196 726 men,
233 670 345 725 quod
380 670 431 712 de
462 672 617 713 natura
649 674 777 726 atque
808 671 1040 728 flagrantia
1072 674 1232 716 montis
1264 674 1431 716 Aetnae

4 729 6 740 ⁴
84 730 354 784 conpositum
387 731 470 784 est,
501 730 710 772 aemulari
741 730 889 784 uellet,
921 731 1011 773 eius
1043 731 1160 774 modi
1193 733 1431 776 sententias

4 835 5 838 Ἴ
84 790 127 830 et
169 788 302 830 uerba
338 789 512 831 molitus
551 791 633 843 est,
676 790 725 831 ut
761 788 948 832 Pindaro
993 804 1163 845 quoque
1201 792 1315 846 ipso,
1359 793 1432 848 qui

83 847 208 888 nimis
248 847 391 901 opima
428 849 471 889 et
505 847 658 903 pingui
694 848 895 890 facundia
932 848 1204 892 existimatus
1244 853 1326 906 est,
1367 851 1432 893 in-

84 905 292 948 solentior
329 905 410 948 hoc
442 906 612 961 quidem
643 907 689 948 in
721 907 815 949 loco
848 908 1137 963 tumidiorque
1170 910 1238 951 sit.
1301 912 1431 965 atque

5 982 64 1016 ,15
82 965 146 1006 uti
188 967 358 1007 uosmet
400 965 517 1020 ipsos
563 966 671 1021 eius,
721 966 833 1021 quod
878 967 990 1022 dico,
1035 968 1218 1011 arbitros
1260 968 1432 1021 faciam,

6 1018 8 1022 ’
82 1037 252 1066 carmen
284 1023 477 1079 Pindari,
516 1024 629 1079 quod
668 1026 734 1066 est
765 1040 892 1080 super
922 1029 1068 1069 monte
1100 1027 1260 1083 Aetna,
1297 1042 1431 1083 quan-

4 1080 7 1123 ἑ
81 1083 220 1125 tulum
252 1082 358 1124 mihi
390 1085 457 1125 est
486 1083 731 1139 memoriae,
763 1083 902 1127 dicam

6 470 8 484 ι

6 491 8 510 Ι

259 1171 335 1215 τᾶς
366 1163 621 1220 ἐρεύγονται
653 1163 734 1221 μὲν
766 1166 901 1209 ἀπλοί-
1443 1170 1469 1211 9

318 1239 396 1267 του
427 1226 565 1281 πυρὸς
596 1224 831 1279 ἁγνόταται

23 1299 65 1331 30
260 1282 307 1326 ἐκ
338 1290 490 1338 μυχῶν
519 1287 671 1338 παγαί·
703 1283 890 1339 ποταμοὶ

5 1337 7 1357 ³
261 1341 300 1384 δ’
339 1341 541 1397 ἁμέραισι
573 1340 653 1397 μὲν
684 1343 916 1399 προχέοντι
949 1344 1056 1400 ῥόον
1087 1353 1258 1389 καπνοῦ

261 1401 434 1443 αἴθων’.
496 1400 589 1444 ἀλλ’
629 1401 676 1444 ἐν
709 1403 916 1458 ὅρφναισι
947 1402 1107 1459 πέτρας

260 1462 472 1515 φοίνισσα
502 1460 797 1515 κυλινδομένα
829 1461 941 1516 φλὸξ
973 1462 1017 1513 ἐς
1047 1466 1201 1518 βαθεῖ-

321 1535 375 1562 αν
405 1518 530 1575 φέρει
560 1521 726 1562 πόντου
758 1521 901 1563 moena
934 1523 1018 1564 σὺν
1050 1523 1239 1581 πατάγῳ.

6 1593 66 1635 3⁵
261 1585 380 1620 κεῖνο
414 1576 454 1620 δ’
485 1577 739 1633 Ἁφαίστοιο
772 1582 992 1634 κρουνοὺς
1024 1579 1206 1635 ἑρπετὸν

6 1642 8 1648 “
261 1637 540 1687 δεινοτάτους
571 1637 762 1692 ἀναπέμ-

319 1710 405 1749 πει,
437 1695 561 1751 τέρας
592 1698 679 1752 μὴν
710 1698 963 1752 θαυμάσιον
995 1699 1197 1753 προσιδέ-

320 1759 443 1809 σθαι,
474 1760 627 1811 θαῦμα
659 1754 708 1798 δὲ
739 1756 811 1799 καὶ
842 1759 1028 1813 παρεόν-

317 1829 407 1856 των
439 1814 636 1858 ἀκοῦσαι.

178 1957 199 1988 5
224 1953 311 1989 Hor.
338 1964 449 1989 carm.
475 1954 545 1989 IIII
571 1959 603 1998 2,
632 1959 649 1988 1
728 1959 770 1991 18
797 1955 902 1992 Pind.
930 1957 1037 2002 Pyth.
1064 1957 1081 1991 Ι
1106 1960 1151 1993 40

180 2086 198 2116 1
226 2083 352 2129 dapnfi
377 2084 414 2119 P
483 2086 682 2121 combeant
706 2085 743 2120 P
817 2090 838 2121 2
863 2089 1074 2132 prementes
1100 2088 1290 2124 Ar‘noldus
1323 2088 1432 2124 Vesa—

85 2129 222 2166 liensis:
243 2129 445 2167 frementes
458 2132 496 2167 P
565 2136 586 2168 8
608 2143 840 2169 comunlcare
855 2134 892 2169 P
963 2138 1006 2170 10
1021 2134 1124 2182 &bne
1140 2135 1177 2169 P
1247 2140 1289 2171 16
1304 2138 1431 2171 monte

84 2180 125 2212 ut
159 2178 236 2213 uid.
274 2176 322 2213 P'
444 2179 551 2215 &bna
584 2181 621 2215 P
736 2184 781 2215 20
814 2182 976 2217 ΜΥΧΟΝ
1012 2183 1049 2216 Ρ
1169 2184 1366 2218 ΡΟΤΔΜΟΙ
1400 2184 1436 2218 P

8 2246 10 2252 ι
85 2227 128 2258 22
155 2225 426 2268 AleONAmeN
453 2227 490 2261 P
587 2228 766 2263 ΠΕΤΡΔ(
791 2239 858 2264 om.
887 2228 924 2263 P
1025 2232 1071 2264 24
1095 2230 1232 2276 πλάκα]
1261 2231 1372 2265 ΡΛΔΚ
1400 2230 1437 2264 Ρ

86 2273 131 2306 25
157 2272 406 2308 ΚΠΟΥΝΟΥ(
432 2274 468 2309 Ρ
537 2278 580 2310 26
607 2275 844 2311 ΔΝΠΕΜΠΕΙ
871 2276 908 2311 P
977 2280 1021 2312 29
1048 2277 1213 2312 ΔΚΟΙΕΛΙ
1245 2277 1280 2311 Ρ

155 2336 342 2365 ΜΑοῃοΒινε
1103 2338 1123 2369 2
1130 2339 1146 2369 1
