1526 2444
0 0 30 117 ἓ
646 72 716 109 1111
742 76 880 109 16-22
1358 73 1446 116 235

95 186 138 226 et
173 182 351 238 reliqua.
420 182 636 238 eleganter
673 183 816 224 autem
852 181 969 224 illius
1008 181 1178 237 quidem
1215 181 1445 224 materiam

95 241 240 297 elusit,
289 255 340 283 ex
381 241 509 283 huius
550 243 695 283 autem
739 254 842 283 uera
887 243 930 282 et
973 241 1219 284 uehementi
1262 241 1445 284 materia

93 300 304 356 expressit
346 300 625 344 iracundiam.
700 302 743 342 et
786 300 960 356 singula
1004 300 1177 355 quidem
1221 314 1442 343 enumera·
1461 302 1513 344 19

0 387 15 407 ις
93 359 252 414 nimus,
307 373 359 401 ex
414 359 569 415 quibus
620 358 734 414 apud
782 358 981 401 rhetoras
1030 358 1189 415 pathos
1240 359 1443 414 nascitur,

0 451 6 463 2
57 418 248 475 5quibus
292 418 556 460 ostendimus
600 433 726 460 usum
769 417 1003 460 Maronem.
1078 418 1151 460 sed
1193 433 1282 461 non
1322 433 1442 460 num-

0 472 9 527 ’ζ
72 492 220 534 ¹quam
252 476 472 534 Vergilius
510 477 555 519 in
594 492 680 519 una
711 491 756 519 re
788 477 842 519 ad
874 476 1116 533 augendum
1148 477 1307 532 pathos
1340 477 1439 520 duo-

89 536 170 579 bus
210 539 285 579 aut
316 536 510 592 pluribus
542 536 648 579 locis
681 535 920 578 coniunctis
952 536 1107 588 utitur,
1138 538 1187 578 ut
1218 537 1262 579 in
1293 537 1439 579 Turno
1455 538 1512 581 20

91 595 145 637 ab
177 597 319 638 aetate

373 654 574 696 miserere
606 653 799 709 parentis

37 732 70 757 ιο
371 713 590 768 longaeui,

89 787 113 814 a
144 773 239 815 loco

206 869 334 910 quem
364 868 476 896 nunc
506 856 719 896 maestum
751 853 893 909 patria
923 853 1065 896 Ardea
1097 854 1225 910 longe

206 913 379 968 diuidit,

7 1048 13 1054 „
89 999 132 1038 et
162 996 274 1038 circa
306 994 596 1038 Cassandram
628 1010 679 1037 ex
710 996 837 1038 modo
1454 999 1508 1042 21

35 1098 68 1125 15
370 1092 465 1120 ecce
496 1078 761 1121 trahebatur.

88 1175 139 1203 ex
169 1160 320 1203 habitu
352 1161 543 1216 corporis

370 1243 510 1298 passis
543 1243 756 1286 Priameia
787 1244 912 1300 uirgo

370 1302 579 1357 crinibus,

86 1376 137 1404 ex
166 1362 262 1404 loco

31 1464 66 1490 20
179 1458 231 1496 ‘a
261 1443 425 1498 templo
460 1476 468 1485 .
501 1477 510 1486 .
543 1475 554 1486 .
586 1444 814 1500 adytisque
846 1444 1079 1487 Mineruae.

86 1530 130 1569 et
161 1527 273 1569 eirca
302 1525 676 1582 Agamemnonem
709 1542 734 1569 a
766 1527 908 1582 patria
1451 1530 1508 1573 22

368 1609 461 1664 ipse
493 1609 770 1665 Mycenaeus,

86 1685 111 1712 a
140 1669 316 1711 fortuna

369 1741 625 1784 magnorum
658 1727 811 1771 ductor
841 1728 1075 1784 Achiuum,

7 1816 13 1862 ζ
30 1831 64 1858 2⁵
85 1825 109 1853 a
139 1810 455 1853 necessitudine

367 1892 581 1949 coniugis,

86 1967 110 1994 a
142 1952 237 1994 loco

179 2094 200 2125 9
227 2091 316 2127 Aen.
341 2090 409 2126 X11
437 2074 482 2126 43
606 2095 648 2127 15
674 2092 724 2128 ib.
751 2092 784 2127 11
811 2096 879 2128 403
1001 2098 1045 2130 22
1072 2093 1122 2130 ib.
1149 2094 1200 2129 Χ]
1226 2098 1294 2130 266

9 2230 23 2253 ’ς’
180 2225 200 2256 5
228 2222 463 2257 obtendimus
486 2222 530 2265 P,
557 2233 647 2258 corr.
675 2224 786 2270 uulgo
862 2227 904 2258 12
931 2224 1053 2269 patna
1079 2235 1145 2260 om.
1175 2223 1224 2259 P'
1302 2229 1347 2260 14
1372 2237 1431 2261 ca-

87 2267 256 2304 sandram
280 2269 318 2304 P
399 2273 443 2304 16
467 2269 600 2304 *abitu
623 2270 660 2305 P
748 2274 794 2307 20
821 2270 966 2316 aditisq.
993 2271 1030 2306 P
1121 2275 1165 2307 22
1191 2272 1381 2320 miceneul'
1401 2273 1438 2307 P

12 2327 26 2361 ξ
88 2318 132 2350 25
158 2326 181 2351 a
203 2315 470 2352 necessitudine
495 2317 667 2363 conmgxs
686 2328 751 2355 om.
780 2318 822 2364 P,
849 2319 935 2355 add.
963 2317 1280 2366 Cantabriqiensis

7 2368 27 2405 2⁸„-

8 2406 31 2444 r
