1526 2444
140 74 225 117 548
444 75 592 112 COMM.
617 75 670 110 IN
695 75 835 113 SOMN.
861 77 972 114 SCIP.
996 78 1122 114 LIBRI
1144 77 1162 112 I

140 181 253 235 quod
297 195 422 236 super
464 185 621 223 terram
657 182 840 224 uidetur.
883 186 926 225 et
962 185 1060 238 quia
1100 185 1152 226 ad
1189 185 1329 239 ipsum
1365 200 1463 228 uere

139 240 265 280 finem
309 253 395 280 non
432 242 574 292 potest
615 239 799 282 humana
842 242 952 282 acics
988 243 1226 298 peruenire,
1262 246 1463 310 quantum

141 297 317 350 quisque
359 297 504 338 oculos
548 297 878 340 circumferendo
923 301 1204 354 conspexerit,
1246 302 1464 355 proprium

64 354 225 396 -1881121
257 354 375 405 caeli,
408 354 520 409 quod
546 369 672 408 super
695 358 854 397 terram
879 359 956 410 est,
985 358 1213 399 terminum
1237 359 1350 400 facit.
1396 359 1466 401 hic

140 411 335 466 horizon,
401 427 526 466 quem
593 413 674 454 sibi
722 413 846 454 unius
902 415 1103 468 cuiusque
1155 416 1465 458 circumscribit

143 472 351 524 aspectus,
376 470 493 511 ultra
511 473 722 512 trecentos
743 473 786 512 et
810 471 1031 526 sexaginta
1056 473 1216 514 stadios
1235 474 1463 528 longitudi-

139 541 237 568 nem
266 528 382 569 intra
413 542 457 569 se
489 529 702 570 continere
732 543 818 569 non
848 529 1018 582 poterit.
1079 533 1248 572 centum
1279 533 1391 573 enim
1423 535 1465 573 et

141 585 360 639 octoginta
403 586 562 627 stadios
608 600 694 627 non
731 586 894 627 excedit
931 587 1040 628 acies
1078 591 1225 629 contra
1261 589 1464 632 uidentis:

51 657 85 694 ³,
141 642 214 684 sed
251 644 369 685 uisus
407 659 502 685 cum
538 643 590 684 ad
628 644 709 686 hoc
747 644 932 698 spatium
969 646 1150 699 uenerit,
1188 660 1358 688 accessu
1396 647 1464 688 de·

95 704 97 707 ⁴
140 701 283 742 ficiens
314 701 361 742 in
390 701 695 743 rotunditatem
726 702 977 744 recurrendo
1009 707 1222 758 curuatur,
1254 707 1379 759 atque
1404 705 1465 746 ita

140 759 208 813 fit,
245 761 294 800 ut
322 759 392 800 hic
421 773 623 800 numerus
656 774 706 801 ex
737 762 914 813 utraque
950 763 1071 814 parte
1108 762 1348 816 geminatus
1385 764 1467 803 tre-

141 818 361 858 centorum
406 817 629 871 sexaginta
674 817 908 858 stadiorum
953 819 1154 872 spatium,
1202 820 1312 873 quod
1354 820 1469 861 intra

140 873 406 915 horizontem
472 889 594 916 suum
661 875 920 928 continetur,
988 876 1145 918 efficiat
1211 891 1468 931 semperque,

143 934 350 986 quantum
392 946 442 973 ex
489 932 617 973 huius
663 933 788 985 spatii
827 936 947 986 parte
991 936 1163 987 postera
1204 935 1467 988 procedendo

143 989 372 1043 dimiseris,
408 992 578 1031 tantum
615 990 695 1031 tibi
726 989 776 1030 de
816 991 1027 1032 anteriore
1058 994 1261 1045 sumetur,
1301 995 1344 1034 et
1373 993 1467 1035 ideo

143 1047 320 1089 horizon
350 1061 515 1101 semper
541 1050 880 1102 quantacumque
911 1049 1100 1090 locorum
1129 1051 1468 1104 transgressione

78 1105 131 1146 19
147 1107 347 1147 mutatur.
383 1105 496 1146 hunc
515 1108 669 1160 autem,
689 1119 812 1160 quem
833 1105 1025 1160 diximus,
1046 1107 1233 1148 admittit
1251 1110 1468 1161 aspectum
1523 1137 1526 1161 -ἰ

147 1165 221 1204 aut
262 1163 305 1204 in
348 1164 472 1204 terris
517 1177 653 1217 aequa
695 1163 894 1217 planities
938 1166 1011 1205 aut
1051 1165 1195 1219 pelagi
1237 1166 1469 1219 tranquilla
1522 1178 1526 1219 ξ

142 1221 336 1275 libertas,
380 1235 463 1274 qua
498 1222 659 1262 nullam
697 1221 830 1262 oculis
872 1221 1003 1263 obicit
1039 1222 1254 1264 offensam.
1313 1237 1390 1265 nec
1426 1226 1469 1264 te

143 1281 333 1329 moueat,
375 1279 485 1332 quod
525 1293 651 1333 saepe
690 1278 734 1319 in
770 1278 1020 1334 longissimo
1057 1281 1244 1333 positum
1280 1283 1468 1323 montem
1510 1296 1523 1315 ⁶-

143 1336 349 1389 uidemus,
374 1338 448 1377 aut
473 1336 585 1390 quod
608 1337 704 1391 ipsa
728 1337 834 1378 caeli
860 1351 1040 1391 superna
1065 1338 1330 1394 suspicimus,
1353 1339 1468 1381 aliud

144 1396 210 1435 est
240 1394 371 1449 enim,
408 1408 502 1435 cum
535 1408 578 1435 se
609 1395 742 1436 oculis
782 1394 939 1450 ingerit
969 1395 1170 1449 altitudo,
1210 1396 1343 1450 aliud,
1374 1411 1469 1438 cum

142 1465 219 1506 per
253 1452 430 1506 planum
469 1466 514 1494 se
549 1453 734 1508 porrigit
769 1455 811 1494 et
842 1453 1030 1494 extendit
1065 1453 1262 1504 intuitus,
1303 1454 1349 1495 in
1386 1468 1468 1508 quo
1509 1496 1512 1497 γ

145 1510 235 1551 solo
254 1510 490 1551 horizontis
516 1511 650 1552 circus
677 1510 868 1552 efficitur.
916 1510 1020 1552 haec
1045 1510 1095 1552 de
1115 1511 1236 1553 circis
1263 1512 1468 1566 omnibus,
1504 1526 1507 1527 ⁷

145 1568 299 1622 quibus
332 1568 492 1609 caelum
524 1568 717 1623 cingitur,
748 1568 861 1610 dicta
892 1568 1118 1610 sufficiant.

78 1647 182 1689 XVI
268 1648 515 1690 Tractatum
565 1649 616 1690 ad
660 1650 878 1703 sequentia
919 1649 1223 1692 transferamus
1272 1665 1327 1692 ex
1376 1666 1468 1706 quo

145 1706 269 1748 mihi
301 1707 469 1748 omnia
508 1707 879 1761 contemplanti
915 1708 1179 1760 praeclara
1216 1711 1382 1750 cetera
1422 1711 1470 1750 et
1500 1724 1502 1726 ·

145 1765 404 1806 mirabilia
429 1765 744 1806 uidebantur.
795 1767 939 1806 erant
964 1768 1126 1807 autem
1153 1779 1237 1807 eae
1264 1767 1468 1821 stellae,

147 1836 269 1876 quas
319 1837 584 1877 numquam
628 1837 684 1864 ex
725 1822 819 1864 hoc
861 1823 972 1864 1000
1010 1823 1249 1877 uidimus,
1294 1826 1343 1865 et
1385 1839 1502 1866 eae

145 1880 530 1934 magnitudines
585 1881 818 1932 omnium,
869 1895 989 1935 quas
1044 1895 1152 1922 esse
1205 1896 1469 1948 numquam

147 1938 406 1991 suspicati
455 1953 640 1993 sumus,
682 1952 738 1979 ex
775 1938 955 1993 quibus
1001 1941 1110 1980 erat
1149 1952 1205 1980 ea
1245 1940 1469 1993 minima,

147 2009 270 2049 quae
301 1996 483 2037 ultima
514 2010 539 2036 a
564 1997 723 2048 caelo,
755 1996 929 2038 citima
959 1997 1110 2038 terris
1142 1997 1250 2038 luce
1275 1998 1470 2039 lucebat

147 2053 329 2093 aliena:
362 2053 627 2094 stellarum
659 2056 823 2095 autem
855 2054 995 2108 globi
1025 2057 1194 2095 terrae
1219 2055 1469 2110 magnitu-

106 2109 313 2152 2dine1n
355 2110 507 2152 facile
550 2112 839 2153 uincebant.
900 2112 1074 2154 dicendo
1118 2126 1175 2153 ex
1212 2127 1304 2166 quo
1347 2113 1509 2154 mihi

239 2228 262 2258 4
286 2224 373 2259 hmo
398 2236 521 2260 orizon
548 2225 584 2259 P
658 2228 679 2259 ὅ
704 2224 798 2260 unus
818 2225 957 2270 cuiusq3
983 2226 1019 2260 P
1095 2230 1113 2261 7
1140 2237 1178 2261 in
1202 2226 1238 2260 fe
1264 2226 1300 2260 P
1368 2230 1388 2261 8
1413 2237 1466 2260 nl·

148 2270 277 2305 dentes
294 2269 342 2305 P'
417 2274 459 2306 15
479 2271 665 2307 demirenr
679 2272 715 2307 P
785 2275 826 2307 18
846 2273 1019 2317 aupelagl
1038 2271 1086 2307 P‘
1157 2275 1201 2307 25
1220 2271 1404 2308 sufficiunt

1486 716 1520 741 10

1488 1002 1526 1030 15:
