1526 2444
170 81 255 123 650
465 79 613 117 COMM.
638 79 690 114 IN
714 80 855 117 SOMN.
882 80 994 117 SCIP.
1019 80 1148 116 LIBRI
1165 82 1200 116 II

168 189 308 229 motus
341 187 498 228 eminet
528 189 670 228 tamen
702 187 929 228 actualium
961 187 1107 242 uigore
1138 188 1365 242 uirtutum,
1396 189 1488 243 qui-

127 244 247 286 6bus
283 244 419 286 nihilo
457 243 595 285 minus
633 243 793 285 caelum
831 244 939 286 cedit
974 246 1017 286 in
1053 246 1295 299 praemium.
1357 246 1487 300 siquis

169 317 269 344 uero
300 302 431 343 insita
462 301 602 355 quiete
631 303 809 343 naturae
840 315 926 343 non
952 303 1007 344 sit
1039 306 1163 357 aptus
1188 303 1241 344 ad
1266 303 1488 359 agendum,

169 360 240 401 sed
274 361 409 400 solum
443 359 606 413 optima
630 359 912 401 conscientiae
936 360 1032 401 dote
1059 363 1221 402 erectus
1247 361 1298 402 ad
1324 375 1488 415 supera,
1524 390 1526 394 -

168 417 384 458 doctrinae
415 417 718 470 supellectilem
750 417 801 458 ad
834 417 1078 459 exercitium
1103 418 1271 459 diuinae
1297 418 1488 472 disputa-

167 475 297 517 tionis
325 475 546 529 expendat,
571 477 756 517 sectator
775 475 1031 528 caelestium,
1056 475 1202 517 deuius
1222 476 1487 530 caducorum,

167 533 204 574 is
248 546 412 587 quoque
457 533 509 574 ad
552 533 656 574 caeli
698 533 898 574 uerticem
941 533 1089 575 otiosis
1130 533 1356 575 uirtutibus
1395 534 1489 575 sub·
1522 545 1526 567 ε

128 591 151 631 7
168 590 357 632 uehetur.
429 604 552 644 saepe
600 593 743 632 tamen
793 590 952 645 euenit,
1000 593 1048 632 ut
1094 591 1205 632 idem
1254 593 1400 645 pectus
1447 595 1490 633 εὴ

169 648 322 702 agendi
347 650 389 690 et
413 648 658 702 disputandi
683 648 942 702 perfectione
968 649 1146 690 sublime
1173 649 1240 703 sit,
1265 651 1307 690 et
1325 650 1488 691 caelum
1516 687 1519 689 Α

126 707 344 760 8utroque
371 706 627 760 adipiscatur
652 706 848 748 exercitio
871 707 1091 748 uirtutum.
1141 706 1346 748 Romulus
1364 707 1487 749 nobis

168 764 214 804 in
254 765 392 818 primo
436 778 589 819 genere
630 767 831 818 ponatur,
873 764 990 805 cuius
1027 765 1118 805 uita
1154 765 1332 806 uirtutes
1369 779 1487 806 num-

169 836 296 876 quam
339 822 541 875 deseruit,
584 836 748 876 semper
789 822 990 876 exercuit,
1032 822 1076 863 in
1113 822 1295 863 secundo
1332 821 1488 876 Pytha-

168 893 313 934 goras,
351 881 423 933 qui
460 879 610 934 agendi
645 880 808 921 nescius
839 878 938 933 fuit,
976 879 1128 921 artifex
1159 880 1407 935 disserendi,
1445 883 1488 922 et

169 938 281 979 solas
325 937 538 978 doctrinae
581 939 623 978 et
665 937 946 979 conscientiae
989 937 1170 978 uirtutes
1207 940 1374 979 secutus
1412 941 1488 992 est,

169 994 225 1036 sit
253 995 298 1036 in
327 996 454 1036 tertio
486 1008 534 1036 ac
565 995 696 1035 mixto
728 1008 878 1048 genere
911 994 1023 1049 apud
1054 994 1236 1036 Graecos
1267 994 1486 1051 Lycurgus

168 1055 210 1094 et
236 1051 378 1106 Solon,
408 1053 520 1093 inter
544 1052 759 1094 Romanos
784 1051 938 1106 Numa,
969 1050 1152 1094 Catones
1179 1052 1316 1106 ambo,
1347 1053 1486 1095 multi-

168 1125 249 1164 que
292 1111 382 1162 alii,
425 1111 497 1164 qui
540 1113 582 1152 et
623 1110 940 1164 philosophiam
983 1109 1217 1152 hauserunt
1260 1111 1402 1165 altius,
1446 1114 1511 1153 et*

166 1169 478 1209 firmamentum
526 1168 587 1209 rei
635 1168 830 1222 publicae
877 1168 1197 1221 praestiterunt,
1247 1169 1327 1210 soli
1376 1169 1487 1210 enim

168 1226 403 1280 sapientiae
440 1226 528 1268 otio
567 1226 730 1267 deditos
767 1228 815 1267 ut
852 1226 1016 1267 abunde
1054 1225 1230 1267 Graecia
1267 1226 1383 1280 tulit,
1425 1227 1488 1268 ita

125 1283 303 1325 9Roma
356 1284 547 1325 nesciuit.
626 1283 826 1338 quoniam
879 1284 1011 1337 igitur
1058 1283 1283 1325 Africanus
1331 1286 1487 1336 noster,

167 1355 292 1396 quem
329 1342 453 1383 modo
491 1356 594 1383 auus
633 1344 878 1396 praeceptor
907 1341 1110 1395 instituit,
1147 1356 1197 1382 ex
1227 1342 1303 1383 illo
1334 1346 1508 1396 genere'

168 1401 248 1454 est,
292 1399 404 1454 quod
442 1401 483 1440 et
519 1399 569 1440 de
606 1399 798 1441 doctrina
832 1399 1004 1441 uiuendi
1041 1399 1233 1454 regulam
1270 1402 1489 1441 mutuatur

168 1461 210 1498 et
240 1459 397 1498 statum
422 1457 639 1512 publicum
663 1457 893 1499 uirtutibus
918 1457 1051 1511 fulcit,
1081 1458 1175 1499 ideo
1202 1457 1240 1498 ei
1264 1458 1486 1512 perfectio·
1506 1487 1507 1490 η

102 1516 155 1557 10
168 1515 234 1557 nis
271 1516 465 1570 geminae
498 1517 723 1570 praecepta
752 1515 1019 1556 mandantur.
1081 1515 1154 1556 sed
1184 1517 1232 1556 ut
1261 1516 1306 1556 in
1336 1516 1486 1557 castris

167 1574 306 1615 locato
339 1587 387 1615 ac
419 1573 589 1615 sudanti
616 1573 694 1614 sub
721 1573 850 1614 armis
874 1573 1059 1627 primum
1085 1573 1263 1614 uirtutes
1287 1573 1501 1627 politicae,

167 1634 452 1686 suggeruntur
473 1631 540 1672 his
565 1631 723 1672 uerbis:
751 1633 867 1672 sunt
893 1633 1058 1672 autem
1083 1633 1314 1685 optumae
1341 1631 1509 1673 curae'

167 1688 223 1730 de
255 1689 418 1731 salute
448 1689 664 1743 patriae,
696 1689 877 1743 quibus
910 1689 1135 1743 agitatus
1167 1691 1215 1730 et
1239 1690 1485 1731 exercita-

166 1749 246 1788 tus
285 1747 479 1789 animus
516 1747 742 1788 uelocius
780 1747 828 1788 in
866 1747 992 1788 hanc
1023 1746 1185 1788 sedem
1216 1749 1263 1788 et
1293 1747 1487 1788 domum

260 1910 280 1941 2
307 1907 432 1942 mholo
456 1906 578 1941 mmuf
598 1904 644 1942 Β’
780 1906 871 1941 mhi]
898 1904 1023 1942 homin
1053 1906 1146 1954 celsi,
1171 1907 1298 1942 deinde
1323 1907 1377 1951 (in
1399 1907 1501 1950 rae.)

167 1954 267 2000 cedit
290 1964 329 1987 in
354 1954 391 1987 P
458 1957 478 1988 3
504 1955 628 1996 quiete
653 1953 702 1989 P.
727 1955 865 1988 mrtute
888 1954 1029 1998 (deinde
1052 1965 1077 1988 u
1101 1956 1240 1988 mutata
1257 1954 1299 1988 in
1317 1965 1341 1997 q
1359 1956 1503 1988 cetera-1

165 2011 232 2045 que
256 2000 422 2034 elementa
445 2000 573 2044 deleta)
597 2000 633 2034 Β
721 2003 743 2034 4
768 2003 801 2035 et
826 2003 871 2034 24
895 1999 948 2035 set
971 1999 1007 2034 Β
1097 1996 1236 2036 ereciss
1261 2000 1298 2034 P
1376 2003 1396 2034 6
1415 2008 1502 2044 pro„

166 2045 297 2081 demus
316 2050 399 2081 ante
415 2045 634 2080 caducorum
653 2046 802 2081 deletum
821 2046 866 2081 de
884 2044 958 2081 hui’
985 2047 1026 2081 in
1045 2046 1082 2081 B
1166 2050 1185 2080 ’7
1206 2045 1263 2080 hir
1276 2046 1312 2080 P
1392 2049 1413 2080 9
1431 2044 1503 2080 l'u-

165 2092 277 2127 bhme
301 2092 526 2136 perfectmne
552 2093 588 2127 Β
667 2097 709 2126 12
734 2091 952 2137 phitogoras
971 2092 1017 2136 P,
1039 2091 1238 2136 pytagoras
1256 2092 1292 2126 Β
1369 2095 1411 2126 14
1433 2090 1499 2125 fe-

166 2104 325 2182 quutul'p
319 2139 357 2173 P
421 2142 462 2173 15
487 2139 597 2173 tertio
623 2138 786 2174 adm1xt0
811 2138 847 2173 B
919 2138 1081 2183 licurgus
1100 2103 1153 2173 Bg
1208 2141 1250 2173 16
1276 2136 1418 2173 catomr
1429 2133 1498 2172 P'·
1496 2146 1518 2155 ’

168 2189 209 2219 17
235 2187 348 2220 auxer
377 2185 414 2218 P
518 2188 559 2220 18
585 2195 660 2219 rel·
674 2197 709 2229 p.
736 2185 772 2219 P
869 2188 911 2219 19
936 2185 1106 2220 habunde
1135 2185 1170 2219 P
1274 2188 1317 2219 21
1344 2194 1412 2227 que
1436 2182 1485 2218 ad
1495 2167 1526 2235 3

164 2231 278 2266 modu
303 2235 343 2266 ut
367 2232 442 2267 uid.
468 2228 516 2266 P
623 2234 667 2266 23
693 2231 742 2277 ei]
771 2231 801 2266 85
825 2231 862 2266 Ρ
958 2235 1004 2266 24
1028 2242 1172 2278 gemme
1197 2228 1433 2275 perfectioml'
1452 2227 1526 2298 P

165 2280 210 2312 25
234 2288 393 2323 primum
417 2277 576 2313 uirtutes
594 2288 659 2313 om.
685 2278 722 2312 Β
793 2281 838 2313 26
864 2279 1000 2325 optime¹
1025 2277 1094 2312 PB
