1526 2444
125 51 209 93 196
630 49 729 86 SAT.
749 50 876 85 LIBRI
902 49 952 84 III

86 157 223 212 4ipse
250 157 520 199 suffunderet.
582 156 654 198 sed
679 156 790 198 forte
821 156 873 198 ad
903 157 1050 198 notam
1083 156 1238 198 saeculi
1269 156 1335 198 sui
1363 171 1450 199 non
1512 188 1515 189 γ

126 215 283 258 sufficit
314 214 581 268 Hortensius,
611 215 678 255 uir
709 214 898 268 alioquin
929 227 980 255 ex
1009 213 1202 268 professo
1234 214 1374 256 mollis
1406 217 1450 256 et
1516 247 1517 250 η

125 274 170 315 in
213 273 457 327 praecinctu
505 286 668 326 ponens
719 286 887 314 omnem
937 271 1142 314 decorem.
1213 271 1295 313 fuit
1337 272 1448 314 enim

124 331 287 373 uestitu
313 329 365 371 ad
392 329 645 371 munditiem
671 330 837 371 curioso
863 332 906 371 et
929 331 978 370 ut
1008 330 1114 371 bene
1145 330 1326 372 amictus
1356 330 1450 384 iret,

124 388 276 430 faciem
316 388 361 428 in
404 388 575 442 speculo
617 387 865 442 quaerebat,
903 387 977 429 ubi
1017 401 1060 429 se
1099 387 1267 429 intuens
1303 389 1450 442 togam
1486 406 1502 432 5

127 445 297 500 corpori
317 445 375 487 sic
396 445 649 499 adplicabat,
675 448 723 487 ut
748 458 876 500 rugas
900 459 987 486 non
1011 445 1119 486 forte
1145 445 1218 486 sed
1242 445 1452 487 industria

126 504 288 546 locatas
327 503 478 545 artifex
509 503 645 545 nodus
678 503 948 557 astringeret,
985 505 1028 543 et
1059 503 1175 544 sinus
1208 517 1257 544 ex
1287 517 1453 558 compo-

91 562 216 604 5sito
243 561 427 603 defluens
453 561 624 603 modum
650 561 795 602 lateris
821 561 1013 602 ambiret.
1061 561 1096 602 is
1122 561 1331 614 quondam
1357 575 1451 602 cum

128 618 341 661 incederet
378 619 620 661 elaboratus
659 618 712 660 ad
749 619 948 673 speciem,
988 618 1176 673 collegae
1207 619 1257 660 de
1287 619 1452 660 iniuriis

129 678 240 719 diem
271 677 395 731 dixit,
426 677 538 731 quod
571 676 653 719 sibi
681 676 725 717 in
757 676 964 731 angustiis
995 676 1145 718 obuius
1178 676 1339 718 offensu
1368 676 1451 718 for·
1472 695 1504 721 ιο

128 736 239 777 tuito
266 738 519 776 structuram
545 737 672 790 togae
704 735 981 788 destruxerat,
1012 736 1054 775 et
1086 734 1242 789 capital
1272 735 1453 788 putauit,

130 793 242 848 quod
272 794 317 833 in
346 793 522 834 humero
554 807 629 834 suo
661 793 801 834 locum
832 806 938 848 ruga
968 794 1186 834 mutasset.

86 852 112 893 6
247 850 364 905 Ergo
390 850 471 892 hoc
502 851 803 905 praetermisso
835 850 887 891 ad
918 850 1033 892 uiros
1064 851 1188 892 uenio
1219 850 1452 904 triumpha·

128 909 208 962 les,
240 922 344 962 quos
370 909 552 950 uictores
579 908 768 964 gentium
799 908 966 950 luxuria
995 907 1110 961 uicit,
1141 910 1183 949 et
1212 909 1260 949 ut
1289 911 1452 950 taceam

128 965 394 1020 Gurgitem
415 981 438 1007 a
459 965 661 1008 deuorato
686 966 945 1020 patrimonio
971 966 1329 1020 cognominatum,
1354 966 1453 1019 quia
1472 983 1504 1007 15

126 1024 367 1079 insignibus
408 1023 580 1066 uirtutis
622 1025 790 1066 secutae
830 1024 936 1065 uitia
974 1023 1126 1078 prioris
1163 1024 1455 1077 compensauit

128 1083 302 1136 aetatis,
345 1081 583 1124 Metellus
620 1081 739 1123 Pius
782 1082 825 1122 in
870 1096 997 1136 quam
1039 1082 1207 1123 foueam
1249 1082 1372 1123 luxus
1412 1083 1455 1123 et

129 1140 352 1194 superbiae
392 1154 662 1182 successuum
699 1139 1016 1181 continuatione
1047 1138 1268 1193 peruenit?
1329 1141 1371 1180 et
1399 1153 1454 1181 ne
1512 1171 1514 1174 >

128 1197 274 1239 multis
312 1211 468 1252 morer,
507 1198 601 1251 ipsa
639 1197 688 1238 de
726 1211 775 1238 eo
809 1196 1001 1239 Sallustii
1038 1197 1167 1238 uerba
1206 1197 1363 1238 subieci
1400 1210 1453 1238 ac

90 1257 113 1298 7
131 1255 367 1298 Metellus
393 1255 443 1296 in
469 1255 766 1297 ulteriorem
791 1254 1089 1310 Hispaniam
1122 1257 1240 1308 post
1271 1269 1452 1296 annum
1470 1273 1504 1299 20

128 1327 393 1368 regressus
424 1327 603 1368 magna
636 1312 820 1368 gloria,
860 1313 1280 1355 concurrentibus
1311 1312 1452 1354 undi-

129 1385 221 1426 que
252 1371 406 1412 uirile
438 1373 486 1412 et
515 1371 759 1412 muliebre
791 1384 950 1423 secus,
981 1385 1067 1426 per
1097 1371 1208 1412 uias
1240 1373 1288 1412 et
1317 1372 1454 1412 tecta

129 1429 348 1471 omnium
390 1429 663 1471 uisebatur.
736 1443 842 1470 eum
888 1430 1127 1484 quaestor
1157 1428 1203 1471 O.
1232 1427 1453 1470 Vrbinus

129 1487 320 1541 aliique
363 1487 570 1542 cognita
612 1487 879 1529 uoluntate
924 1501 1031 1530 cum
1073 1487 1130 1528 ad
1170 1500 1340 1528 cenam
1379 1486 1455 1528 in-

129 1546 438 1598 uitauerant,
463 1546 598 1586 ultra
616 1544 891 1587 Romanum
912 1559 966 1586 ac
986 1545 1274 1586 mortalium
1300 1544 1454 1585 etiam
1472 1563 1488 1588 2

129 1616 313 1644 morem
346 1603 591 1645 curabant
630 1603 888 1645 exornatis
922 1602 1128 1644 aedibus
1160 1616 1247 1656 per
1278 1602 1455 1643 aulaea

223 1720 268 1752 20
294 1717 423 1761 fragm.
448 1715 576 1752 histor.
602 1716 636 1751 11
660 1719 703 1751 29
729 1728 765 1761 p.
794 1719 858 1751 139
885 1716 940 1751 ed.
965 1714 1095 1750 Kritzii

224 1825 246 1856 4
271 1821 492 1856 mundiciem
516 1830 606 1856 corr.
632 1821 673 1856 in
697 1820 921 1856 mundielam
944 1821 986 1856 in
1010 1820 1047 1855 Β
1125 1824 1145 1855 5
1171 1819 1316 1865 speculo
1341 1830 1456 1864 pone-

130 1868 197 1903 bat
220 1867 256 1902 P
325 1872 345 1903 6
371 1867 421 1902 1⁸10
439 1876 706 1903 ********
731 1867 773 1911 P,
798 1866 845 1902 sit
867 1866 913 1902 B'
995 1871 1013 1902 7
1038 1866 1156 1902 nodos
1176 1877 1265 1902 corr.
1289 1867 1331 1901 in
1354 1865 1461 1901 nod1s

130 1915 171 1950 in
191 1914 227 1948 Β
333 1913 554 1958 &stringeret
578 1913 614 1948 P
710 1918 731 1949 8
755 1913 856 1948 ιιοᾶῑι
875 1924 904 1959 p
930 1913 1081 1958 (nodum
1105 1913 1218 1948 latius
1244 1912 1455 1955 Salmasius)

131 1964 152 1996 9
176 1960 346 1996 incedere
371 1961 407 1996 B
504 1964 546 1995 10
573 1960 631 1995 die
657 1970 713 1996 om
736 1958 784 1995 P'
881 1959 1015 1995 offenso
1040 1960 1076 1994 B
1176 1963 1218 1994 12
1243 1970 1283 1994 ιιι
1305 1970 1456 1995 numero

131 2006 193 2042 suo
212 2018 235 2042 *
259 2007 302 2049 P,
328 2019 366 2041 111
391 2017 515 2042 umero
540 2006 603 2042 suo
628 2007 675 2050 B,
700 2007 828 2042 deinde
851 2006 963 2051 logefi
988 2007 1062 2051 (sed
1086 2017 1105 2041 e
1125 2010 1243 2051 potest
1266 2007 1373 2042 etiam
1390 2017 1456 2051 pro

132 2064 151 2088 c
175 2053 312 2097 haberi)
337 2054 373 2088 B
446 2057 488 2089 16
513 2053 662 2100 sequute
688 2054 724 2088 P
798 2053 1027 2098 uitia'pnmi
1051 2051 1126 2088 oris
1139 2056 1180 2088 ut
1197 2053 1273 2089 uid.
1296 2050 1344 2087 P'
1414 2055 1456 2087 18

131 2121 328 2157 successum
353 2120 399 2158 B'
480 2127 522 2158 19
548 2122 685 2158 salurtn
709 2122 745 2157 P
822 2123 862 2158 at
887 2122 925 2157 P
993 2125 1037 2157 22
1063 2106 1394 2166 u1r1h&mu11ebr‹²‚³
1422 2123 1458 2158 B

133 2203 235 2238 secus
255 2214 344 2239 corr.
371 2204 412 2239 in
435 2203 519 2239 sexu
546 2207 583 2239 in
607 2203 643 2238 B
709 2207 754 2238 23
780 2203 888 2249 gaius
907 2204 980 2239 BP
1042 2207 1087 2239 24
1112 2208 1204 2252 cena
1228 2177 1405 2239 ιηωὴαῖΐὰ
1425 2204 1462 2238 P

133 2253 178 2285 25
203 2249 383 2285 mortalefi
409 2247 458 2285 P'
530 2254 575 2286 26
601 2250 708 2285 aulea
732 2251 768 2285 B
