1526 2444
652 71 669 106 1
694 73 834 107 38—48
1322 67 1408 109 359

345 195 505 237 magna
535 195 633 223 ossa
663 179 899 234 lacertique

122 254 329 310 adparent
357 251 534 295 homini.

342 345 565 388 Plaeidam
594 358 671 400 per
702 343 894 386 membra
927 343 1115 399 quietem
1421 341 1482 384 44

123 406 287 462 irrigat.

27 493 45 520 5
64 477 220 520 Furius
251 477 293 519 in
326 476 466 532 primo

345 547 579 601 mitemque
610 545 724 600 rigat
755 558 831 599 per
860 546 1036 601 pectora
1068 556 1276 586 somnum.

62 621 105 660 et
136 617 360 660 Lueretius
392 617 437 658 in
469 618 624 671 quarto

120 702 234 730 nunc
260 687 413 743 quibus
439 687 513 729 ille
538 686 676 728 modis
702 699 876 727 somnus
905 699 982 740 per
1005 684 1202 727 membra
1222 684 1410 739 quietem

120 747 294 802 inrigat.

8 845 43 871 ιο
345 827 614 882 Camposque
645 826 868 882 liquentes.
1422 826 1482 870 45

60 897 284 941 Lucretius
317 898 363 939 in
395 899 516 940 sexto
551 897 709 950 [simile
741 896 792 939 de
823 897 952 950 mari]

120 970 162 1011 et
192 968 400 1023 liquidam
432 968 589 1010 molem
622 982 883 1024 camposque
914 969 1130 1010 natantes.

343 1061 403 1103 Et
434 1062 627 1117 geminos
658 1062 742 1105 duo
773 1061 956 1104 fulmina
986 1061 1093 1103 belli
1419 1063 1479 1106 46

123 1131 356 1188 Scipiadas,

0 1202 43 1246 ‘15
62 1202 284 1245 Lucretius
316 1203 361 1245 in
390 1203 521 1246 tertio

30 1315 44 1326 ,
120 1271 337 1329 Scipiades
369 1273 471 1316 belli
502 1274 666 1317 fulmen
696 1273 978 1331 Carthaginis
1009 1274 1176 1317 horror.

342 1367 402 1409 Et
433 1383 505 1410 ora
1423 1370 1481 1413 47

118 1437 263 1480 tristia
294 1439 586 1492 temptantum
619 1452 747 1481 sensu
778 1439 998 1494 torquebit
1029 1453 1191 1481 amaro.

62 1507 286 1551 Lucretius
318 1509 364 1551 in
396 1508 582 1551 secundo

0 1576 43 1631 {20
344 1578 468 1621 foedo
500 1581 784 1634 pertorquent
814 1594 891 1622 ora
923 1594 1088 1634 sapore.

121 1671 264 1715 Morte
296 1673 414 1715 obita
445 1674 592 1728 quales
624 1673 742 1715 fama
773 1677 838 1716 est
870 1674 1052 1717 uolitare
1084 1674 1259 1729 figuras.
1423 1677 1482 1719 48

4 1776 5 1779 η
61 1741 283 1785 Lucretius
314 1744 358 1785 in
388 1743 529 1799 primo

122 1827 293 1856 cernere
323 1814 389 1856 uti
419 1813 643 1857 uideamur
674 1830 748 1858 eos
781 1815 1013 1871 audireque
1045 1830 1201 1871 eoram,

120 1875 260 1915 morte
292 1872 411 1915 obita
442 1888 622 1929 quorum
655 1874 785 1917 tellus
818 1875 1093 1931 amplectitur
1125 1889 1236 1918 ossa.

160 2027 178 2058 1
206 2027 262 2067 17,
289 2027 333 2059 15
357 2023 443 2060 Luc.
469 2023 641 2060 Muelleri
785 2030 805 2061 3
830 2025 922 2062 Aen.
948 2026 965 2061 Ι
990 2030 1057 2062 691
1198 2031 1220 2063 8
1245 2027 1313 2063 IIII
1339 2031 1409 2064 907

66 2071 110 2106 10
133 2069 225 2106 Aen.
251 2069 303 2106 V]
329 2073 398 2107 724
471 2076 513 2107 12
539 2071 590 2108 VI
614 2075 685 2108 405
759 2077 802 2109 13
828 2074 917 2111 Aen.
944 2073 996 2109 VI
1021 2077 1090 2110 843
1167 2078 1211 2111 15
1235 2075 1288 2111 III
1319 2078 1411 2112 1034

66 2118 109 2152 17
135 2116 268 2163 Georg.
295 2117 329 2153 Π
354 2122 422 2154 246
495 2123 541 2154 20
566 2119 602 2154 II
625 2124 693 2156 401
767 2124 810 2156 21
838 2122 928 2156 Aen.
954 2121 988 2156 X
1014 2125 1079 2157 641
1155 2125 1199 2157 23
1225 2122 1242 2157 Ι
1269 2126 1337 2176 134

115 2277 119 2283 -
160 2260 202 2293 11
230 2258 350 2296 simile
381 2260 427 2296 de
451 2262 547 2296 mari
570 2260 704 2297 deleuit
728 2262 866 2299 lanius
939 2266 982 2297 16
1011 2263 1238 2309 §cartaginis
1257 2265 1295 2301 P
1364 2269 1409 2300 20

66 2301 151 2350 fedo
176 2304 214 2340 P
279 2309 323 2341 21
348 2306 447 2343 fame
471 2305 521 2343 P'
562 2309 723 2343 ·22·-!·
750 2308 788 2344 P
855 2314 900 2346 23
926 2310 991 2347 eas
1013 2312 1052 2347 P
