1526 2444
623 57 676 94 VI
701 61 841 94 66—75
1134 71 1136 73 ·
1279 107 1285 113 ,
1321 56 1404 100 511

6 214 7 217 ¹
61 168 216 209 natura
241 165 444 209 dicuntur
467 165 683 220 inuentae,
714 165 815 208 licet
838 162 1055 208 Latinitas
1082 164 1252 208 easdem
1278 166 1406 209 modo

60 225 214 281 longas
240 224 367 267 modo
398 224 549 267 breues
576 224 892 279 pronuntiando
920 225 1106 280 quinque
1137 238 1215 280 pro
1243 226 1405 279 septem

8 300 10 302 ·
59 286 204 327 tenere
235 284 451 339 maluerit,
483 284 595 339 apud
626 298 734 339 quos
766 286 929 340 tamen,
961 284 997 325 si
1030 298 1158 326 sonos
1188 283 1404 326 uocalium

0 346 147 403 Wn
185 343 327 398 apices
357 342 667 397 numeraueris,
707 343 907 387 similiter
940 346 1104 398 septem
1136 345 1246 385 sunt.
1307 347 1405 399 post
1420 346 1474 387 71

0 405 41 442 ‘rs
61 417 197 445 annos
217 388 362 445 aufem
380 402 447 444 bis
463 404 627 457 septem
641 403 737 457 ipsa
751 403 907 444 aetatis
921 403 1176 445 necessitate
1195 403 1404 458 pubescit.

2 495 5 498 ⁴
58 463 162 503 tunc
194 461 306 504 enim
338 460 503 510 moueri
533 461 685 516 incipit
715 461 783 503 uis
816 461 1106 517 generationis
1131 462 1176 503 in
1201 463 1404 505 masculis

59 523 102 562 et
137 521 345 576 purgatio·
376 520 645 563 feminarum.
705 520 801 562 ideo
840 523 882 562 et
917 520 1249 575 thQffl
1281 523 1404 576 quasi

58 579 183 621 uirile
212 579 308 621 -iam
350 579 482 621 robur
521 579 780 622 absoluitur:
821 579 872 620 de
911 593 996 634 qua
1032 581 1178 622 tamen
1218 579 1403 623 feminae

57 636 234 693 propter
247 640 447 680 uotorum
468 638 790 680 festi-nationem
810 638 1022 680 maturius
1043 638 1217 681 biennio
1234 639 1402 695 legibus

5 697 306 740 noliberantur.
355 699 455 751 post
486 699 552 738 ter
583 700 781 752 septenos
815 711 951 739 annos
977 711 1123 754 genas
1142 698 1247 739 flore
1272 700 1404 741 uestit
1419 700 1474 742 72

56 755 252 807 iuuenta,
290 756 486 811 idemque
530 770 666 798 annus
703 756 833 798 finem
875 755 921 797 in
962 756 1148 811 longum>
1184 758 1403 799 crescendi

54 812 177 857 facit:
210 818 253 856 et
285 817 438 870 quarta
470 828 682 857 annorum
713 814 950 857 hebdomas
982 815 1163 870 impleta
1194 815 1240 857 in
1263 817 1401 859 latum

57 888 226 929 quoque
274 887 463 916 crescere
508 874 621 915 ultra
667 873 755 916 iam
796 873 1008 929 prohibet.
1082 875 1235 930 quinta
1275 889 1401 918 omne
1417 877 1472 918 73

55 932 231 984 uirium,
274 934 460 987 quantae
500 933 641 974 inesse
681 932 756 975 uni
794 933 945 989 cuique
981 936 1184 989 possunt,
1227 934 1403 990 conplet

1 988 36 1032 ‘n
55 994 351 1046 augmentum,
388 991 592 1046 nulloque
630 991 757 1034 modo
795 992 882 1034 iam
919 994 1066 1047 potest
1097 993 1323 1049 quisquam
1355 1008 1401 1036 se

14 1095 21 1100 ,
53 1050 207 1093 fortior
243 1050 348 1093 fieri.
419 1051 531 1092 inter
566 1051 735 1107 pugiles
774 1051 962 1107 denique*
992 1051 1099 1094 haec
1136 1052 1399 1096 consuetudo

54 1112 265 1164 seruatur,
302 1112 367 1164 ut,
399 1123 505 1164 quos
536 1109 623 1151 iam
656 1123 916 1153 coronauere
948 1110 1175 1167 uictoriae,
1213 1111 1323 1153 nihil
1354 1112 1400 1154 in

0 1176 5 1206 ²3
54 1182 116 1223 se⁴
143 1169 327 1223 amplius
365 1167 418 1219 in>
446 1168 713 1211 incremento
752 1169 908 1212 uirium
953 1173 1145 1225 sperent,
1184 1171 1257 1226 qui
1294 1185 1398 1214 uero

4 1226 6 1262 ἶ
53 1229 246 1281 expertes
283 1227 409 1269 huius
448 1227 612 1283 gloriae
647 1242 782 1282 usque
819 1228 894 1271 illo
932 1231 1203 1285 manserunt,
1242 1245 1267 1272 a
1302 1244 1400 1285 pro-

5 1284 236 1343 posessione
268 1286 501 1329 discedant.
564 1286 700 1330 sexies
738 1301 839 1330 uero
879 1289 1046 1343 septeni
1083 1289 1183 1331 anni
1222 1292 1398 1332 seruant
1413 1290 1470 1332 74

7 1386 8 1389 ,
51 1345 167 1388 uires‘
192 1347 292 1388 ante
317 1345 533 1400 collectas,
557 1359 636 1388 nec
662 1345 988 1390 diminutionem
1013 1347 1097 1389 nisi
1117 1361 1168 1389 ex
1189 1347 1398 1390 accidenti

8 1422 9 1445 1
51 1404 221 1446 euenire
257 1404 493 1459 patiuntur.
561 1405 635 1447 sed
673 1419 698 1446 a
735 1407 855 1447 sexta
892 1420 1028 1461 usque
1066 1406 1120 1448 ad
1167 1407 1397 1462 septimam

8 1465 17 1500 ἶ-
50 1463 338 1518 septimanam
361 1463 412 1506 fit
443 1463 614 1519 quidem
639 1463 868 1507 diminutio
901 1465 975 1507 sed
1007 1465 1188 1520 occulta,
1219 1469 1262 1507 et
1287 1464 1396 1521 quae

10 1529 23 1539 ”
51 1521 505 1565 detrimentum‘suum
531 1525 681 1578 aperta
711 1523 949 1566 defectione
974 1538 1060 1567 non
1087 1525 1252 1579 prodat.
1301 1525 1395 1573 ideo

50 1594 138 1623 non
168 1581 385 1624 nullarum
415 1588 557 1624 rerum
582 1582 854 1638 publicarum
886 1583 956 1625 hic
980 1598 1075 1626 mos
1108 1587 1184 1638 est,
1216 1586 1266 1626 ut
1295 1586 1396 1639 post

11 1642 217 1688 «sextam
250 1640 303 1683 ad
336 1640 538 1683 militiam
570 1656 696 1684 nemo
730 1637 927 1697 cogatur,
964 1642 1010 1684 in
1041 1642 1236 1697 pluribus
1255 1643 1397 1699 >datur

11 1699 246 1749 {remissio
278 1699 394 1742 iusta
426 1702 527 1755 post
558 1701 801 1755 septimam.
850 1700 1236 1753 notandum'uem,
1269 1703 1394 1758 quod,
1409 1703 1464 1746 75

13 1771 29 1800 ε·
50 1771 146 1800 eum
185 1772 386 1802 numerus
431 1761 595 1814 septem
640 1774 685 1802 se
726 1761 999 1815 multiplicat,
1042 1761 1148 1802 facit
1197 1763 1395 1816 aetatem,

14 1823 158 1871 {squae
195 1818 369 1872 proprie
406 1818 596 1872 perfecta
634 1821 677 1861 et
714 1819 897 1861 habetur
929 1823 972 1862 et
1003 1819 1176 1874 dicitur,
1209 1819 1315 1863 adeo
1347 1825 1396 1863 ut
1431 1872 1435 1876 ι

145 1971 163 2002 1
190 1968 280 2004 hcet
303 1968 485 2004 natiuitas
505 1968 648 2004 easdem
674 1969 711 2004 Β
783 1974 803 2005 3
829 1970 975 2005 maluef·
996 1971 1044 2015 (h.
1065 1982 1092 2007 e.
1112 1971 1337 2017 maluerunt)
1357 1972 1417 2007 Β·

18 2042 42 2063 g„
94 2015 214 2050 tamet
239 2017 294 2059 (in
318 2017 406 2060 ras.)
432 2026 522 2052 corr.
548 2017 591 2052 in
614 2016 763 2052 tametsi
780 2018 823 2052 in
840 2017 889 2062 B,
914 2018 1042 2054 deinde
1060 2017 1170 2054 sonus
1185 2019 1222 2055 P
1293 2022 1313 2055 7
1333 2020 1393 2054 tu-

18 2067 19 2084 l
46 2061 123 2096 tela
146 2063 295 2107 puenb;
321 2064 357 2098 Β
455 2066 499 2099 10
524 2063 612 2099 flore
637 2063 744 2109 genls
765 2064 803 2100 P
899 2068 942 2100 12
969 2065 1147 2102 ebdomas
1167 2066 1238 2102 PB
1336 2079 1394 2101 m·-

19 2107 151 2155 aleta
174 2110 211 2145 B
310 2113 354 2144 14
381 2110 544 2155 complet
568 2111 605 2146 P
698 2115 741 2146 15
768 2112 944 2148 aumentfi
970 2110 1019 2148 P'
1120 2117 1163 2149 18
1188 2114 1233 2149 de
1257 2113 1294 2149 se
1319 2114 1393 2149 PB

31 2158 92 2192 -20
117 2166 205 2192 uero
231 2157 332 2203 septe
357 2157 395 2192 P
470 2157 618 2194 seruans
638 2158 674 2193 B
745 2162 797 2194 ’21
826 2159 1118 2196 ἀι*ωιιιιι1;1οῃἓ
1144 2161 1182 2196 Ρ
1256 2165 1300 2196 22
1327 2172 1392 2206 pa-

21 2202 174 2250 „tantur
202 2203 246 2247 P,
272 2205 401 2241 deinde
427 2204 483 2240 S&
508 2205 545 2240 Β
665 2217 687 2241 a
713 2205 868 2252 septima
893 2204 940 2242 P'
1061 2212 1106 2243 23
1133 2208 1335 2244 demumtis
1354 2208 1391 2243 Β

46 2248 92 2293 86
117 2251 402 2297 relpubhearum
429 2253 467 2287 B
597 2256 642 2288 26
666 2254 888 2299 nemogatur
915 2252 964 2288 P'
1099 2258 1143 2290 27
1169 2255 1315 2291 remlslo
1342 2253 1390 2290 P'

21 2314 23 2334 s
93 2296 249 2342 septuna
274 2296 319 2334 B'
424 2302 469 2334 28
497 2299 737 2345 multiplicati
761 2300 844 2336 sunt
868 2301 960 2337 facit
984 2299 1032 2337 P'
