1526 2444
142 89 227 130 230
632 87 733 124 SAT.
757 88 885 124 LIBRI
906 67 978 124 1111
1487 0 1526 204 1

165 195 349 293 sslittora
392 208 486 236 cum
530 194 694 248 patriae
735 195 961 237 lacrimans
999 197 1230 251 portusque
1272 196 1463 252 relinquo
1514 205 1526 265 i

142 267 163 294 e

421 309 565 351 dulces
597 309 779 352 moriens
810 311 1097 353 reminiscitur
1126 310 1264 366 Argos

142 370 184 408 et
420 425 617 480 ignarum
649 425 839 467 Laurens
870 425 999 467 habet
1029 440 1103 468 ora
1133 426 1340 468 Mimanta
1497 276 1526 482 j

142 485 183 524 et
202 540 381 595 Lyrnesi
412 540 561 582 domus
593 541 682 582 alta
712 541 802 583 solo
834 541 1045 583 Laurente
1077 541 1359 595 sepulchrum.
1514 480 1526 601 Ξ

81 623 135 664 12
151 624 193 663 et
221 624 270 662 ut
299 620 666 676 Agamemnonem
696 622 868 677 indigne
900 622 1137 664 ostenderet
1168 622 1361 676 occisum,

143 679 380 734 adsumpsit
410 679 550 721 locum

420 761 558 815 prima
588 760 700 803 inter
729 761 877 802 limina
908 760 1056 803 dextra

201 818 391 874 oppetiit.

145 901 188 940 et
216 899 321 941 illud

200 980 421 1022 moenibus
452 981 497 1021 in
526 980 676 1036 patriis
708 983 833 1036 atque
863 981 976 1022 inter
1005 982 1099 1022 tuta
1129 980 1360 1022 domorum.

77 1066 129 1108 13
144 1076 263 1103 sacer
302 1075 404 1104 uero
443 1061 561 1103 locus
600 1061 825 1116 praecipue
866 1061 1020 1117 pathos
1060 1063 1215 1103 mouet.
1281 1059 1464 1102 occisum

141 1119 301 1218 {nducift
339 1118 529 1218 311111οα,
571 1123 613 1162 et
656 1120 1006 1162 miserabiliorem
1048 1119 1268 1160 interitum
1310 1118 1398 1159 eius
1442 1132 1467 1159 a

161 1191 236 1219 oco
286 1191 350 1219 acl

200 1259 312 1300 inter
337 1272 462 1300 »sacra
492 1257 617 1299 deum
646 1258 926 1313 nocturnique
956 1259 1077 1314 orgia
1106 1257 1274 1300 Bacchi.

144 1342 198 1381 et*
215 1339 262 1386 in
293 1339 510 1381 euersione
542 1338 696 1381 Troiae

421 1434 578 1475 perque
609 1419 756 1463 domos
788 1422 831 1462 et
859 1420 1060 1476 religiosa
1090 1419 1262 1462 deorum

202 1478 362 1519 limina.

76 1562 132 1604 14
144 1557 410 1601 Cassandrae
450 1574 616 1614 quoque
656 1561 826 1613 raptum
866 1559 934 1600 uel
971 1557 1301 1600 deminutionem
1340 1571 1466 1612 quam

142 1617 428 1659 miserabilem
459 1617 560 1659 fecit
590 1631 706 1659 sacer
736 1617 853 1659 locus

202 1713 296 1741 ecce
326 1698 577 1740 trahebatur
608 1713 632 1739 a
662 1698 822 1751 templo
858 1696 1077 1752 adytisque
1106 1695 1349 1738 Mineruae?

144 1781 186 1820 et
217 1779 320 1821 alibi
1111 1806 1114 1812 ,

423 1836 544 1879 diuae
576 1836 872 1890 armipotentis
905 1836 957 1877 ad
989 1850 1107 1877 aram

202 1894 437 1948 procubuit.

240 2017 258 2047 1
284 2013 375 2048 Aen.
399 2013 451 2048 III
478 2017 520 2048 10
611 2018 631 2048 3
656 2012 705 2048 ib.
731 2012 763 2046 X
790 2015 855 2047 782
946 2017 966 2047 5
991 2012 1039 2047 ib.
1066 2013 1099 2046 X
1125 2015 1190 2046 706
1282 2014 1300 2045 7
1325 2011 1374 2046 ib.
1400 2009 1468 2046 XII
1486 2015 1491 2034 ³

146 2061 213 2094 547
317 2063 360 2094 10
384 2059 434 2094 ib.
459 2059 509 2095 XI
534 2063 602 2095 267
701 2061 742 2092 13
768 2057 816 2094 ib.
842 2058 891 2093 XI
917 2061 983 2093 882
1035 2076 1039 2080 ·
1080 2062 1122 2092 17
1149 2057 1279 2102 Georg.
1305 2057 1374 2092 ῙΠῙ
1399 2059 1464 2092 521

148 2107 190 2139 19
217 2104 305 2140 Aen.
330 2105 366 2139 ῙῙ
390 2108 457 2141 365
531 2110 574 2141 23
599 2105 647 2140 ib.
674 2103 708 2138 Π
732 2107 800 2139 403
872 2107 915 2139 25
939 2103 989 2139 ib.
1014 2104 1048 2138 Π
1074 2107 1141 2138 425

241 2243 260 2274 1
285 2227 482 2284 portusque
501 2239 537 2274 P
604 2243 624 2274 ὅ
644 2240 735 2274 hora
753 2239 788 2274 P
857 2242 877 2272 6
903 2240 941 2274 et
959 2238 1042 2274 add.
1062 2237 1193 2273 lanius
1258 2240 1302 2272 13
1326 2213 1488 2310 1110111115ῚΞ

149 2285 186 2320 Ρ
257 2289 299 2321 17
324 2287 434 2322 bachi
458 2286 495 2321 P
562 2289 604 2321 21
633 2285 803 2332 casandre
828 2285 864 2320 P
932 2287 976 2319 23
1002 2283 1145 2328 ad1t1sq.
1170 2283 1207 2319 P
