1526 2444
108 45 164 85 84
637 43 739 78 SAT.
763 42 891 77 LIBRI
915 43 930 78 I

106 149 424 191 nundinandi
469 163 622 190 causa
663 149 714 190 in
755 148 927 191 urbem
970 149 1258 204 ueniebant,
1306 149 1428 192 lites
1482 174 1483 179 =

109 209 481 261 componerent.
540 206 741 248 nefasto
785 207 914 248 enim
954 207 1032 248 die
1068 207 1295 261 praetori
1331 207 1430 248 fari

41 267 94 309 31
110 279 209 309 non
250 265 451 306 licebat.
516 278 637 319 ergo,
680 265 752 319 qui
792 264 921 307 ferias
958 265 1102 307 dicunt
1145 280 1169 307 a
1212 265 1430 307 mendacio

112 323 382 365 uindicantur
411 323 648 376 patrocinio
678 323 922 376 uetustatis,
953 323 1023 377 qui
1055 325 1201 365 contra
1230 323 1431 378 sentiunt,

113 381 340 422 aestimata
371 380 534 434 aetatis,
567 395 672 434 quae
701 381 839 435 legem
870 384 1014 422 secuta
1045 383 1120 434 est,
1152 395 1253 422 uera
1283 381 1431 435 depro-

44 441 100 482 32
114 441 246 480 munt.
305 438 456 479 harum
494 438 700 492 originem
737 438 905 492 quidem
941 438 1154 480 Romulo
1191 438 1433 494 adsignant,

114 510 239 551 quem
270 495 643 538 communicato
674 509 833 550 regno
865 510 973 538 cum
1004 496 1051 536 T.
1077 496 1244 551 Tatio,
1277 497 1431 538 sacri-

111 554 252 595 ficiis
314 557 362 595 et
422 553 793 595 sodalitatibus
847 553 1124 607 institutis,
1183 554 1433 595 nundinas

114 625 310 666 quoque
349 611 598 653 adiecisse
634 614 984 665 commemorant,
1023 612 1132 653 sieut
1169 612 1433 654 TVDITANVS

45 670 323 713 33adfirmat.
384 669 456 711 Sed
502 668 689 711 CASSIVS
722 668 950 711 Seruium
987 669 1210 711 Tullium
1252 670 1468 712 fecisse1

114 728 367 769 nundinas
388 727 503 782 dicit,
519 730 573 768 ut
591 727 640 768 in
659 728 831 769 urbem
851 742 906 768 ex
926 727 1436 782 agris-conuenirent,

114 786 333 827 urbanas
376 785 697 839 rusticasque
739 799 818 826 res
863 785 1161 827 ordinaturi.
1228 785 1435 827 GEMINVS

117 844 177 884 ait
213 843 339 884 diem
376 843 712 884 nundinarum
743 843 936 885 exactis
966 843 1063 884 iam
1093 843 1300 898 regibus
1333 857 1438 885 coe-

116 902 251 955 pisse
277 900 548 954 celebrari,
573 901 690 954 quia
713 901 941 955 plerique
963 901 1019 943 de
1044 901 1190 956 plebe
1215 901 1437 954 repetita

118 958 286 1000 Seruii
311 958 473 999 Tullii
503 959 740 1000 memoria
764 962 1094 1012 parentarent
1117 959 1161 1000 ei
1186 958 1438 1001 nundinis.
1456 975 1488 1012 ι,

49 1018 106 1060 34
119 1017 186 1059 cui
215 1017 277 1058 rei
307 1017 436 1058 etiam
461 1016 625 1059 VARRO
658 1017 878 1059 consentit.
926 1016 1147 1059 Rv'r1n1vs
1174 1017 1322 1059 scribit
1345 1016 1436 1058 Ro·
1487 1065 1488 1068 Ἰ

117 1088 292 1116 manos
335 1074 630 1115 instituisse
672 1075 945 1128 nundinas,
992 1077 1046 1116 ut
1088 1077 1199 1116 octo
1244 1074 1440 1128 quidem

119 1133 296 1174 diebus
345 1133 397 1173 in
446 1132 583 1187 agris
626 1132 810 1174 rustici
853 1147 975 1186 opus
1018 1133 1264 1186 facerent,
1311 1146 1440 1174 nono

120 1191 284 1232 autem
317 1189 395 1231 die
425 1189 722 1232 intermisso
753 1205 868 1232 rure
900 1191 958 1231 ad
983 1193 1255 1232 mercatum
1279 1190 1442 1244 leges·
1480 1199 1489 1234 ἦ·

121 1262 213 1303 que
251 1247 573 1301 accipiendas
605 1247 811 1289 Romam
848 1248 1099 1302 uenirent,
1137 1250 1187 1289 et
1221 1250 1276 1289 ut
1315 1248 1443 1289 scita
1487 1258 1489 1262 ·

122 1309 271 1360 atque
315 1306 549 1347 consulta
585 1306 934 1359 frequentiore
971 1307 1158 1360 populo
1195 1306 1444 1347 referren-

121 1368 220 1418 tur,
257 1377 380 1417 quae
417 1363 722 1405 trinundino
761 1364 838 1405 die
868 1365 1138 1418 proposita
1169 1379 1194 1406 a
1226 1363 1444 1419 singulis

53 1423 109 1467 35
124 1424 275 1476 atque
306 1421 567 1462 uniuersis
598 1421 753 1464 facile
783 1422 1140 1464 noscebantur.
1181 1422 1290 1463 unde
1314 1421 1445 1462 etiam

123 1494 213 1521 mos
244 1482 425 1533 tractus,
462 1481 511 1520 ut
539 1479 658 1532 leges
690 1479 936 1521 trinundino
968 1479 1034 1521 die
1064 1481 1446 1534 promulgarentur.

123 1552 173 1579 ea
209 1552 253 1579 re
289 1537 418 1578 etiam
456 1536 692 1578 candidatis
728 1552 829 1578 usus
865 1537 964 1592 fuit,
1005 1538 1050 1578 in
1087 1538 1305 1579 comitium
1341 1551 1446 1578 nun·
1480 1550 1484 1554 ⁵

123 1596 236 1637 dinis
260 1595 406 1636 uenire
432 1597 475 1636 et
499 1595 543 1635 in
569 1595 679 1636 colle
705 1595 948 1649 consistere,
973 1595 1083 1636 unde
1108 1609 1250 1637 coram
1272 1596 1448 1651 possent

125 1654 178 1695 ab
228 1653 438 1694 uniuersis
486 1652 633 1694 uideri.
706 1652 778 1694 sed
820 1652 926 1694 haec
970 1652 1114 1694 omnia
1155 1653 1448 1707 neglegentius
1485 1677 1490 1702 3

124 1711 273 1752 haberi
304 1712 456 1764 coepta
487 1712 530 1751 et
559 1712 659 1763 post
690 1711 861 1765 abolita,
891 1712 1120 1765 postquam
1149 1710 1448 1752 internundino
1488 1734 1491 1738 -

126 1769 255 1810 etiam
281 1768 335 1810 ob
360 1766 676 1809 multitudinem
700 1768 838 1821 plebis
863 1768 1106 1823 frequentes
1133 1768 1279 1810 adesse
1305 1781 1451 1822 coepe·

125 1829 239 1868 runt.
299 1827 365 1866 est
403 1825 531 1867 etiam
566 1824 804 1867 Nundina
834 1826 1126 1868 Romanorum
1163 1826 1240 1868 dea
1276 1841 1301 1868 a
1337 1840 1449 1868 nono

59 1887 114 1929 36
129 1885 194 1926 die
223 1883 491 1925 nascentium
520 1886 776 1938 nuncupata,
808 1885 907 1938 quia
937 1884 1136 1927 lustricus
1168 1884 1331 1926 dicitur.
1389 1885 1452 1926 est

129 1944 270 1984 autem
323 1941 522 1983 lustricus
577 1941 685 1995 dies,
740 1956 822 1995 quo
882 1942 1068 1984 infantes
1116 1942 1352 1984 lustrantur
1410 1943 1454 1982 ct

222 2058 243 2089 5
270 2055 405 2090 aetatis
431 2056 473 2090 in
503 2066 575 2090 ras.
608 2055 650 2090 in
679 2055 716 2089 P
829 2055 981 2099 sequuta
1011 2056 1049 2091 ,Ρ
1081 2039 1083 2041 ¹
1163 2060 1183 2091 6
1215 2055 1396 2100 assignant
1421 2055 1457 2091 P

131 2106 150 2138 ’1
176 2113 265 2146 rego
292 2101 342 2135 P'
417 2102 489 2137 tito
513 2101 588 2136 BP
655 2105 675 2136 9
699 2101 918 2147 tutildianus
931 2102 975 2146 P,
998 2102 1192 2138 tut1danu1'
1210 2113 1299 2138 corr.
1318 2106 1360 2137 ut
1376 2102 1453 2138 uid.
1478 2119 1479 2122 ¹

129 2159 174 2185 ex
197 2147 391 2183 tutluanus
413 2148 450 2182 B
534 2150 578 2182 10
602 2148 762 2183 affirmat
786 2149 822 2183 P
904 2151 946 2183 13
967 2147 1098 2195 cepiss'e
1122 2149 1158 2183 P
1235 2152 1278 2183 15
1303 2148 1396 2184 serui
1419 2148 1454 2183 B

131 2195 181 2241 ei]
206 2205 247 2229 111
264 2195 301 2229 Ρ
360 2197 404 2228 18
428 2206 466 2230 111
486 2193 586 2239 agris
605 2204 671 2229 om.
692 2192 741 2228 P'
808 2198 853 2230 26
873 2194 1062 2230 consistere
1076 2199 1219 2240 praeter
1237 2205 1304 2230 con
1323 2196 1366 2230 in
1382 2205 1455 2230 ras.

131 2241 173 2277 in
185 2241 219 2275 B
268 2244 312 2276 28
327 2240 357 2275 ὦ
371 2251 436 2276 om.
450 2239 499 2275 P'
548 2244 592 2276 29
608 2244 718 2288 cepe?
734 2241 771 2276 P
809 2244 852 2276 32
867 2239 1382 2288 dieslustncur(1ustr1cur1³')
1395 2241 1457 2286 (Ρ)
1472 2264 1475 2283 z
