1526 2444
171 42 256 84 468
666 44 763 81 SAT.
787 46 914 81 LIBRI
938 47 1005 82 VII

171 150 404 191 cenduntur
433 151 478 191 in
503 150 732 193 maximam
765 152 891 208 sitim,
922 154 1033 207 quod
1063 168 1148 196 non
1179 154 1376 207 eueniret,
1406 155 1489 196 nisi

171 211 281 249 esset
309 209 454 262 pulmo
480 210 789 263 receptaculum
820 214 957 265 potus.
1005 212 1087 253 hoc
1118 225 1283 266 quoque
1313 187 1488 267 intuere,

171 265 283 319 quod
323 265 540 316 animalia,
584 267 736 320 quibus
777 269 922 321 pulmo
959 282 1047 311 non
1089 272 1171 324 est,
1212 271 1360 323 potum
1395 284 1489 311 nes-

171 323 296 365 ciunt.
362 325 515 365 natura
564 324 674 365 enim
730 325 838 366 nihil
883 326 1140 380 superfluum
1183 327 1255 369 sed
1296 328 1487 369 membra

171 380 340 434 singula
379 380 432 422 ad
470 380 643 448 aliquod
677 382 851 424 uiuendi
893 384 1176 426 ministerium
1211 384 1330 438 fecit,
1374 385 1486 439 quod
1520 399 1526 427 ι

101 437 154 479 19
170 451 264 479 811111
289 438 416 492 deest,
447 453 547 480 usus
580 440 669 481 eius
699 454 785 481 non
816 440 1085 484 desideratur.
1133 442 1201 483 uel
1227 442 1308 484 hoc
1334 443 1486 497 cogita,

169 495 280 549 quia,
312 496 348 536 si
380 471 623 538 stomachus
650 497 790 538 cibum
820 500 1051 553 potumque
1076 499 1319 553 susciperet,
1349 514 1486 554 super-

167 553 276 595 fluus
306 553 417 595 foret
447 554 612 596 uesicae
644 569 756 596 usus.
815 557 984 608 poterat
1020 557 1133 598 enim
1169 557 1387 611 utriusque
1423 558 1486 599 rei

169 611 409 653 stomachus
435 612 685 654 retrimenta
706 613 910 655 intestino
935 614 1112 668 tradere,
1138 615 1204 656 cui
1223 629 1335 656 nunc
1355 615 1484 656 solius

167 668 252 710 cibi
282 669 431 724 tradit,
469 683 546 711 nec
578 685 682 723 opus
714 673 825 712 esset
855 671 1030 713 diuersis
1069 672 1296 726 meatibus,
1333 673 1483 726 quibus
1504 684 1526 717 1(

167 726 334 782 singula
376 727 658 782 traderentur,
698 728 770 769 sed
813 743 921 770 unus
965 729 1133 784 utrique
1176 730 1387 772 sufficeret
1430 731 1483 772 ab

166 784 310 825 eadem
371 785 551 826 statione
610 785 873 840 transmisso,
922 787 1046 828 modo
1105 791 1246 829 autem
1295 802 1483 829 seorsum

166 842 306 883 uesica
350 844 392 883 et
428 843 677 884 intestinum
715 857 904 884 seorsum
942 845 1070 886 saluti
1102 845 1249 898 seruit,
1286 845 1385 899 quia
1419 846 1483 887 1111

96 900 153 941 20
168 900 409 941 stomachus
429 900 573 965 tradit,
603 901 750 954 pulmo
775 902 952 943 uesicae.
1011 916 1088 943 nec
1112 902 1192 944 hoc
1216 905 1483 957 praetereun-

166 956 264 998 dum
296 959 372 1011 est,
403 958 513 1011 quod
544 958 586 998 in
618 958 759 1011 urina,
797 973 903 1011 quae
935 962 999 1001 est
1029 960 1321 1002 retrimentum
1345 963 1482 1015 potus,
1502 973 1526 1000 11

163 1015 328 1056 nullum
358 1015 441 1056 cibi
471 1015 702 1069 uestigium
733 1017 958 1070 reperitur,
996 1017 1067 1058 sed
1098 1032 1174 1059 nec
1211 1018 1351 1071 aliqua
1382 1033 1480 1072 qua-

163 1072 284 1113 litate
324 1073 495 1115 illorum
540 1073 880 1115 retrimentorum
923 1074 991 1115 uel
1037 1074 1189 1117 coloris
1231 1076 1298 1117 uel
1341 1075 1481 1118 odoris
1523 1085 1526 1087 '

163 1129 360 1183 inficitur,
410 1130 522 1184 quod
565 1131 601 1172 si
644 1131 688 1171 in
736 1133 883 1173 uentre
933 1132 1059 1173 simul
1102 1132 1298 1184 fuissent,
1341 1133 1481 1187 aliqua

92 1188 146 1229 21
161 1187 331 1229 illarum
369 1188 555 1230 sordium
598 1189 783 1242 qualitas
823 1189 1074 1231 inficeretur.
1133 1204 1231 1231 nam
1267 1192 1480 1244 postremo
1518 1214 1519 1217 =

161 1245 338 1299 lapides,
371 1245 442 1300 qui
479 1246 527 1287 de
564 1249 669 1300 potu
705 1246 750 1286 in
787 1247 928 1288 uesica
969 1250 1216 1314 nascuntur,
1253 1262 1325 1289 cur
1360 1262 1477 1290 num·
1495 1249 1526 1310 ni

162 1317 287 1357 quam
319 1304 360 1344 in
386 1306 533 1345 uentre
559 1304 810 1358 coalescunt,
836 1319 929 1346 cum
954 1319 1040 1346 non
1063 1305 1147 1346 nisi
1172 1319 1222 1346 ex
1246 1308 1349 1359 potu
1373 1306 1526 1371 fiant}

161 1364 203 1401 et
238 1361 356 1402 nasci
393 1361 437 1402 in
473 1363 620 1403 uentre
659 1376 823 1416 quoque
855 1362 1092 1417 debuerint,
1124 1363 1159 1404 si
1189 1365 1336 1405 uenter
1368 1355 1526 1409 esset}

86 1419 145 1461 22
158 1418 469 1472 receptaculum
494 1419 647 1473 potus?
678 1419 724 1460 in
749 1420 991 1473 pulmonem
1018 1396 1197 1462 defluere
1222 1423 1370 1487 potum
1400 1435 1475 1464 nec
1503 1404 1526 1485 ξ

157 1478 308 1529 poetae
332 1477 497 1518 nobiles
522 1477 733 1532 ignorant.
795 1477 856 1518 ait
887 1478 997 1519 enim
1021 1478 1232 1532 Eupolis
1264 1479 1308 1520 in
1333 1478 1476 1520 fabula
1507 1474 1526 1509 ἢ

158 1547 264 1586 quae
294 1534 540 1576 inscribitur
569 1536 760 1584 Κόλακες
1492 1531 1526 1591 ᾖ

741 1605 884 1646 πίνειν

212 1662 295 1716 γὰρ
327 1660 350 1702 ὁ
382 1663 675 1716 Πρωταγόρας
707 1660 914 1716 ἐκέλευεν,
946 1662 1018 1704 ἵνα

213 1721 239 1769 †
270 1720 353 1774 πρὸ
384 1724 462 1760 τοῦ
492 1720 623 1768 κυνὸς
652 1720 729 1761 τὸν
759 1718 966 1774 πνεύμον’
1004 1721 1183 1762 ἔκλυτον
1215 1722 1300 1775 ἔχῃ.

83 1789 196 1830 2381
226 1787 595 1830 Eratosthenes
627 1791 810 1830 testatur
840 1789 951 1830 idem

270 1855 341 1898 καὶ
371 1858 518 1910 βαθὺν
549 1857 717 1915 ἀκρήτῳ
748 1859 971 1912 πνεύμονα
1001 1860 1267 1913 τεγγόμενος.
1486 1828 1526 1922 φεῖ

246 1962 288 1992 26
315 1958 491 1993 Meinekii
515 1960 643 2004 fragm.
671 1971 760 1996 com.
786 1960 830 2004 II,
857 1963 874 1994 1
901 1972 936 2005 p.
963 1964 1027 1995 491
1150 1965 1193 1996 30
1218 1961 1467 1997 Eratostheni-
1507 1960 1526 1995 {⁷²

151 2014 275 2038 corum
298 2015 333 2048 p.
362 2008 426 2039 155
453 2005 663 2050 Bernhardy

244 2100 264 2130 9
289 2096 493 2141 118ᾶ81ᾶ818
520 2099 557 2131 P
625 2101 669 2132 23
693 2098 805 2142 putus
825 2095 871 2132 P'
950 2101 993 2133 25
1020 2099 1164 2134 colaces
1182 2099 1219 2134 P
1285 2104 1328 2134 27
1352 2099 1466 2135 πίνειν

149 2144 218 2186 γὰρ
244 2143 357 2177 αὐτὸν
381 2144 632 2186 Πρωταγόρας
658 2145 791 2178 ἐκέλευ’
814 2144 875 2178 ἵνα
899 2145 1102 2180 Meinekius
1207 2146 1465 2181 ΤΛΡΠΡωΓΟ-
1518 2155 1526 2163 ‘

150 2189 231 2224 ΡΑ(
248 2188 285 2223 Ρ
354 2192 397 2225 28
421 2190 524 2223 ΠΡΟ)
543 2189 579 2223 Ρ
652 2186 907 2225 ΠΝΕΥΜΟΝΑ
933 2191 1134 2227 ΕΚΛΥΡΟΝ
1159 2191 1196 2227 Ρ
1274 2192 1464 2227 ἔκκλυετον
1510 2211 1524 2214 *⁷

146 2235 350 2271 Meinekius
439 2238 482 2270 30
509 2236 685 2271 ΒΔΘΤΥΝ
713 2236 749 2271 Ρ
827 2236 1093 2284 ΠΛΕῙΥΜΟΝΛ
1119 2238 1406 2273 ΙΕΓΓΟΜΕΝΟΕ·
1431 2235 1492 2272 P
