1526 2444
160 73 247 115 546
459 74 686 111 COMM.1N
711 74 853 111 SOMN.
879 75 989 112 SCIP.
1014 75 1142 111 LIBRI
1164 76 1182 110 Ι

160 179 343 234 undique
381 182 423 221 et
461 180 554 222 ideo
592 181 752 235 passim
788 181 963 224 diffusae
993 182 1100 224 lucis
1133 183 1356 238 aspergine
1387 197 1482 226 con-

119 239 145 279 7
161 237 326 279 tinuum
369 238 502 279 iuncti
542 239 714 280 luminis
759 253 910 294 corpus
955 240 1200 282 ostendunt:
1251 241 1323 283 sed
1365 241 1482 283 Posi-

161 295 329 348 donius,
372 295 490 337 cuius
535 295 767 338 definitioni
802 298 986 351 plurium
1024 311 1253 340 consensus
1292 299 1480 352 accessit,

160 353 221 394 ait
251 353 433 395 lacteum
463 354 616 395 caloris
643 368 733 396 esse
760 354 912 396 siderei
936 355 1204 407 infiisionem‚
1235 370 1360 410 quam
1385 357 1479 399 ideo

160 410 339 451 aduersa
377 411 547 453 zodiaco
585 413 768 454 cur-uitas
807 412 1060 467 obliquauit‚
1098 416 1145 454 ut
1182 414 1382 468 quoniam
1414 415 1478 456 sol
1514 425 1526 452 ε

157 482 388 523 numquam
429 468 589 511 zodiaci
632 469 866 512 excedendo
910 471 1114 512 terminos
1151 474 1364 525 expertem
1399 472 1479 514 fer-

157 525 271 567 uoris
304 527 369 567 sui
400 530 567 581 partem
598 528 703 569 caeli
733 528 940 583 reliquam
971 528 1208 582 deserebat,
1243 528 1312 570 hic
1344 530 1479 572 circus

158 598 182 624 a
218 584 288 625 uia
324 585 424 626 solis
461 588 506 626 in
544 586 763 640 obliquum
793 586 988 628 recedens
1019 586 1340 628 uniuersitatem
1369 586 1479 629 flexu

157 641 295 682 calido
331 644 598 696 temperaret.
664 643 815 697 quibus
852 646 994 685 autem
1030 643 1223 698 partibus
1259 645 1476 686 zodiacum

157 699 397 754 intersecet,
429 701 620 755 superius
650 702 737 742 iam
767 701 948 743 relatum
979 705 1053 743 est.
1113 702 1218 744 haec
1248 702 1298 744 de
1330 703 1477 746 lacteo.
1496 715 1526 740 ιο

116 758 142 799 8
159 757 302 799 (1999111
329 760 471 799 autem
496 758 581 813 alii,
609 761 658 800 ut
683 759 876 813 diximus,
907 759 1007 800 circi
1032 762 1144 814 sunt,
1169 774 1347 814 quorum
1370 775 1478 802 unus

158 816 223 856 est
252 815 343 868 ipse
374 815 579 866 zodiacus,
611 816 683 870 qui
715 831 764 858 ex
793 817 861 858 his
893 817 1034 858 decem
1065 817 1182 859 solus
1212 817 1354 871 potuit
1382 818 1478 859 lati-

116 872 346 914 9tudinem
375 873 458 915 hoc
488 874 625 927 modo,
656 888 780 928 quem
811 874 1050 929 referemus,
1080 875 1268 928 adipisci.
1322 878 1477 918 natura

156 930 403 972 caelestium
434 931 686 973 circulorum
717 932 994 986 incorporalis
1026 935 1090 974 est
1119 932 1247 987 linea,
1279 947 1385 987 quae
1415 933 1476 975 ita

155 990 297 1029 mente
322 989 571 1043 concipitur,
600 992 648 1031 ut
674 989 766 1031 sola
789 990 1053 1045 longitudine
1079 992 1309 1043 censeatur,
1340 991 1475 1033 latum
1495 1002 1526 1031 111

59 1096 61 1099 ⁴
155 1045 312 1087 habere
342 1060 429 1087 11011
459 1047 612 1101 possit,
653 1047 724 1089 sed
754 1047 798 1088 in
829 1047 999 1090 zodiaco
1031 1048 1302 1099 latitudinem
1333 1049 1475 1104 signo-

34 1126 46 1135 »
87 1104 142 1145 10
156 1118 266 1153 rum
279 1104 502 1163 capacitas
541 1105 749 1160 exigebat.
815 1107 1019 1159 quantum
1055 1105 1187 1159 igitur
1216 1096 1351 1160 spatii
1386 1107 1476 1149 lata

157 1149 370 1204 dimensio
394 1161 598 1217 porrectis
629 1163 836 1205 sideribus
869 1163 1119 1217 occupabat,
1159 1163 1321 1205 duabus
1351 1164 1474 1206 lineis
1520 1184 1526 1196 <

152 1219 385 1261 limitatum
423 1222 504 1262 est:
549 1223 592 1261 et
627 1221 754 1262 tertia
790 1220 914 1262 ducta
949 1235 1025 1287 per
1060 1221 1243 1263 medium
1279 1221 1475 1276 ecliptica

152 1279 340 1332 uocatur,
367 1278 464 1331 quia
490 1292 583 1320 cum
610 1292 776 1320 cursum
803 1293 925 1320 suum
950 1280 995 1320 in
1020 1279 1164 1320 eadem
1187 1279 1299 1320 linea
1316 1226 1526 1369 1131119114

153 1335 217 1376 sol
266 1338 308 1376 et
357 1335 458 1377 luna
501 1335 746 1390 conficiunt,
795 1336 968 1378 alterius
1012 1351 1155 1378 eorum
1199 1351 1367 1379 necesse
1411 1340 1475 1380 est
1515 1344 1517 1346 ’

153 1393 320 1435 911911119
369 1392 596 1435 defectum:
646 1394 767 1448 solis,
814 1394 851 1436 si
893 1395 931 1435 ei
973 1397 1074 1436 tunc
1117 1395 1218 1436 luna
1259 1395 1474 1438 succedat:

83 1450 136 1491 11
154 1449 292 1504 lunae,
324 1451 360 1492 si
389 1453 492 1493 tunc
524 1452 701 1494 aduersa
732 1452 789 1494 sit
819 1452 911 1494 soli.
959 1452 1052 1494 ideo
1083 1466 1160 1494 1199
1185 1453 1249 1494 sol
1273 1467 1474 1507 umquam

152 1508 305 1563 deficit,
347 1508 430 1550 nisi
473 1523 568 1551 cum
609 1510 849 1552 tricesimus
892 1511 1017 1551 lunae
1061 1510 1149 1552 dies
1187 1513 1268 1563 est,
1312 1513 1354 1552 et
1387 1511 1472 1552 nisi
1508 1558 1512 1559 ⁷

151 1566 300 1620 quinto
345 1567 504 1608 decimo
547 1582 693 1610 cursus
736 1568 800 1610 sui
841 1568 907 1609 die
943 1568 1078 1610 nescit
1112 1569 1213 1610 luna
1248 1568 1471 1611 defectum.

150 1624 211 1666 sic
248 1625 359 1666 enim
396 1626 553 1679 euenit,
596 1628 644 1667 ut
682 1628 755 1667 aut
791 1626 914 1667 lunae
953 1629 1100 1667 contra
1138 1626 1271 1668 solem
1307 1627 1471 1681 positae

150 1681 204 1723 ad
241 1683 520 1724 mutuandum
557 1683 610 1724 ab
648 1697 696 1725 eo
735 1684 907 1726 solitum
943 1685 1086 1726 lumen
1125 1684 1204 1725 sub
1239 1684 1385 1725 eadem
1409 1685 1470 1726 in-

149 1743 300 1781 uentus
331 1741 444 1782 linea
478 1743 616 1783 terrae
648 1755 778 1784 conus
810 1741 1007 1796 obsistat,
1044 1743 1115 1783 aut
1147 1742 1225 1783 soli
1255 1742 1348 1796 ipsa
1379 1756 1470 1784 suc-

150 1797 301 1839 cedens
345 1798 512 1840 obieetu
558 1813 633 1841 suo
674 1800 727 1841 ab
765 1799 951 1842 humano
992 1800 1163 1854 aspectu
1200 1799 1344 1841 lumen
1380 1800 1469 1842 eius

79 1855 134 1896 12
148 1856 337 1909 repellat.
411 1856 455 1898 in
498 1856 663 1899 defectu
708 1870 808 1912 ergo
853 1858 915 1899 sol
958 1857 1048 1911 ipse
1090 1857 1151 1898 nil
1193 1858 1354 1912 patitur
1397 1857 1470 1900 sed

147 1915 290 1954 noster
325 1914 546 1956 fraudatur
582 1917 795 1969 aspectus,
831 1916 932 1957 luna
967 1929 1068 1956 uero
1106 1915 1216 1956 circa
1251 1915 1470 1970 proprium

148 1970 358 2012 defectum
400 1972 568 2014 laborat
609 1987 694 2014 non
730 1973 974 2027 accipiendo
1012 1972 1113 2014 solis
1150 1973 1308 2027 lumen,
1350 1974 1468 2015 cuius

147 2028 351 2070 beneficio
382 2032 550 2071 noctem
583 2031 756 2072 colorat.
805 2030 917 2085 quod
945 2031 1080 2072 sciens
1105 2029 1322 2084 Vergilius
1347 2031 1468 2073 disci-

146 2086 360 2140 plinarum
392 2088 581 2128 omnium
613 2089 895 2141 peritissimus
921 2088 982 2129 ait

238 2192 258 2222 2
278 2188 512 2233 possedonius
526 2189 563 2224 P
629 2192 651 2222 4
671 2189 803 2224 colons
817 2189 864 2225 P'
939 2194 959 2225 5
979 2189 1142 2226 curbitas
1155 2189 1203 2225 P'
1275 2194 1296 2226 8
1315 2190 1413 2225 fluxu
1435 2190 1473 2225 P

147 2238 188 2269 11
215 2235 258 2269 ut
276 2245 341 2270 om.
365 2233 411 2270 P‘
488 2238 529 2270 19
550 2235 732 2281 eclyptica
753 2236 789 2270 P
869 2239 914 2271 25
934 2236 1035 2272 cursu
1054 2239 1096 2272 ut
1112 2238 1187 2272 uid.
1205 2233 1254 2271 P'
1327 2237 1400 2272 d1e1
1418 2234 1467 2271 P'·

145 2283 190 2316 26
217 2284 276 2316 eni
301 2291 366 2317 om.
395 2278 443 2316 P'
517 2285 561 2317 28
587 2281 726 2318 obs1st1t
751 2282 797 2317 P'
