1526 2444
145 83 228 124 106
292 70 301 78 '
663 80 759 119 sAT.
783 82 914 119 LIBRI
937 84 953 119 1

75 192 130 234 14
142 190 302 232 feratur
338 189 384 230 in
422 188 640 230 ambitum.
701 190 809 231 unde
841 188 1117 233 CLEANTHES
1154 191 1216 233 ita
1249 192 1465 246 cognomi-

141 250 289 290 natum
320 246 467 288 scribit
490 245 574 288 ἆπὸ
598 252 676 289 τοῦ
702 248 919 302 διανύσαι,
946 248 1044 302 quia
1069 249 1278 291 cotidiano
1303 250 1465 304 impetu
1502 253 1506 273 ³

143 306 196 348 ab
229 306 389 348 oriente
420 304 473 345 ad
503 319 697 347 occasum
729 305 840 347 diem
863 308 1113 360 noctemque
1137 306 1331 349 faciendo
1357 308 1465 350 caeli
1510 339 1516 354 ,2

73 365 127 407 15
142 364 312 406 conficit
349 376 528 404 cursum.
588 363 757 417 physici
793 361 1021 406 Διόνυσον
1054 365 1164 414 Διὸς
1199 371 1328 419 νοῦν,
1366 366 1465 420 quia
1510 406 1517 412 ,

140 423 271 464 solem
308 420 456 462 mundi
491 424 676 462 mentem
713 435 804 463 esse
842 422 1047 463 dixerunt.
1109 423 1289 464 mundus
1322 426 1462 466 autem
1504 468 1517 477 ,p

138 480 316 521 uocatur
347 479 521 533 eaelum,
556 479 667 533 quod
699 479 918 534 appellant
947 479 1105 522 Iouem.
1164 481 1273 522 unde
1305 481 1462 523 Aratus
1512 530 1513 533 Ἴ

139 538 189 579 de
220 537 335 578 eaelo
367 536 554 578 dicturus
587 537 647 578 ait

558 617 604 658 ἐκ
634 616 744 666 Διὸς
773 615 1045 672 ἀρχώμεσθα.

70 700 124 741 16
137 698 263 741 Liber
295 713 319 740 a
343 698 548 740 Romanis
580 698 831 753 appellatur,
863 698 975 752 quod
1006 698 1114 741 liber
1144 702 1187 741 et
1216 713 1352 754 uagus
1385 703 1463 756 est,
1511 678 1516 695 Γ

136 759 185 798 ut
216 758 276 798 ait
305 755 492 798 Naeuius

375 838 454 879 hae
486 851 569 891 qua
600 837 665 878 sol
695 850 830 892 uagus
862 838 1009 892 igneas
1040 838 1228 880 habenas
1480 853 1494 878 1

374 895 570 936 immittit
600 895 774 949 propius
805 895 1008 950 iugatque
1039 899 1188 938 terrae.

68 975 249 1018 17idem
279 989 426 1017 uersus
457 974 631 1029 Orphioi
661 975 896 1030 Εὐβουλῆα
930 979 1131 1019 uocantes
1161 977 1264 1019 boni
1295 978 1463 1020 consilii
1515 988 1526 1004 ⁶

135 1034 247 1076 hune
284 1034 406 1075 deum
443 1033 691 1087 praestitem
728 1036 981 1076 monstrant.
1047 1049 1147 1077 nam
1185 1035 1220 1077 si
1257 1038 1462 1090 conceptu

135 1092 290 1134 mentis
316 1091 496 1133 consilia
521 1093 768 1146 naseuntur,
792 1092 939 1133 mundi
964 1094 1106 1134 autem
1124 1095 1309 1135 mentem
1329 1094 1460 1135 solem

136 1164 227 1192 esse
276 1150 504 1204 opinantur
546 1151 760 1204 auctores,
802 1164 826 1191 a
870 1165 951 1204 quo
994 1150 1040 1191 in
1080 1150 1274 1192 homines
1317 1153 1495 1193 manati

134 1207 407 1262 intellegendi
449 1207 726 1262 principium,
775 1208 927 1249 merito
971 1208 1073 1249 boni
1116 1208 1281 1250 consilii
1330 1210 1459 1251 solem
1512 1256 1514 1258 ,

68 1267 119 1308 18
135 1266 371 1307 antistitem
402 1265 679 1306 erediderunt.
729 1265 860 1307 solem
885 1265 1085 1307 Liberum
1116 1280 1205 1308 esse
1237 1267 1460 1310 manifeste

132 1323 381 1377 pronuntiat
412 1323 605 1376 Orpheus
635 1323 717 1364 hoo
747 1337 873 1364 uersu

267 1402 488 1458 Ἥλιος,ὃ
467 1403 518 1445 όν
549 1401 776 1445 Διόνυσον
806 1403 1030 1458 ἐπίκλησιν
1060 1403 1302 1447 καλέουσιν.

132 1487 175 1526 et
201 1485 238 1526 is
265 1485 432 1540 quidem
457 1499 606 1526 uersus
633 1485 878 1540 absolutior,
908 1485 979 1527 ille
1004 1499 1105 1527 uero
1132 1485 1318 1528 eiusdem
1343 1487 1455 1528 uatis
1474 1498 1514 1527 πο,

132 1543 351 1597 operosior

276 1618 338 1672 εἷς
369 1625 478 1672 Ζεὺς
508 1617 570 1672 εἷς
596 1622 738 1676 Ἀίδης
767 1617 828 1672 εἷς
846 1622 1000 1673 ’“Ήλιος
1030 1617 1091 1672 εἷς
1119 1621 1349 1672 Διόνυσος.

222 1752 243 1783 8
268 1747 374 1782 Arati
401 1752 418 1782 1
516 1751 559 1782 10
583 1760 617 1793 p.
644 1752 686 1783 78
718 1748 803 1783 Luc.
834 1748 958 1784 Muell.
991 1749 1090 1794 (post
1113 1749 1314 1795 Catullum)
1412 1754 1454 1785 19

128 1795 257 1839 fragm.
284 1794 338 1829 ed.
364 1794 552 1829 Hermann
574 1807 609 1839 p.
635 1798 703 1829 455

225 1914 241 1943 1
270 1910 432 1945 cleantes
452 1910 488 1945 P
550 1914 570 1945 2
595 1911 665 1945 ΤΟΙ
691 1910 735 1955 Ρ,
759 1911 862 1945 Tem(
885 1911 931 1955 Β,
957 1911 1083 1946 deinde
1107 1912 1290 1947 ΔΙΔΝΙΕΑΙ
1318 1914 1454 1957 (secun-

129 1957 212 1992 dam
239 1958 245 1991 Ι
272 1957 355 1991 add.
377 1957 431 2000 10.)
460 1956 497 1990 P
581 1961 602 1991 4
626 1957 756 2000 ph1s101
781 1958 900 1992 ΔΙΟΝΙ
923 1957 929 2002 Ι
951 1958 1104 1993 (ΟΝΛΙΕ
1129 1958 1166 1993 Ρ
1251 1961 1270 1992 7
1296 1960 1393 1994 ΑΙΟ(
1419 1959 1456 1994 P

129 2007 150 2038 8
175 2002 386 2047 appellatus
404 2002 440 2036 B
503 2006 522 2037 9
548 2003 681 2038 nemus
701 2003 781 2038 BP
840 2007 881 2038 11
906 2003 1055 2051 ,pfpnus
1073 2004 1109 2038 Β
1170 2008 1213 2039 12
1233 2004 1324 2050 orph
1349 2016 1398 2040 101
1419 2005 1456 2039 P

127 2060 241 2094 supra
266 2049 504 2084 ΕΥΒΟΥΛΗΔ
531 2050 614 2085 add.
641 2051 734 2085 ΚΔΛΙ
761 2050 781 2085 b
907 2054 949 2085 13
975 2050 1153 2086 monstrat
1176 2051 1212 2085 B
1346 2063 1378 2087 10
1403 2050 1452 2087 P'
1506 2083 1507 2086 ,

130 2145 172 2176 19
197 2142 256 2176 ΟΝ
283 2152 422 2176 erasum
447 2143 551 2186 (certe
574 2143 639 2178 hoc
663 2143 774 2185 fuisse
797 2143 890 2186 uid.)
915 2144 957 2178 in
980 2143 1016 2178 Β
1157 2109 1382 2179 &rumh-'GN
1409 2145 1451 2188 Ρ,
1506 2123 1507 2126 ¹

128 2188 367 2233 ΕΠΙΚΛΕῙΛΙΝ
393 2188 440 2231 Β,
465 2189 592 2224 deinde
612 2189 880 2224 ΚΑΔΕΟΥΕΙΝ-
874 2189 891 2234 -ῑ
920 2190 956 2223 Ρ
1011 2192 1056 2224 20
1075 2189 1134 2224 hls
1146 2188 1192 2225 B'
1254 2194 1297 2225 22
1318 2191 1451 2227 ΑΙΔΗΕ
1503 2194 1505 2198 “

128 2280 178 2315 Ρ·
202 2280 353 2315 ΛΝΔΗ(
371 2280 418 2324 Β,
438 2280 566 2315 deinde
585 2280 775 2315 ΕΙΕΝΔΙΟΕ
799 2280 835 2314 Β
910 2281 972 2316 ΕΙΕ
992 2246 1186 2317 ΔῼΝΙΕΟΕ
1206 2282 1246 2317 in
1264 2293 1336 2318 ras.
1356 2294 1397 2318 m
1409 2283 1452 2332 P
