1526 2444
119 69 205 112 220
626 73 728 108 SAT.
753 72 882 109 LIBRI
905 73 957 109 ΙΙΙ
1504 0 1526 167 ἲ

119 176 252 219 ficus
295 177 430 232 alba,
478 177 618 231 pirus
661 180 821 222 malus
863 180 986 222 uitis
1029 195 1219 235 prunus
1262 195 1443 224 cornus
1512 168 1526 253 j

78 235 268 278 3lotus.
329 234 611 285 TARerrlvs
652 240 792 279 autem
832 237 1024 280 Pmscvs
1066 251 1114 280 m
1150 238 1442 282 OSTENTARIO
1508 249 1518 290 j

117 303 382 335 ARBORARIO
410 293 471 335 sic
497 291 557 335 ait
582 294 806 348 arbores,
837 310 961 350 quae
993 296 1210 338 inferum
1241 298 1444 340 deorum

118 352 558 406 auertentiumque
606 352 659 393 in
700 353 862 395 tutela
905 357 1034 409 sunt,
1085 369 1167 396 eas
1210 354 1443 397 infelices

118 407 398 450 nominant:
440 409 691 452 alternum
723 411 1017 465 sanguinem
1047 411 1256 466 filicem,
1291 413 1443 455 ficum
1479 419 1526 454 5!

119 468 304 520 atrum,
335 481 560 521 quaeque
584 467 756 510 bacam
782 469 978 523 nigram
1009 470 1282 525 nigrosque
1314 471 1444 514 fruc-

117 526 199 564 tus
242 523 436 579 ferunt,
477 525 696 581 itemque
740 526 1044 580 acrifolium,
1087 528 1249 582 pirum
1290 529 1444 571 silua-

117 582 290 635 ticum‚
322 597 557 637 pruscum
586 583 762 625 rubum
794 587 1079 640 sentesque,
1118 586 1299 640 quibus
1331 602 1442 642 por·
1518 591 1520 594 ’

119 642 262 681 tenta
280 640 615 695 prodigiaque
634 642 764 684 mala
783 643 1010 684 comburi
1034 643 1205 685 iubere
1231 647 1445 699 oportet.
1516 646 1517 650 ’

77 699 105 740 4
119 697 221 751 quid
241 698 352 752 quod
371 699 496 740 ficum
516 702 736 754 tamquam
759 714 847 742 non
871 715 1045 754 pomum
1070 702 1232 744 secerni
1257 717 1282 743 a
1305 703 1444 757 pomis
1467 716 1503 742 ιο

120 755 233 809 apud
263 755 438 798 idoneos
469 757 764 811 repperimus?
823 759 1059 801 AFRANIVS
1091 760 1136 801 in
1168 759 1322 802 SELLA

456 846 631 886 pomum
660 832 786 874 holus
817 833 942 875 ficum
974 849 1113 876 uuam.

121 905 194 946 sed
234 908 278 947 et
317 905 490 949 O1cERo
530 906 868 950 Oscor-zomcou
904 919 1042 951 Lumo
1079 920 1247 952 'mm-10
1289 923 1446 964 neque

121 963 248 1004 serit
286 964 458 1019 uitem,
498 979 672 1019 neque,
716 979 839 1019 quae
880 969 993 1008 sata
1033 970 1125 1021 est,
1168 967 1447 1023 diligenter

21 1059 42 1079 ,
81 1021 265 1064 5colit:
292 1022 455 1063 oleum
479 1021 609 1064 ficos
634 1037 778 1077 poma
802 1037 901 1065 non
925 1024 1087 1066 habet.
1123 1039 1200 1066 nec
1225 1026 1306 1068 hoc
1331 1027 1447 1082 igno·
1466 1039 1504 1064 1⁵

120 1078 299 1121 randum
336 1083 419 1134 est,
453 1081 580 1121 ficum
616 1080 753 1122 solam
790 1095 839 1123 ex
877 1083 1072 1124 omnibus
1109 1083 1333 1125 arboribus
1364 1098 1450 1126 non

120 1137 280 1179 florere.
339 1138 472 1179 lacte
495 1139 666 1192 proprie
689 1139 865 1180 ficorum
892 1140 1056 1182 dicitur.
1117 1142 1284 1195 grossi
1308 1143 1449 1196 appel-

121 1195 265 1236 lantur
295 1196 375 1250 fici,
406 1210 512 1250 quae
543 1210 630 1238 non
661 1200 959 1239 maturescunt.
1018 1198 1098 1240 hos
1123 1197 1274 1240 Graeci
1304 1199 1450 1241 dicunt

122 1253 353 1303 ὀλύνθους.
413 1253 624 1296 MAT'rlvs

179 1328 224 1369 in
255 1327 428 1370 milibus
458 1330 526 1370 tot
557 1329 768 1382 [ficorum]
802 1343 888 1371 non
919 1330 1120 1373 uidebitis
1152 1345 1359 1387 grossum,
1470 1350 1485 1375 2

124 1406 167 1444 et
197 1404 323 1458 paulo
353 1406 452 1458 post
484 1404 547 1446 ait

182 1493 324 1521 sumas
356 1479 410 1520 ab
442 1479 528 1520 alio
560 1479 670 1521 lacte
701 1479 869 1521 diffiuos
901 1494 1085 1536 grossos.

124 1557 167 1595 et
196 1554 457 1597 Posrvmvs
489 1553 697 1597 ALBINVS
728 1554 911 1596 ANNALI
942 1568 1084 1598 ano
1126 1557 1175 1598 de
1207 1557 1363 1599 Bruto
1395 1573 1449 1600 ea

124 1627 274 1654 causa
311 1627 419 1654 sese
461 1613 672 1654 stultum
712 1613 1009 1668 brutumque
1041 1615 1280 1669 faciebat,
1312 1629 1449 1670 gros·
1504 1612 1507 1614 ’

124 1669 264 1712 sulos
296 1685 351 1711 ex
381 1671 526 1711 melle
558 1670 748 1712 edebat.
1467 1690 1483 1715 ε

84 1730 110 1771 6
242 1727 474 1769 Olearum
523 1741 679 1782 genera
721 1728 825 1769 haec
867 1731 1168 1770 enumerantur
1210 1730 1452 1773 Africana

125 1786 383 1841 albigerus
426 1786 634 1840 Aquilia
675 1786 1020 1828 Alexandrina
1057 1788 1309 1842 Aegyptia
1348 1789 1451 1831 cul-

125 1843 287 1885 minea
347 1844 607 1885 conditiua
660 1842 929 1886 Liciniana
994 1845 1172 1887 orchas
1228 1847 1452 1888 oleaster

221 1948 262 1979 12
288 1946 420 1990 fragm.
447 1948 514 1980 300
538 1956 574 1989 p.
594 1949 662 1980 202
684 1945 740 1981 ed.
763 1950 783 1980 2
804 1946 998 1981 Ribbeckii
1047 1951 1090 1982 13
1109 1947 1238 1991 fragm.
1260 1948 1315 1983 ed.
1338 1948 1451 1984 Orelli

127 1995 171 2026 20
198 2003 230 2036 p.
257 1995 325 2026 978
397 1995 442 2026 20
468 1993 506 2027 et
529 1995 573 2026 22
599 2004 633 2037 p.
661 1995 704 2027 92
730 1991 816 2027 Luc.
841 1992 967 2028 Muell.
993 1994 1091 2037 (poet
1117 1993 1316 2039 Catullum)

221 2088 239 2118 1
265 2097 375 2130 pyrus
408 2086 443 2121 V
509 2088 531 2119 2
555 2085 763 2128 tarqmmus
780 2085 817 2119 P
880 2088 900 2119 5
925 2085 1071 2120 fehcem
1095 2085 1133 2120 P
1195 2091 1215 2121 6
1239 2087 1391 2123 baccam
1423 2088 1455 2121 V

127 2135 146 2167 7
171 2141 302 2176 pyrum
334 2131 368 2165 V
450 2135 491 2166 11
518 2131 607 2166 felia,
630 2131 673 2175 P,
699 2130 787 2166 seila
819 2131 852 2165 V
933 2135 976 2166 13
1002 2142 1262 2168 eoconommon
1286 2132 1322 2167 P
1410 2138 1451 2168 14

126 2189 234 2260 1311-
261 2177 340 2212 s...
362 2178 438 2260 ετ
462 2223 1043 2260 ,1
1064 2179 1457 2262 affigamus}

119 2234 574 2318 PVworg‘Ilneg‘iptiaon
621 2252 671 2306 ’28
695 2270 880 2306 lucimana
904 2269 941 2304 P
1318 2238 1360 2272 gr
