1526 2444
0 0 23 130 ἶ
465 86 551 123 ΧΙΠ
577 89 691 123 8-12
727 84 831 122 XIIII
858 87 948 120 1-5
1295 80 1380 123 629

0 130 9 179 i
1302 148 1333 171 *s
1347 152 1355 160 ‘
1366 146 1526 190 φίψνι

0 181 206 259 {anima
253 196 550 240 inmortalis
601 198 688 238 est.
763 193 838 237 alii
886 206 989 235 uero
1039 205 1210 234 omnem
1252 189 1453 247 ratic-‘12

0 258 296 309 fcinationem
351 270 472 298 suam
521 255 567 297 in
615 254 742 296 unius
793 250 1035 308 syllogismi
1083 248 1383 305 compendium

0 310 293 373 iredegerunt
343 315 512 357 anima
556 328 613 356 ex
657 327 707 355 se
751 313 1003 365 mouetur,
1055 308 1183 371 quod
1228 322 1286 350 ex
1331 322 1383 350 se

0 346 288 429 fmouetur,
338 372 647 429 principium
699 373 866 413 motus
917 372 1010 424 est,
1067 367 1197 423 quod
1246 366 1386 422 prin·

0 422 231 490 bcipium
261 436 428 476 motus
461 435 556 486 est,
587 433 761 473 natum
792 443 892 471 non
923 431 1017 482 est,
1050 426 1181 482 quod
1211 429 1385 468 natum

0 494 138 537 inon
181 495 275 548 est,
318 490 598 534 inmortale
643 492 736 544 est,
779 488 945 544 igitur
989 486 1157 529 anima
1202 485 1386 527 inmor-

39 552 163 595 talis
195 554 285 595 est.

159 633 242 676 Sed
272 633 426 675 harum
452 632 644 674 omnium
670 629 1051 672 ratiocinationum
1076 627 1190 682 apud
1216 641 1312 668 eum
1326 624 1469 668 XIIII-

0 720 9 750 ς,
39 695 184 748 potest
235 694 457 747 postrema
506 690 725 733 conclusio
776 689 826 730 de
871 688 1038 730 animae
1073 685 1387 728 inmortalitate

0 753 251 813 gbconstare,
294 751 366 806 qui
408 750 593 805 primam
635 747 992 803 propositionem,
1049 746 1093 787 id
1137 747 1204 787 est
1246 758 1297 786 ex
1342 758 1494 801 senff

39 810 205 853 moueri
249 809 436 852 animam
475 822 562 850 non
607 807 785 860 refellit,
828 806 908 847 hac
946 805 1060 847 enim
1097 804 1143 846 in
1179 803 1262 845 fide
1299 817 1389 844 non
1460 809 1526 835 t

0 894 4 895 ν
38 871 210 924 recepta
242 867 398 924 ‘lg-Q&
429 867 539 909 fiunt
570 866 732 919 omnia,
763 878 871 920 quae
904 866 1114 906 secuntur.
1177 861 1253 904 sed
1284 861 1429 903 huio2

0 934 2 958 ³
41 927 282 971 Stoicorum
320 925 491 981 quidem
529 924 692 967 accedit
730 923 946 978 adsensio,
990 921 1248 964 Aristoteles
1285 934 1388 962 uero

0 987 10 1044 {f
41 987 147 1029 adeo
190 1001 280 1029 non
323 984 578 1040 adquiescit,
622 987 670 1025 ut
716 983 905 1025 animam
947 996 1034 1023 non
1077 981 1218 1023 solum
1256 994 1308 1021 ex
1345 993 1389 1021 se

0 1043 130 1106 'bnon
167 1044 350 1094 moueri,
390 1043 464 1086 sed
500 1058 554 1084 ne
592 1042 757 1085 moueri
794 1041 965 1096 quidem
1001 1041 1174 1094 penitus
1212 1040 1390 1081 conetur

0 1109 8 1158 ἱ
42 1104 250 1147 adserere.
327 1103 389 1144 ita
437 1102 551 1144 enim
601 1101 767 1143 callidis
818 1099 1266 1156 argumentationibus
1317 1097 1389 1139 ad-

44 1163 190 1217 struit,
226 1162 333 1203 nihil
366 1176 416 1202 ex
449 1175 493 1203 se
526 1159 707 1214 moueri,
747 1162 797 1201 ut
828 1160 907 1201 etsi
941 1158 1106 1213 aliquid
1136 1158 1219 1200 hoc
1249 1156 1391 1198 facere

43 1221 262 1274 concedat,
295 1220 484 1262 animam
514 1221 660 1261 tamen
690 1220 772 1260 hoc
802 1232 890 1261 non
922 1231 1016 1259 esse
1048 1217 1281 1260 confirmet.
1344 1215 1430 1257 si3

0 1281 7 1336 ζ
44 1281 175 1322 enim
208 1280 376 1322 anima
407 1278 550 1333 inquit
574 1277 887 1333 principium
913 1278 1079 1318 motus
1106 1278 1201 1331 est,
1234 1275 1390 1317 doceo
1417 1296 1424 1303 =

0 1338 144 1397 {onon
192 1353 341 1394 posse
391 1337 703 1392 principium
753 1338 918 1378 motus
963 1334 1168 1377 moueri.
1243 1336 1285 1375 et
1327 1334 1391 1375 ita

0 1416 5 1447 ς
45 1398 302 1441 diuisionem
342 1410 443 1438 suae
482 1396 587 1438 artis
625 1395 885 1451 ingreditur,
923 1396 971 1436 ut
1007 1394 1192 1449 primum
1225 1393 1391 1446 doceat,

43 1458 91 1499 in
132 1471 276 1499 rerum
319 1459 474 1498 natura
517 1469 610 1496 esse
654 1454 815 1509 aliquid
851 1453 1076 1507 inmobile,
1119 1451 1271 1493 deinde
1307 1451 1390 1493 hoc

45 1529 136 1558 esse
169 1516 357 1557 animam
387 1516 570 1568 temptet
601 1513 836 1555 ostendere.
896 1525 1107 1554 necesse
1139 1513 1218 1553 est
1248 1509 1431 1565 inquit4

0 1573 132 1617 {aut
181 1574 368 1624 omnia,
426 1586 552 1628 quae
603 1574 739 1626 sunt,
789 1570 1069 1613 'inmobilia
1122 1584 1252 1624 esse,
1304 1570 1392 1610 aut

46 1634 214 1676 omnia
243 1631 455 1684 moueri,
482 1633 567 1672 aut
593 1631 768 1686 aliqua
794 1645 850 1672 ex
876 1630 955 1672 his
979 1629 1190 1682 moueri,
1217 1628 1391 1684 aliqua

0 1690 7 1755 ξ
44 1706 144 1735 non
186 1691 390 1734 moueri.
457 1690 578 1735 item
622 1690 664 1731 si
709 1689 882 1731 damus
921 1689 983 1730 ait
1029 1690 1078 1730 et
1115 1690 1304 1729 motum
1342 1690 1391 1728 et

0 1756 6 1818 ζ’
46 1751 289 1807 quietem,
319 1762 527 1791 necesse
560 1751 657 1803 est,
696 1751 783 1791 aut
814 1748 917 1790 alia
949 1761 1147 1802 semper
1178 1746 1389 1799 moueri,

0 1824 10 1847 {1
45 1813 95 1852 et
121 1810 223 1852 alia
246 1822 516 1863 numquam
541 1807 753 1859 moueri,
785 1810 871 1849 aut
897 1806 1060 1849 omnia
1085 1806 1233 1848 simul
1258 1818 1389 1847 nunc

44 1868 326 1923 quiescere,
373 1881 504 1908 nunc
556 1867 763 1908 moueri.
843 1866 900 1907 de
949 1865 1029 1907 his
1078 1864 1219 1919 inquit
1268 1863 1389 1918 quid

44 1927 205 1981 magis
239 1940 411 1968 uerum
443 1925 529 1980 sit,
560 1925 894 1979 requiramus.
955 1938 1055 1966 non
1082 1938 1190 1966 esse
1217 1923 1430 1966 omnia5

0 2051 10 2084 l„
141 2046 159 2077 1
185 2040 409 2077 immortalis
427 2041 464 2075 Β
549 2043 570 2075 2
595 2039 781 2086 sylogismi
805 2040 842 2075 Β
927 2043 948 2075 5
974 2040 1073 2085 quod
1097 2040 1221 2075 autem
1247 2042 1273 2075 fi
1296 2039 1390 2073 nati‘i

0 2087 8 2143 ξ
45 2090 80 2136 (ὕ
106 2090 198 2124 natsi
221 2099 352 2125 rursus
375 2089 504 2132 deleta)
536 2097 612 2122 non
641 2089 773 2122 natum
798 2087 852 2123 est
876 2088 913 2122 B
1032 2088 1162 2122 natum
1179 2090 1265 2132 post
1289 2086 1390 2130 quod

0 2143 8 2180 Ι
43 2139 85 2173 in
108 2147 182 2172 ras.
207 2137 249 2171 in
274 2137 311 2171 P
428 2140 448 2171 6
475 2134 530 2171 est
552 2133 776 2170 immortalis
796 2135 834 2170 Β
954 2138 975 2170 8
1001 2134 1328 2170 ratiocinationem
1351 2132 1390 2167 Β

0 2182 10 2246 ἱ
43 2187 64 2220 9
90 2183 374 2219 immortalitate
399 2182 471 2217 PB
558 2185 600 2216 12
626 2181 710 2217 sunt
733 2182 771 2217 Β
855 2181 1056 2227 sequuntur
1080 2182 1116 2216 Β
1204 2184 1247 2217 13
1274 2180 1389 2216 ass'en-

43 2231 94 2266 sio
119 2231 156 2266 B
230 2234 274 2266 14
298 2229 500 2275 acquiescit
525 2229 562 2264 Β
640 2231 685 2263 15
710 2227 764 2264 set
788 2229 825 2264 Β
900 2233 943 2265 16
969 2228 1124 2265 asserere
1151 2229 1188 2263 Β
1260 2227 1391 2263 astruit

43 2278 81 2313 Β
153 2281 197 2313 22
222 2279 355 2324 nature
379 2275 428 2311 P‘
509 2276 699 2311 immobile
725 2275 787 2322 P',
812 2276 1006 2312 immobile
1031 2276 1069 2312 B
1148 2279 1193 2311 23
1218 2276 1315 2311 tetet
1339 2274 1387 2308 P'

45 2328 92 2361 24
115 2324 324 2361 immobilia
349 2323 420 2360 ΡΒ
491 2327 536 2359 28
561 2327 595 2360 et
619 2326 664 2359 29
688 2335 760 2359 nuc
787 2322 834 2358 P'
