1526 2444
145 86 230 128 534
441 89 589 125 ΟΟΜΜ.
614 89 667 124 IN
691 89 832 127 SOMN.
859 90 970 127 SCIP.
995 91 1122 126 LIBRI
1146 91 1163 125 Ι

77 193 132 235 16
147 196 222 248 est,
258 195 319 236 ita
357 195 550 236 animalis
589 198 654 236 est
690 196 827 250 prima
863 197 1115 239 substantia.
1182 199 1224 238 et
1258 197 1362 238 haec
1398 200 1463 239 est

147 252 386 293 differentia
416 252 526 293 inter
556 255 724 295 terrena
755 268 931 309 corpora
962 258 1005 296 et
1036 269 1205 310 supera,
1236 255 1340 296 caeli
1370 254 1462 297 dieo

147 312 189 350 et
220 310 402 351 siderum
428 310 687 364 aliorumque
714 312 1028 367 elementorum,
1060 313 1170 366 quod
1195 313 1271 354 illa
1296 312 1459 366 quidem

146 381 312 408 sursum
345 369 547 409 arcessita
578 371 677 410 sunt
707 370 758 410 ad
791 370 957 411 animae
989 370 1128 412 sedem
1159 373 1200 411 et
1229 370 1461 411 inmortali-

145 427 278 466 tatem
304 439 354 466 ex
380 426 475 482 ipsa
491 428 643 468 natura
661 427 846 481 regionis
866 430 909 469 et
929 428 1201 469 sublimitatis
1223 427 1461 469 imitatione
1498 440 1514 466 5

144 486 403 525 meruerunt:
441 485 493 525 ad
531 484 635 526 haec
666 499 766 526 uero
797 487 966 527 terrena
990 499 1167 540 corpora
1198 485 1339 526 anima
1367 486 1463 538 ipsa

143 540 378 596 deducitur,
421 545 464 583 et
505 542 598 583 ideo
641 543 748 584 mori
790 543 987 595 creditur,
1039 557 1133 584 cum
1175 543 1219 584 in
1262 543 1461 584 caducam

20 618 22 620 >
76 597 127 638 17
142 599 358 652 regionem
391 601 433 640 et
464 600 507 641 in
541 599 680 641 sedem
713 601 989 642 mortalitatis
1020 601 1260 643 includitur.
1318 614 1394 642 nec
1418 602 1461 642 te

111 697 121 708 ,
140 660 330 710 moueat,
363 658 473 712 quod
505 657 555 698 de
588 658 745 712 anima,
777 673 902 713 quam
935 673 1026 700 esse
1056 659 1326 700 inmortalem
1357 658 1459 699 dici-

139 728 246 768 mus,
277 718 456 756 mortem
488 716 644 757 totiens
675 716 953 758 nominamus.
1008 719 1049 757 et
1079 717 1190 758 enim
1223 731 1299 757 sua
1324 718 1461 757 morte
1479 729 1512 754 10

140 772 283 814 anima
319 787 403 814 non
441 774 717 828 extinguitur,
754 775 824 815 sed
857 775 909 815 ad
940 777 1108 828 tempus
1140 775 1349 828 obruitur,
1384 787 1460 815 nec

139 831 364 884 temporali
383 832 644 872 demersione
667 832 917 873 beneficium
935 832 1232 886 perpetuitatis
1253 831 1459 882 eximitur,

139 901 234 928 cum
273 902 418 930 rursus
457 904 478 930 e
517 903 708 942 corpore,
745 890 818 930 ubi
849 891 1048 931 meruerit
1078 889 1332 943 contagione
1363 889 1458 930 uiti-

138 959 258 986 orum
283 947 449 999 penitus
476 947 650 988 elimata
674 948 866 1001 purgari,
899 948 950 988 ad
975 948 1169 1002 perennis
1188 947 1302 988 uitae
1322 947 1458 988 lucem

73 1003 125 1045 18
139 1003 337 1044 restituta
373 1005 417 1045 in
454 1005 662 1059 integrum
696 1007 947 1046 reuertatur.
1007 1005 1148 1059 plene,
1186 1007 1233 1045 ut
1264 1005 1458 1058 arbitror,
1479 1016 1511 1042 15

137 1060 188 1102 de
230 1062 321 1102 uita
365 1065 408 1103 et
444 1066 580 1104 morte
620 1063 786 1103 animae
824 1063 1012 1104 definitio
1050 1062 1202 1116 liquet,
1245 1076 1372 1115 quam
1409 1062 1458 1103 de

138 1119 278 1172 adytis
327 1119 626 1175 philosophiae
672 1120 863 1162 doctrina
906 1123 948 1161 et
991 1121 1200 1174 sapientia
1242 1119 1458 1162 Ciceronis

136 1177 291 1218 elicuit.

68 1255 173 1298 XIII
251 1257 332 1299 Sed
363 1257 505 1312 Scipio
542 1273 618 1313 per
655 1260 840 1313 quietem
880 1262 922 1300 et
952 1259 1084 1313 caelo,
1121 1258 1232 1312 quod
1263 1255 1309 1299 in
1338 1272 1455 1312 prae—

134 1315 267 1356 mium
299 1316 410 1357 cedit
440 1317 594 1368 beatis,
633 1320 677 1358 et
707 1317 988 1370 promissione
1019 1315 1338 1358 inmortalitatis
1369 1315 1454 1356 ani·
1473 1329 1507 1354 20

134 1376 275 1414 matus
311 1376 401 1415 tam
444 1374 677 1429 gloriosam
721 1389 838 1429 spem
880 1379 1050 1429 tamque
1092 1374 1281 1415 inclitam
1318 1372 1454 1428 magis

134 1431 356 1486 magisque
392 1432 580 1473 firmauit
610 1433 702 1474 uiso
733 1435 872 1486 patre,
910 1433 960 1473 de
991 1446 1072 1486 quo
1104 1434 1245 1473 utrum
1276 1432 1454 1483 uiueret,
1522 1451 1526 1474 ,ε

94 1489 230 1530 2011111
268 1489 404 1531 adhuc
441 1490 655 1531 uideretur
686 1491 897 1545 dubitare,
935 1490 1212 1544 quaesiuerat.
1274 1491 1454 1530 mortem

132 1547 263 1601 igitur
300 1548 428 1589 malle
465 1549 622 1603 coepit,
657 1550 705 1589 ut
740 1548 921 1590 uiueret:
959 1562 1036 1589 nec
1072 1546 1193 1588 flesse
1230 1548 1453 1588 contentus
1517 1581 1520 1582 γ

132 1605 225 1646 uiso
268 1608 442 1658 parente
485 1620 608 1660 quem
652 1606 886 1647 crediderat
928 1606 1177 1658 extinctum,
1219 1604 1293 1645 ubi
1335 1604 1451 1658 loqui
1470 1615 1505 1642 25

131 1677 256 1716 posse
299 1664 454 1717 coepit,
498 1665 578 1705 hoc
620 1664 805 1717 primum
847 1664 1026 1718 probare
1069 1663 1223 1715 uoluit,
1265 1662 1372 1703 nihil
1409 1676 1452 1703 se

132 1721 270 1775 magis
314 1721 568 1775 desiderare,
611 1736 738 1775 quam
782 1724 830 1762 ut
866 1736 961 1763 cum
998 1735 1046 1762 eo
1083 1721 1170 1762 iam
1205 1722 1450 1761 moraretur.

131 1792 207 1820 nec
246 1781 391 1821 tamen
423 1780 534 1834 apud
571 1794 630 1834 se,
669 1793 774 1833 quae
811 1779 1095 1832 desiderabat,
1131 1777 1323 1819 facienda
1354 1791 1451 1819 con-

132 1836 289 1890 stituit,
322 1839 419 1878 ante
452 1852 578 1892 quam
609 1837 864 1879 consuleret:
903 1851 1082 1891 quorum
1111 1850 1241 1877 unum
1271 1835 1452 1890 pruden—

132 1893 234 1944 tiae,
283 1895 463 1936 alterum
506 1895 677 1948 pietatis
721 1895 904 1936 adsertio
948 1896 1023 1936 est.
1095 1907 1205 1935 nunc
1247 1893 1341 1947 ipsa
1384 1892 1452 1934 uel
1470 1903 1486 1930 3
1504 1902 1508 1927 ἰ

61 1953 64 1957 ’
82 1951 118 1992 3
133 1952 392 1993 consulentis
412 1954 480 1993 uel
499 1953 796 2007 praecipientis
817 1953 948 1994 uerba
965 1954 1205 1994 tractemus.
1249 1964 1453 2004 quaeso,

123 2010 352 2086 3inquam,
384 2013 530 2063 pater
561 2011 886 2052 sanctissime
911 2012 1060 2064 atque
1087 2012 1302 2064 optume,
1334 2022 1451 2062 quo·
1498 2016 1504 2045 i

223 2150 245 2180 4
269 2145 474 2181 inmortahl'
494 2146 544 2182 P'
618 2151 637 2182 7
664 2147 810 2182 ducitur
833 2144 882 2182 P'
955 2149 976 2181 8
1000 2147 1038 2181 te
1063 2155 1129 2182 om.
1156 2145 1192 2179 P
1261 2148 1281 2179 9
1303 2154 1451 2179 immor-

130 2191 245 2227 talem
271 2193 307 2227 P
378 2197 420 2227 14
440 2194 546 2238 prior
568 2204 590 2228 a
613 2193 654 2228 in
673 2192 824 2228 elimata
842 2194 883 2228 in
900 2203 971 2228 ras.
992 2193 1033 2227 in
1053 2192 1090 2226 P
1161 2194 1203 2226 15
1229 2191 1384 2226 arbitror
1402 2189 1450 2225 P'
1488 2195 1493 2225 j

132 2242 175 2274 17
201 2239 350 2284 abdytif
368 2239 405 2274 P
495 2243 539 2274 20
564 2239 856 2275 immortalitatis
876 2239 913 2274 P
997 2242 1042 2273 24
1067 2238 1164 2284 cepit
1188 2237 1225 2273 P
1308 2241 1352 2273 27
1377 2248 1452 2272 lam

130 2295 196 2321 om.
225 2286 260 2320 P
329 2288 373 2320 29
400 2290 473 2331 qua
498 2287 584 2322 ante
608 2286 644 2320 P
713 2290 755 2321 32
782 2287 919 2331 optime
943 2285 979 2320 P
