1526 2444
160 64 245 106 600
456 65 604 103 COMM.
629 67 681 102 IN
708 66 847 104 SOMN.
875 67 985 103 SCIP.
1010 68 1136 104 LIBRI
1154 68 1188 103 Π

160 171 443 213 subiectarum
487 172 760 225 sphaerarum
802 173 990 215 ordinem
1039 177 1282 230 motumque
1331 190 1379 218 ac
1426 177 1476 218 de

159 231 278 270 motu
304 243 453 270 sonum
492 230 684 271 caelestis
715 231 898 272 musicae
929 232 1075 274 modos
1108 235 1149 274 et
1180 247 1379 276 numeros
1410 248 1476 275 ex·

158 287 387 340 plicantem
425 288 467 327 et
503 300 643 328 aerem
675 287 889 330 subditum
927 289 1051 331 lunae
1082 290 1302 333 Tullianus
1340 305 1476 333 sermo

157 357 232 397 per
278 344 516 386 necessaria
565 347 608 386 et
655 347 870 398 praesenti
918 348 1035 400 operi
1085 351 1184 403 apta
1231 349 1379 390 ductus
1423 349 1475 390 ad

157 404 315 443 terram
346 415 478 455 usque
517 402 750 457 descripsit,
780 404 914 456 ipsius
945 405 1030 446 iam
1065 408 1201 447 terrae
1233 406 1476 460 descriptio·
1511 417 1526 443 ⁵

116 458 254 500 finem
294 459 513 501 uerborem
550 474 719 514 parcus,
760 475 900 502 rerum
936 462 1137 504 fecundus
1175 464 1369 505 absoluit.
1433 467 1475 506 et

158 516 271 557 enim
309 518 494 571 maculas
525 517 839 559 habitationum
871 533 919 560 ac
949 519 999 560 de
1029 521 1131 574 ipsis
1162 521 1474 563 habitatoribus

157 574 262 615 alios
293 568 554 630 inteffuptos
586 575 886 630 aduersosque,
918 576 1078 620 oblicos
1109 578 1238 620 etiam
1269 581 1311 620 et
1339 581 1474 620 trans-

155 645 301 673 uersos
333 632 438 674 alios
457 633 713 675 nominando
738 635 930 676 terrenae
950 635 1154 689 sphaerae
1174 636 1474 690 globositatem

117 690 323 731 Gtantum
357 704 444 732 non
481 691 693 732 coloribus
723 692 869 745 pinxit.
927 692 1031 734 illud
1061 708 1227 748 quoque
1262 708 1348 735 non
1385 694 1475 736 sine
1495 705 1526 732 1⁰

155 746 411 801 perfectione
460 747 674 790 doctrinae
724 754 802 803 est,
845 749 955 803 quod
998 765 1091 792 cum
1133 751 1228 793 aliis
1270 765 1348 793 nos
1390 766 1476 794 non

156 805 319 859 patitur
350 819 506 860 errare,
543 806 615 860 qui
645 809 802 847 terram
840 808 968 848 semel
1005 809 1118 863 cingi
1150 808 1315 850 Oceano
1347 809 1475 850 credi-

156 864 316 904 derunt.
376 877 475 904 nam
507 864 543 904 si
574 864 750 905 dixisset
781 865 941 906 omnis
973 867 1108 907 terra
1138 880 1293 920 parua
1330 881 1474 920 quae-

156 919 263 961 dam
313 922 388 961 est
431 920 600 962 insula
657 921 962 963 circumfusa
1009 924 1100 965 illo
1150 923 1292 974 mari,
1346 938 1474 966 unum

158 977 313 1019 Oceani
342 978 548 1019 ambitum
574 978 757 1020 dedisset
779 980 982 1034 intellegi,
1009 981 1080 1022 sed
1105 981 1323 1022 adiciendo
1349 996 1473 1036 quae
1494 990 1526 1044 ις

157 1036 344 1077 colitur
388 1050 413 1077 a
455 1035 616 1090 uobis,
658 1050 802 1078 ueram
849 1037 938 1078 eius
982 1038 1249 1092 diuisionem,
1300 1040 1349 1080 de
1393 1054 1476 1093 qua
1519 1051 1526 1099 ὲ

156 1093 282 1147 paulo
306 1095 404 1147 post
427 1093 692 1148 disseremus,
717 1108 842 1135 nosse
861 1095 1126 1148 cupientibus
1151 1096 1475 1151 intellegendam

117 1151 140 1191 7
157 1150 338 1204 reliquit.
376 1151 426 1192 de
446 1151 629 1205 quinque
656 1154 795 1193 autem
816 1152 994 1206 cingulis
1014 1168 1078 1207 ne,
1097 1167 1265 1208 quaeso,
1280 1154 1474 1196 aestimes

156 1208 334 1250 duorum
381 1208 599 1250 Romanae
653 1209 876 1251 facundiae
923 1213 1144 1263 parentum
1193 1210 1378 1253 Maronis
1433 1215 1475 1253 et
1516 1234 1519 1235 ⁷

155 1265 287 1307 Tullii
327 1266 550 1307 dissentire
586 1267 837 1321 doctrinam,
881 1282 974 1309 cum
1005 1266 1082 1310 hic‘
1109 1269 1212 1323 ipsis
1250 1270 1472 1324 cingulis

153 1328 339 1365 terram
382 1324 667 1366 redimitam
703 1325 835 1379 dicat,
872 1326 944 1367 ille
980 1325 1132 1377 isdem,
1169 1341 1272 1381 quas
1313 1326 1472 1369 Graeco

154 1382 324 1423 nomine
349 1395 499 1423 zonas
526 1385 662 1436 uocat,
693 1382 861 1424 adserat
885 1383 1077 1425 caelum
1101 1385 1282 1438 teneri,
1312 1387 1472 1426 utrum-

155 1453 235 1493 que
261 1439 373 1480 enim
398 1439 688 1493 incorruptam
713 1454 940 1495 ueramque
970 1456 1047 1483 nec
1072 1442 1194 1483 alteri
1219 1442 1471 1484 contrariam

152 1497 347 1539 retulisse
382 1498 607 1551 rationem,
649 1498 898 1551 procedente
930 1498 1217 1553 disputatione
1247 1500 1471 1541 constabit.

113 1555 226 1596 8sed
265 1557 313 1596 ut
349 1555 507 1609 omnia,
543 1570 649 1609 quae
687 1555 768 1597 hoc
798 1556 891 1598 loco
929 1557 1193 1610 explananda
1228 1557 1472 1612 recepimus,
1508 1606 1511 1608 ,

153 1613 313 1667 liquere
349 1613 531 1666 possint,
567 1613 786 1655 habendus
823 1616 888 1654 est
923 1615 1106 1668 primum
1139 1629 1274 1656 sermo
1306 1615 1357 1656 de
1388 1615 1472 1656 cin-

153 1670 282 1724 gulis,
331 1671 430 1724 quia
479 1671 564 1712 situ
612 1685 755 1712 eorum
804 1674 902 1712 ante
952 1672 1096 1714 oculos
1145 1673 1283 1714 locato
1333 1675 1472 1714 cetera
1504 1700 1509 1731 j

153 1730 277 1769 erunt
303 1728 535 1770 intellectui
554 1729 765 1782 proniora.
812 1729 929 1782 prius
949 1732 1090 1771 autem
1114 1730 1294 1784 qualiter
1312 1733 1470 1772 terram

153 1788 367 1838 coronent,
398 1786 546 1827 deinde
577 1800 701 1840 quem
727 1787 779 1827 ad
809 1787 978 1828 modum
1005 1787 1164 1829 caelum
1189 1789 1372 1842 teneant,
1403 1802 1471 1829 ex-

112 1843 393 1895 9plieandum
435 1846 509 1885 est.
570 1846 684 1885 terra
730 1858 845 1886 nona
888 1849 930 1886 et
976 1845 1128 1886 ultima
1175 1845 1353 1899 sphaera
1395 1850 1469 1887 est.

151 1900 261 1941 hanc
299 1901 450 1942 diuidit
485 1901 679 1956 horizon,
715 1902 758 1943 id
795 1904 860 1943 est
896 1902 1032 1943 finalis
1064 1903 1262 1956 circulus,
1301 1903 1350 1944 de
1388 1917 1469 1956 quo
1493 1914 1503 1939 s

24 491 69 534 ί

246 2029 263 2059 1
284 2024 466 2069 sperarum
488 2026 524 2060 B
595 2029 616 2060 8
637 2026 807 2070 obliquos
816 2026 881 2069 pB
953 2029 973 2060 9
993 2026 1094 2074 spere,²
1112 2027 1148 2061 B
1214 2030 1257 2061 10
1276 2029 1416 2072 pmcnt
1433 2027 1470 2063 B

150 2075 194 2152 {i
219 2071 380 2152 {iffi
395 2071 466 2152 1³33
551 2074 593 2106 ¹⁵
606 2071 921 2162 213¹⁵z¹32¹5¹ffleffi
947 2072 1132 2164 ἷὲῗαΒΡΒ)
1162 2074 1472 2156 33503232525'
1490 2148 1498 2166 ,

150 2168 196 2199 24
219 2163 400 2198 retulisset
422 2164 458 2198 B
599 2168 642 2199 25
667 2163 721 2199 ret
745 2165 782 2199 Β
922 2168 967 2200 28
990 2165 1196 2201 mtellectm
1219 2167 1326 2201 erunt
1349 2167 1469 2211 (erunt
1492 2172 1495 2206 ζ

148 2207 365 2291 ἕζὲοξ’)1)ῗ
455 2213 499 2245 29
526 2212 700 2246 conorent
724 2211 767 2254 P,
793 2212 960 2247 cororent
978 2222 1007 2256 p
1101 2215 1146 2247 30
1169 2211 1273 2257 spera
1295 2211 1333 2246 B
1421 2214 1465 2246 81
1491 2223 1495 2238 -·
1523 2230 1526 2239 ‹
