1526 2444
569 55 571 58 ⁴
617 53 687 90 VII
704 57 798 90 4—9
1293 53 1379 97 155

119 177 292 206 necesse
322 165 389 205 est
418 163 578 205 multos
609 162 764 205 timeat
795 177 923 219 quem
954 162 1082 205 multi
1112 162 1280 205 timent.

33 261 119 302 quo
150 246 262 288 dicto
294 244 554 287 uniuersitas
585 244 738 300 populi
770 245 823 287 ad
856 245 996 288 solum
1023 243 1250 287 Caesarem
1282 246 1419 290 ocu-5

32 305 98 347 los
135 307 178 346 et
217 319 292 347 ora
330 304 562 359 conuertit,
597 306 800 346 notantes
838 304 1126 359 inpotentiam
1167 305 1256 347 eius
1294 305 1376 347 hac

32 363 256 406 dicacitate
309 363 555 418 lapidatam.
630 363 685 405 ob
731 363 852 406 haec'
880 364 923 404 in
968 362 1202 406 Publilium
1245 363 1378 406 uertit

0 422 237 464 sfauorem.
286 422 323 463 is
355 421 613 464 Publilius
645 422 821 464 natione
852 420 1027 477 Syrus,
1058 437 1155 464 cum
1186 437 1293 478 puer
1324 421 1418 469 ad6

29 483 261 536 patronum
293 481 455 523 domini
487 483 601 523 esset
631 481 855 535 adductus,
886 481 1126 536 promeruit
1158 496 1256 523 eum
1286 495 1377 524 non

29 539 171 582 minus
216 540 378 582 salibus
423 543 467 582 et
508 539 684 595 ingenio
728 555 858 595 quam
902 540 1053 582 forma.
1119 555 1221 582 nam
1264 539 1376 583 forte

29 611 126 640 cum
162 598 235 640 ille
274 613 445 640 seruum
484 613 607 641 suum
643 598 925 654 hydropicum
955 599 1169 641 iacentem
1199 600 1244 640 in
1276 614 1377 642 area

29 657 208 699 uidisset
250 657 613 712 increpuissetque
664 657 783 713 quid
826 658 877 699 in
922 657 1028 699 sole
1073 658 1270 716 faceret
1311 673 1376 700 re-

0 716 205 770 ospondit
231 731 410 771 aquam
437 715 693 759 calefacit.
732 715 914 759 ioculari
939 716 1090 758 deinde
1117 731 1246 772 super
1271 731 1376 759 cena

29 777 179 817 exorta
198 775 450 829 quaestione
478 774 728 829 quodnam
749 777 886 817 esset
906 775 1176 818 molestum
1196 775 1374 830 otium,

29 833 143 875 aliud
180 834 265 876 alio
297 834 499 888 opinante
533 833 607 875 ille
638 833 910 890 podagrici
947 834 1102 889 pedes
1136 834 1255 878 dixit.
1317 835 1414 880 ob7

26 891 132 934 haec
176 894 219 934 et
255 891 341 934 alia
377 907 505 934 manu
542 892 701 934 missus
741 896 784 935 et
823 893 986 935 maiore
1026 907 1129 935 cura
1166 893 1374 947 eruditus,

27 964 123 992 cum
154 950 309 993 mimos
342 954 629 1006 componeret,
660 951 913 1007 ingentique
941 951 1126 995 adsensu
1151 952 1198 994 in
1221 952 1374 994 Italiae

0 1009 195 1063 §oppidis
223 1023 350 1065 agere
376 1011 597 1065 coepisset,
625 1011 860 1066 productus
886 1010 1050 1054 Romae
1074 1026 1151 1067 per
1177 1010 1374 1054 Caesaris

26 1068 164 1123 ludos,
195 1083 344 1110 omnes
376 1069 449 1123 qui
479 1071 582 1111 tunc
615 1070 776 1124 scripta
808 1072 850 1111 et
882 1084 1035 1125 operas
1062 1085 1162 1112 suas
1187 1070 1233 1112 in
1258 1085 1372 1113 scae-

26 1141 126 1169 nam
162 1127 433 1182 locauerant,
469 1129 725 1182 prouocauit
761 1131 811 1170 ut
848 1128 1010 1185 singuli
1049 1143 1195 1171 secum
1230 1130 1374 1184 posita

26 1186 71 1226 in
103 1186 240 1228 uicem
271 1187 451 1229 materia
482 1201 560 1241 pro
586 1189 779 1242 tempore
806 1188 1123 1231 contenderent.
1177 1203 1255 1231 nec
1281 1188 1373 1231 ullo

25 1247 248 1286 recusante
275 1246 496 1299 superauit
522 1260 686 1301 omnes,
715 1246 759 1288 in
788 1247 883 1302 quis
908 1250 953 1289 'et
978 1246 1219 1290 Laberium.
1259 1248 1413 1294 unde8

0 1301 186 1347 »Caesar
217 1304 414 1346 adridens
444 1304 527 1347 hoc
558 1305 685 1348 modo
716 1306 1017 1360 pronuntiauit

84 1385 260 1427 fauente
291 1386 376 1427 tibi
406 1400 474 1428 me
505 1387 646 1429 uictus
679 1401 737 1439 es,
767 1387 935 1443 Laberi,
967 1403 993 1430 a
1024 1386 1134 1443 Syro

26 1467 260 1522 statimque
284 1467 472 1511 Publilio
498 1469 689 1523 palmam
716 1471 759 1511 et
783 1469 967 1512 Laberio
994 1471 1171 1513 anulum
1198 1486 1374 1514 aureum

26 1540 124 1592 cum
144 1526 390 1627 quingdenttis
411 1528 621 1628 sestetrtiis
642 1528 770 1571 dedit.
806 1531 908 1571 tunc
926 1528 1137 1572 Publilius
1164 1530 1218 1572 ad
1236 1530 1374 1573 Labe-

25 1599 139 1627 num
169 1599 262 1627 rece
295 1599 347 1627 en
369 1600 436 1628 em
469 1601 511 1628 ai

0 1681 11 1710 ⁵
87 1667 258 1722 quicum
284 1668 544 1711 contendisti
570 1669 766 1725 scriptor,
799 1670 912 1712 hunc
939 1673 1156 1726 spectator
1181 1671 1373 1714 subleua.

27 1749 99 1791 sed
144 1752 187 1791 et
222 1749 428 1792 Laberius
474 1751 668 1806 sequenti
713 1753 860 1795 statim
899 1753 1199 1796 commissione
1237 1754 1413 1799 mimo9

26 1821 138 1850 nouo
168 1808 384 1851 interiecit
413 1809 493 1852 hos
524 1825 675 1853 uersus

121 1963 138 1994 1
168 1960 206 1994 et
231 1963 274 1994 21
302 1960 435 2006 fragm.
463 1972 557 1997 corn.
582 1962 640 1997 ed.
667 1966 687 1997 2
713 1962 912 1998 Ribbeckii
936 1975 972 2008 p.
1000 1968 1068 1999 297

119 2104 140 2136 8
165 2102 427 2146 1mpotent1am
449 2102 486 2137 P
554 2107 577 2138 4
602 2103 735 2149 pubhfi
754 2104 819 2150 (B)
893 2109 914 2141 5
934 2105 1086 2151 publms
1101 2107 1163 2152 (B)
1225 2106 1318 2142 sirus
1337 2106 1375 2141 P

23 2149 47 2182 9
71 2147 402 2202 inqcrepmss&que
429 2149 482 2191 qd
504 2149 542 2185 P
613 2155 656 2186 10
677 2162 793 2187 coena
817 2152 881 2198 (P)
957 2157 998 2188 12
1027 2155 1179 2199 opinate
1205 2152 1253 2189 B'
1329 2158 1371 2190 13

25 2203 145 2230 malor
167 2195 215 2238 B,
241 2195 374 2231 maiori
399 2207 486 2232 eura
510 2198 531 2233 b
613 2201 657 2233 15
682 2199 909 2243 praeductos
929 2198 976 2235 B'
1056 2212 1199 2237 romam
1225 2203 1245 2237 b
1329 2205 1371 2237 19

26 2241 77 2276 ad
101 2241 182 2286 qml
204 2244 290 2279 add.
316 2243 422 2288 qulb3
449 2244 514 2279 Bm
586 2249 632 2281 20
658 2246 728 2282 hoc
753 2247 864 2283 modo
889 2258 958 2283 om.
987 2248 1023 2283 P
1087 2252 1132 2283 22
1157 2250 1286 2294 publio
1307 2249 1372 2295 (B)

27 2290 72 2323 23
96 2288 247 2333 publius
268 2290 333 2336 (P)
