1526 2444
633 71 667 108 11
693 76 830 108 12—21
1319 70 1408 112 483

63 181 114 223 de
140 181 204 223 dis
231 183 389 235 autem,
421 183 470 223 ut
501 180 601 236 dixi,
632 180 786 223 ceteris
813 182 856 222 et
882 179 932 222 de
959 180 1102 222 anima
1132 192 1221 221 non
1245 177 1406 220 frustra
1422 179 1476 221 17

63 254 123 296 se,
152 254 230 282 nec
255 242 304 282 ut
330 240 558 296 oblectent,
589 239 642 282 ad
673 239 872 282 fabulosa
904 239 1174 292 conuertunt,
1205 236 1280 280 sed
1306 237 1407 292 quia

0 342 4 348 ,
65 298 205 341 sciunt
235 298 454 341 inimicam
487 312 579 340 esse
620 300 800 340 naturae
832 300 1026 355 apertam
1057 296 1300 351 nudamque
1338 310 1406 338 ex-

64 357 324 412 positionem
345 357 423 409 sui,
442 371 550 412 quae
572 357 683 400 sicut
701 356 953 413 uulgaribus
967 356 1189 399 hominum
1210 354 1405 397 sensibus

6 411 44 455 ²⁶
63 416 333 458 intellectum
371 416 436 458 sui
467 416 590 458 uario
630 430 772 458 rerum
818 416 1010 470 tegmine
1057 414 1407 470 operimentoque

65 474 295 529 subtraxit,
338 475 400 517 ita
443 489 468 516 a
508 475 790 530 prudentibus
834 489 992 516 arcana
1036 488 1112 516 sua
1154 472 1293 515 uoluit
1331 486 1408 527 per

63 532 264 576 fabulosa
293 533 485 576 tractari.
548 534 608 576 sic
645 534 741 588 ipsa
777 532 985 588 mysteria
1020 533 1255 588 figurarum
1294 531 1408 573 cuni·
1425 531 1478 574 18

65 591 170 634 culis
210 592 480 647 operiuntur,
514 606 568 634 ne
605 592 674 634 uel
716 591 822 634 haec
860 591 1027 646 adeptis
1065 590 1224 632 nudam
1264 604 1409 632 rerum

64 650 216 692 talium
266 665 311 693 se
350 653 505 692 natura
543 651 750 706 praebeat
793 649 868 692 sed
909 650 1195 692 summatibus
1238 650 1407 690 tantum

13 721 47 748 ιο
64 708 170 751 uiris
203 709 415 764 sapientia
445 709 679 764 interprete
710 709 802 751 ueri
834 709 979 752 arcani
1006 708 1188 750 consciis
1219 708 1409 749 contenti

10 767 154 830 Xsint
191 768 343 822 reliqui
382 768 434 809 ad
472 767 794 810 uenerationem
830 767 980 822 figuris
1020 765 1343 808 defendentibus
1383 780 1408 807 a

39 831 46 843 ·’
64 826 232 868 uilitate
258 829 478 868 secretum.
539 825 754 868 Numenio
782 825 960 880 denique
985 825 1098 867 inter
1121 823 1407 880 philosophos
1423 824 1478 867 19

65 885 329 927 occultorum
362 885 586 927 curiosiori
618 884 826 927 offensam
856 884 1100 939 numinum,
1138 883 1253 938 quod
1283 883 1409 925 Eleu-

66 943 176 986 sinia
219 958 342 986 sacra
384 943 708 999 interpretando
752 943 1015 999 uulgauerit,
1059 942 1227 985 somnia
1268 941 1410 996 prodi-

10 1005 48 1041 1⁵
66 1002 219 1044 derunt
243 1002 338 1044 uiso
362 1002 445 1045 sibi
463 1003 578 1057 ipsas
599 1002 845 1044 Eleusinias
871 1002 972 1044 deas
994 1001 1148 1043 habitu
1167 1000 1408 1043 meretricio

66 1063 164 1103 ante
196 1063 391 1115 apertum
418 1061 601 1116 lupanar
625 1061 770 1103 uidere
801 1062 1059 1116 prostantes‚
1092 1059 1408 1114 admirantique

66 1122 110 1161 et
159 1134 308 1162 causas
357 1133 444 1161 non
493 1120 786 1162 conuenientis
830 1119 1080 1162 numinibus
1128 1117 1408 1173 turpitudinis

66 1179 306 1221 consulenti
348 1179 618 1234 respondisse
655 1178 811 1230 iratas,
855 1179 908 1221 ab
953 1179 1048 1232 ipso
1094 1192 1138 1219 se
1182 1178 1233 1219 de
1277 1177 1408 1231 adyto

66 1237 298 1292 pudicitiae
342 1251 443 1279 suae
489 1237 533 1279 ui
576 1238 816 1280 abstractas
862 1239 905 1280 et
947 1237 1111 1291 passim
1155 1236 1409 1278 adeuntibus

14 1300 50 1335 20
67 1295 335 1351 prostitutas.
387 1296 493 1338 adeo
520 1310 686 1351 semper
705 1297 767 1338 ita
793 1310 838 1338 se
858 1298 902 1338 et
927 1295 1027 1337 sciri
1053 1298 1096 1337 et
1121 1296 1203 1337 coli
1233 1293 1410 1336 numina
1424 1297 1482 1339 20

67 1354 328 1409 maluerunt,
361 1355 546 1409 qualiter
576 1355 621 1396 in
652 1354 807 1410 uulgus
839 1354 1076 1409 antiquitas
1107 1353 1302 1396 fabulata
1334 1355 1412 1407 est,

68 1427 175 1468 quae
195 1416 238 1455 et
256 1414 466 1469 imagines
488 1416 531 1455 et
557 1413 786 1456 simulacra
805 1413 1043 1455 formarum
1061 1412 1215 1454 talium
1233 1426 1410 1467 prorsus

0 1505 22 1530 4
69 1472 218 1514 alienis
250 1474 293 1514 et
324 1475 487 1514 aetates
524 1474 615 1514 tam
652 1472 908 1514 incrementi
946 1486 1075 1527 quam
1113 1470 1410 1512 diminutionis

0 1543 38 1563 N
68 1530 231 1586 ignaris
282 1533 325 1573 et
373 1531 554 1573 amictus
605 1533 866 1586 ornatusque
921 1530 1066 1572 uarios
1121 1543 1276 1584 corpus
1326 1543 1412 1571 non

15 1590 50 1629 5⁵
67 1588 329 1632 habentibus
379 1590 637 1645 adsignauit.
710 1589 943 1632 secundum
992 1589 1098 1630 haec
1141 1587 1410 1643 Pythagoras
1424 1590 1480 1635 21

67 1647 160 1715 ipse
193 1651 321 1703 atque
351 1647 654 1716 Empedocles,
690 1648 964 1690 Parmenides
998 1661 1166 1713 quoque
1199 1649 1241 1688 et
1278 1645 1412 1713 Hera:

68 1707 878 1822 {332211322323125333335233312555
891 1720 1045 1819 εἰὲἓὲῗ,
1076 1706 1301 1807 ἷὲἓὲὲἰΐέἑ
1334 1720 1413 1806 ἓέἷῗ

165 1886 183 1915 1
211 1881 284 1916 dus
302 1881 347 1925 P,
372 1881 421 1916 ns
440 1891 532 1917 corr.
557 1882 600 1917 in
623 1880 697 1916 dur
718 1881 754 1916 Β
851 1884 871 1916 2
899 1879 1062 1915 oblectet
1086 1879 1134 1915 B'
1230 1880 1413 1916 conuerti-

69 1928 130 1963 tur
154 1927 192 1962 Β
275 1931 296 1962 3
321 1938 474 1963 mimica
492 1928 528 1963 B
601 1933 622 1964 6
642 1929 804 1963 archana
823 1928 867 1972 P,
893 1928 1005 1963 archa
1022 1937 1113 1963 corr.
1133 1927 1176 1963 in
1194 1927 1358 1962 archana
1377 1927 1414 1962 Β

70 1979 91 2009 ’1
117 1975 279 2010 m1ster10
307 1976 344 2010 B
463 1979 484 2010 8
509 1975 610 2011 nuda
636 1975 708 2010 PB
822 1979 842 2010 9
869 1978 1003 2010 natura
1027 1973 1063 2009 se
1089 1974 1132 2019 P,
1157 1976 1290 2011 nature
1315 1974 1351 2009 se
1377 1974 1413 2009 B

70 2026 116 2057 10
141 2026 308 2067 contep'u
332 2021 404 2057 sint
422 2022 468 2066 P,
493 2021 676 2058 contentis
698 2032 789 2058 corr.
810 2023 852 2057 in
874 2022 1039 2057 contenti
1056 2021 1130 2056 sint
1146 2022 1183 2056 Β
1257 2025 1300 2056 15
1321 2021 1419 2057 uisas

27 2073 34 2119 ’ξ
70 2068 141 2104 ΡΒ
207 2068 418 2114 eleussuuas
431 2070 469 2105 B
537 2072 580 2105 16
599 2068 729 2104 ludere
747 2067 940 2116 &strantes
954 2068 998 2113 P,
1022 2069 1151 2104 uidere
1202 2068 1363 2104 strantes
1377 2069 1414 2104 Β

118 2117 404 2161 ammirantique
425 2117 463 2152 P
521 2120 564 2152 18
584 2117 686 2152 ad1to
700 2116 772 2152 PB
834 2119 876 2152 19
897 2116 943 2150 ab
963 2115 1138 2150 euntibus
1188 2144 1197 2160 ,
1218 2116 1414 2158 adeunt1b3

71 2162 120 2207 B,
142 2165 158 2197 1
184 2163 208 2198 b
233 2164 319 2199 add.
339 2164 360 2199 b
498 2166 543 2198 20
567 2174 710 2199 nummi
734 2162 781 2198 B'
921 2166 967 2198 23
992 2164 1128 2198 moreti*
1151 2163 1198 2207 B,
1223 2162 1255 2197 ti
1281 2164 1365 2198 add.
1393 2163 1413 2198 b

71 2212 117 2244 24
139 2207 327 2255 hornafm
352 2210 388 2245 B
460 2213 505 2245 25
532 2210 733 2256 affignauit
756 2211 793 2246 P
861 2209 1092 2255 phytagoras
1110 2209 1148 2245 P
1218 2213 1262 2245 26
1282 2210 1414 2246 erach-

70 2255 133 2290 tus
147 2256 218 2292 PB
291 2261 336 2293 27
356 2257 402 2292 de
423 2257 495 2292 dns
508 2258 551 2293 in
567 2269 639 2294 ras.
660 2259 702 2293 in
721 2258 758 2293 Β
818 2256 954 2292 timeus
971 2257 1043 2292 PB
1115 2259 1161 2291 28
1181 2256 1418 2303 esse*cultus

31 2307 33 2310 '
71 2302 127 2347 (in
143 2314 216 2340 ras.
235 2304 311 2348 fuit
328 2316 362 2348 r;
384 2305 473 2350 quid
486 2315 559 2350 pro
572 2315 592 2340 c
606 2306 783 2351 primitus
794 2305 970 2351 scriptum
982 2304 1095 2348 fuerit
1105 2315 1181 2341 ‘non
1193 2305 1362 2350 dispicio)
1376 2303 1412 2337 B

1060 2362 1133 2398 31*
