1526 2444
628 70 714 106 VIII
738 74 854 107 6—-11
1342 71 1429 113 519

79 179 191 221 iuste
235 193 284 221 ac
326 179 507 233 prouide
551 179 795 234 gubernans
840 179 1046 235 humana,
1085 193 1173 222 non
1217 179 1430 222 deserens.

80 237 300 292 secundae,
333 252 439 292 quas
472 239 748 294 purgatorias
779 240 951 291 uocant,
983 238 1173 280 hominis
1207 240 1323 292 sunt,
1355 239 1431 293 qui

80 296 212 338 diuini
260 311 394 351 capax
439 299 522 352 est,
566 297 788 352 solumque
828 297 1019 351 animum
1057 296 1148 340 eius
1188 297 1431 352 expediunt,

80 355 152 410 qui
184 355 374 398 decreuit
405 370 448 398 se
482 370 507 397 a
532 357 722 411 corporis
754 357 1010 412 contagione
1042 370 1228 411 purgare
1254 359 1298 398 et
1328 371 1431 411 qua-

46 426 63 452 5
83 414 182 455 dam
212 414 500 456 humanorum
538 415 645 470 fuga
676 416 780 458 solis
819 430 863 458 se
895 417 1086 457 inserere
1119 415 1287 458 diuinis.
1348 416 1431 458 hae

81 474 181 514 sunt
212 473 469 529 otiosorum,
506 474 580 529 qui
617 489 643 516 a
679 489 822 517 rerum
861 475 1133 529 publicarum
1179 475 1348 516 actibus
1386 489 1431 517 se

81 534 363 586 sequestrant.
414 533 570 574 harum
596 533 697 588 quid
729 534 925 589 singulae
951 533 1102 589 uelint,
1133 533 1329 588 superius
1362 548 1431 575 ex-

78 591 326 645 pressimus,
338 605 434 633 cum
451 592 501 633 de
516 591 750 634 uirtutibus
763 592 1168 647 philosophantium
1182 592 1432 647 diceremus,

82 663 187 703 quas
213 649 330 691 solas
355 650 527 704 quidem
554 650 896 693 aestimauerunt
921 665 1014 693 esse
1034 651 1429 710 uirtutesxtertiae
1445 654 1471 696 9

27 720 61 746 10
81 710 180 749 sunt
222 709 397 764 purgati
446 709 532 751 iam
583 709 875 764 defaecatique
920 710 1074 765 animi,
1124 714 1168 752 et
1212 711 1266 752 ab
1313 711 1431 753 omni

79 766 225 808 mundi
263 767 389 809 huius
429 768 655 824 aspergine
691 783 838 823 presse
876 782 1065 823 pureque
1104 768 1274 810 detersi.
1341 769 1431 811 illic

78 825 331 879 prudentiae
364 828 430 868 est
461 826 607 868 diuina
636 841 724 870 non
750 827 872 881 quasi
899 827 945 868 in
972 827 1180 870 electione
1211 827 1430 882 praeferre

78 882 153 925 sed
191 884 286 926 sola
321 899 468 940 nosse,
506 887 548 927 et
584 885 691 928 haec
726 888 950 941 tamquam
990 886 1102 928 nihil
1135 886 1192 928 sit
1223 887 1338 929 aliud
1369 887 1430 929 in-

78 942 205 984 tueri:
237 944 546 998 temperantiae
571 946 765 987 terrenas
792 945 1052 999 cupiditates
1083 960 1170 987 non
1196 946 1429 1000 reprimere

24 1013 59 1039 15
79 1001 152 1043 sed
162 1002 333 1056 penitus
352 1003 568 1047 obliuisci:
587 1003 856 1046 fortitudinis
876 1004 1099 1058 passiones
1114 1005 1325 1060 ignorare,
1341 1020 1428 1048 non

75 1059 266 1115 uincere,
306 1064 354 1103 ut
395 1062 601 1104 nesciat
631 1063 808 1118 irasci,
846 1063 1020 1118 cupiat
1050 1063 1197 1105 nihil:
1236 1064 1429 1106 iustitiae

75 1117 139 1160 ita
171 1133 267 1161 cum
294 1134 449 1174 supera
475 1122 518 1162 et
543 1121 688 1163 diuina
715 1124 859 1164 mente
886 1122 1055 1176 sociari,
1087 1125 1136 1164 ut
1162 1126 1305 1165 seruet
1334 1137 1430 1178 per-

75 1179 253 1231 petuum
286 1193 382 1221 cum
414 1194 464 1221 ea
494 1179 645 1222 foedus
676 1181 900 1223 imitando.
962 1184 1141 1236 quartae
1173 1184 1286 1236 sunt,
1318 1197 1426 1237 quae
1444 1184 1500 1226 10

75 1237 122 1277 in
186 1236 282 1290 ipsa
345 1237 490 1280 dinina
540 1241 683 1282 mente
740 1239 1000 1294 consistunt,
1063 1255 1192 1296 quam
1242 1241 1427 1284 diximus

25 1308 59 1334 20
77 1300 188 1337 νοῦν
220 1296 384 1351 uocari,
428 1312 453 1338 a
485 1312 666 1352 quarum
698 1299 893 1352 exemplo
931 1299 1122 1354 reliquae
1161 1315 1309 1343 omnes
1350 1316 1429 1356 per

78 1354 270 1396 ordinem
295 1355 507 1398 defluunt:
547 1371 648 1398 nam
675 1357 712 1399 si
736 1371 879 1399 rerum
901 1357 1097 1412 aliarum,
1123 1360 1260 1401 multo
1286 1360 1426 1415 magis

78 1412 286 1455 uirtutum
328 1414 447 1457 ideas
493 1429 586 1457 esse
629 1416 674 1457 in
712 1419 856 1458 mente
897 1416 1154 1458 credendum
1194 1420 1272 1460 est.
1338 1419 1428 1461 illic

74 1471 304 1526 prudentia
335 1475 402 1515 est
433 1488 553 1516 mens
585 1475 681 1529 ipsa
713 1475 877 1529 diuina,
908 1477 1206 1531 temperantia,
1238 1478 1351 1532 quod
1382 1478 1428 1520 in

76 1544 120 1571 se
159 1534 367 1586 perpetua
403 1533 645 1575 intentione
684 1548 892 1577 conuersa
924 1538 1009 1590 est,
1044 1535 1275 1591 fortitudo,
1313 1537 1426 1592 quod

24 1599 58 1627 25
77 1602 245 1643 semper
269 1590 383 1633 idem
408 1593 475 1633 est
498 1607 576 1634 nec
608 1593 837 1647 aliquando
863 1596 1067 1649 mutatur,
1098 1595 1281 1650 iustitia,
1311 1596 1426 1651 quod

4 1686 7 1688 μ
72 1649 252 1702 perenni
277 1649 373 1706 lege
399 1666 424 1692 a
451 1652 712 1706 sempiterna
731 1652 872 1707 operis
899 1653 965 1694 sui
991 1654 1313 1696 continuatione
1338 1670 1425 1697 non

73 1705 271 1750 flectitur.
331 1709 437 1752 haec
493 1714 593 1753 sunt
649 1713 956 1766 quaternarum
1012 1715 1218 1768 quattuor
1267 1728 1424 1769 genera
1441 1716 1494 1758 11

73 1765 296 1822 uirtutum,
321 1782 429 1823 quae
453 1772 626 1823 praeter
651 1773 793 1813 cetera
820 1771 1052 1813 maximam
1077 1772 1123 1814 in
1147 1773 1422 1828 passionibus

74 1823 236 1867 habent
267 1826 553 1870 differentiam
585 1829 662 1871 sui.
691 1868 693 1871 ,
724 1830 949 1884 passiones
983 1833 1140 1887 autem,
1172 1834 1221 1873 ut
1252 1832 1422 1886 scimus,

14 1894 54 1921 '⁸0
74 1886 294 1939 uocantur,
326 1886 439 1939 quod
469 1887 667 1929 homines

166 2026 189 2057 4
214 2024 523 2071 contagifitatlone
543 2026 586 2070 P,
613 2028 816 2073 cogitatioe
841 2029 878 2063 B
951 2031 972 2062 5
999 2029 1068 2076 hec
1087 2030 1124 2064 P
1195 2033 1215 2065 6
1235 2030 1271 2065 se
1297 2042 1364 2066 om.
1385 2033 1422 2067 B

75 2072 93 2103 7
119 2068 350 2113 sequestrans
369 2071 416 2106 B'
496 2084 560 2117 qui
589 2073 638 2108 P'
714 2079 735 2110 9
763 2074 1028 2122 eftlmauerant
1052 2073 1102 2111 P'
1191 2081 1235 2113 10
1262 2078 1420 2124 defat1q3

72 2125 164 2152 corr.
189 2117 232 2152 in
256 2117 480 2164 defaecat1q3
505 2121 547 2155 in
571 2121 609 2156 B
694 2121 857 2159 &*ab*
881 2122 919 2158 P
999 2127 1041 2158 11
1070 2123 1228 2170 depresfi
1253 2126 1291 2161 P
1377 2131 1421 2162 10

71 2161 231 2199 lechone
254 2165 292 2200 P
362 2169 405 2200 13
431 2166 485 2202 set
509 2164 556 2202 B'
629 2170 710 2204 taffi
734 2170 781 2215 (h.
802 2181 828 2205 e.
849 2171 991 2216 tamen)
1010 2170 1107 2205 n1h1l
1125 2171 1162 2206 B
1237 2175 1281 2208 16
1301 2174 1421 2218 cupi*

73 2210 113 2244 at
138 2210 177 2245 P
213 2258 220 2266 ι
271 2215 314 2248 18
340 2213 449 2261 fedus
468 2214 539 2248 PB
635 2220 681 2251 20
705 2217 746 2262 pl
775 2218 818 2252 in
850 2217 982 2263 exePlo
1008 2219 1050 2253 in
1074 2230 1148 2255 ναε.
1174 2222 1196 2255 4
1221 2221 1289 2256 litt.
1315 2222 1358 2255 in
1383 2221 1421 2255 B

73 2259 117 2290 23
142 2268 180 2293 19.
203 2270 246 2294 m
270 2260 470 2305 prudentla
494 2262 536 2296 in
559 2273 632 2299 ras.
658 2265 701 2299 in
725 2264 763 2299 P
861 2269 907 2299 24
933 2265 985 2300 est
1010 2276 1076 2301 om.
1107 2265 1156 2300 P'
1266 2271 1310 2303 26
1337 2278 1420 2313 per-

9 2343 12 2346 *
72 2301 186 2348 heum
211 2306 249 2341 P
319 2310 363 2343 27
390 2310 549 2353 quatuor
574 2310 612 2345 P
678 2313 724 2346 30
750 2311 879 2348 omnes
898 2312 935 2347 B
