1526 2444
150 83 235 124 130
663 83 760 120 SAT.
786 83 914 120 LIBRI
937 83 954 118 I
1490 0 1526 172 ,1

149 192 249 233 licet
287 190 368 232 hoc
406 203 571 245 quoque
610 189 745 232 eidem
781 205 937 233 nomen
973 190 1192 246 inuideris,
1234 190 1332 232 audi
1369 192 1470 247 quid
1515 175 1526 234 ἰ;

149 250 199 291 de
255 249 396 304 operis
445 249 510 289 sui
558 248 785 303 multiplici
833 249 1025 291 doctrina
1073 250 1162 303 ipse
1211 250 1470 303 pronuntiet.
1515 244 1526 306 ξ

150 308 283 362 ipsius
309 307 422 348 enim
447 305 632 348 Maronis
659 307 851 361 epistula,
877 322 959 361 qua
985 308 1198 361 conpellat
1217 308 1471 362 Augustum,

83 366 210 410 nita
240 365 389 419 incipit
424 377 514 419 ego
546 378 664 406 uero
695 364 990 419 frequentes
1022 379 1047 406 a
1077 369 1125 406 te
1155 365 1362 406 litteras
1394 379 1468 407 ac·
1514 371 1523 386 ²

1517 346 1526 370 ἣ

150 424 282 478 cipio
310 425 353 464 et
377 421 488 464 infra
513 421 568 463 de
591 422 758 463 Aenea
783 422 981 476 quidem
1000 437 1125 476 meo,
1155 423 1197 464 si
1223 422 1469 465 mehercle
1500 386 1526 477 ἐ

148 482 246 523 iam
296 481 499 535 dignum
549 480 755 521 auribus
804 480 1037 521 haberem
1078 481 1200 535 tuis,
1249 481 1471 523 libenter
1512 476 1526 583 Ξ

149 540 419 592 mitterem,
452 537 537 579 sed
566 540 711 579 tanta
742 538 986 579 inchoata
1009 552 1088 579 res
1115 541 1208 589 est,
1238 540 1292 579 ut
1316 553 1516 595 paene
1518 543 1526 562 ·“

148 598 279 639 uitio
340 596 522 637 mentis
588 598 785 637 tantum
846 610 968 649 opus
1027 596 1288 651 ingressus
1350 596 1471 637 mihi

147 656 338 709 uidear,
380 668 486 695 cum
528 654 849 707 praesertim,
890 656 943 695 ut
979 653 1096 708 scis,
1139 654 1240 696 alia
1277 668 1470 708 quoque
1516 652 1526 701 ἶ

150 713 317 755 studia
349 712 408 754 ad
438 711 486 753 id
517 726 640 766 opus
671 712 927 777 multoque
958 712 1158 765 potiora
1187 712 1468 766 impertiar.
1487 719 1526 771 ιᾴζ

59 775 225 814 ’121180
262 772 329 812 his
359 769 543 824 Vergilii
578 770 720 811 uerbis
758 770 881 823 eopia
916 784 1058 811 rerum
1096 770 1305 823 dissonat,
1343 784 1470 824 quam

83 1178 135 1219 13
151 1176 455 1219 existimandus
493 1176 558 1217 sit.
620 1175 693 1228 sed
729 1190 825 1229 nos,
863 1189 967 1230 quos
1004 1189 1147 1217 crassa
1177 1174 1370 1216 Minerua
1406 1175 1472 1216 de·
1507 1186 1510 1188 ’

80 1351 136 1392 14
150 1352 266 1393 cultu
291 1350 545 1393 celebranda
567 1349 845 1403 praebeamus
870 1349 1035 1391 reclusa
1059 1349 1306 1402 penetralia.
1354 1351 1396 1390 et
1419 1363 1472 1390 ne

81 1876 134 1917 15
148 1870 439 1914 conferamus?
502 1871 656 1911 mirum
692 1871 736 1911 in
767 1870 937 1912 modum
968 1870 1230 1912 alacritatem
1263 1870 1470 1924 omnibus,

148 830 336 884 plerique
362 841 507 870 omnes
532 828 793 870 litteratores
818 827 996 881 pedibus
1022 828 1167 869 inlotis
1190 830 1470 882 praetereunt,
1516 819 1526 906 i

147 892 366 942 tamquam
409 885 516 927 nihil
553 886 667 927 ultra
703 886 928 927 uerborum
966 886 1308 940 explanationem
1344 886 1472 927 liceat

147 960 272 987 nosse
309 944 600 999 grammatico.
659 944 721 985 ita
758 944 840 985 sibi
873 943 975 985 belli
1004 944 1077 984 isti
1106 943 1300 985 homines
1332 946 1469 986 certos
1518 948 1526 983 ἓ

150 1003 349 1045 scientiae
391 1002 496 1043 fines
539 1004 582 1043 et
622 1002 741 1043 uelut
783 1001 988 1056 quaedam
1029 1001 1220 1055 pomeria
1262 1004 1305 1043 et
1347 1002 1472 1043 effata
1502 1031 1504 1033 »

151 1063 401 1116 posuerunt,
447 1059 562 1101 ultra
610 1074 716 1113 quae
765 1059 897 1114 siquis
941 1059 1083 1115 egredi
1126 1059 1296 1113 audeat,
1343 1060 1472 1101 intro-

150 1119 337 1173 spexisse
379 1119 425 1159 in
468 1118 613 1159 aedem
651 1117 769 1171 deae,
813 1132 838 1158 a
878 1132 961 1172 qua
998 1131 1135 1159 mares
1174 1118 1472 1170 absterrentur,

149 1236 278 1289 decet,
303 1249 389 1276 non
413 1234 625 1287 patiamur
651 1234 847 1275 abstrusa
867 1247 956 1275 esse
977 1233 1106 1287 adyta
1126 1233 1233 1275 sacri
1250 1233 1472 1287 poematis,

150 1294 222 1335 sed
265 1306 517 1335 arcanorum
560 1305 758 1333 sensuum
800 1291 1058 1346 inuestigato
1096 1291 1212 1332 aditu
1251 1291 1470 1333 doctorum
1504 1343 1506 1345 .

148 1409 294 1451 uidear
336 1409 445 1450 uelle
489 1408 634 1449 omnia
674 1421 782 1448 unus
826 1407 1041 1461 amplecti,
1084 1407 1268 1462 spondeo
1311 1407 1472 1450 uiolen-

149 1467 318 1509 tissima
348 1467 520 1508 inuenta
549 1466 618 1507 uel
650 1479 772 1507 sensa
799 1465 1036 1507 rhetoricae
1061 1465 1107 1506 in
1132 1464 1380 1519 Vergiliano
1405 1479 1472 1506 me

149 1539 277 1579 opere
331 1525 740 1577 demonstraturum,
794 1522 980 1565 Eusebio
1039 1525 1200 1578 autem,
1254 1526 1471 1565 oratorum

149 1582 509 1638 eloquentissimo,
538 1596 621 1623 non
653 1581 865 1636 praeripio
898 1581 948 1622 de
979 1581 1166 1622 oratoria
1197 1580 1308 1635 apud
1333 1580 1470 1622 Maro·
1503 1630 1507 1632 ἡ

148 1656 246 1682 nem
277 1643 368 1683 arte
398 1641 642 1693 tractatum,
674 1653 798 1693 quem
829 1641 872 1680 et
901 1639 1094 1680 doctrina
1125 1641 1167 1679 et
1195 1638 1368 1680 docendi
1393 1653 1472 1680 usu

149 1699 298 1740 melius
319 1701 581 1751 exsequetur.
622 1697 808 1750 reliquos
828 1710 986 1750 omneS,
1007 1696 1079 1762 qui
1102 1696 1272 1750 adestis,
1295 1697 1472 1762 inpense

148 1760 344 1811 precatus
387 1756 484 1809 sim,
526 1758 574 1796 ut
616 1754 716 1808 quid
752 1756 942 1796 uestrum
979 1755 1156 1808 quisque
1198 1755 1470 1809 praecipuum

149 1814 230 1856 sibi
262 1813 528 1855 adnotauerit
553 1812 602 1853 de
627 1811 818 1854 Maronis
843 1812 1028 1867 ingenio,
1057 1812 1176 1854 uelut
1199 1827 1250 1853 ex
1275 1812 1470 1866 symbola

148 1931 219 1984 qui
247 1929 435 1980 aderant,
459 1929 563 1970 haec
587 1928 718 1969 uerba
742 1930 1008 2016 pepererunt,
1033 1930 1076 1969 et
1101 1928 1332 1983 adsurgens
1359 1928 1468 1982 quis-

240 2060 260 2089 3
287 2055 440 2099 epistola
457 2054 524 2099 ΡΒ
601 2064 711 2098 quam
735 2053 853 2098 pellat
875 2051 921 2088 B'
1004 2058 1025 2088 4
1050 2055 1104 2088 ita
1128 2063 1192 2089 om.
1217 2050 1263 2086 B'
1337 2055 1358 2086 5
1383 2063 1406 2087 a
1428 2053 1471 2087 in
1504 2059 1506 2061 ’

147 2111 239 2148 enea
263 2105 295 2136 et
320 2101 429 2146 quide
454 2102 496 2136 in
519 2111 591 2135 ras.
618 2101 659 2135 in
683 2100 719 2135 P
789 2103 829 2135 11
856 2111 937 2145 uirg
939 2099 997 2134 1111
1020 2099 1056 2134 Β
1130 2103 1171 2134 12
1199 2098 1326 2134 inlotis
1346 2109 1411 2134 om.
1435 2098 1473 2134 P

149 2152 191 2183 16
216 2158 318 2192 aegr1
320 2114 477 2185 qaudeat
501 2144 547 2181 B'
636 2150 677 2181 19
703 2147 805 2182 adita
827 2112 937 2181 BPg
981 2150 1026 2181 20
1051 2145 1292 2181 archanorum
1319 2145 1355 2178 P
1424 2148 1469 2179 23

146 2195 327 2230 rethorice
351 2194 395 2237 P,
420 2193 602 2239 rethorice
627 2193 663 2227 P
766 2193 964 2238 uirgihano
989 2191 1036 2226 P
1046 2192 1083 2227 B
1182 2195 1226 2227 26
1252 2193 1471 2227 arte****

147 2241 267 2286 (etiam
292 2241 371 2275 arte
395 2241 437 2275 in
459 2240 546 2283 ras.)
571 2240 608 2274 P
689 2242 731 2273 27
758 2239 919 2284 impense
944 2239 981 2274 P
1059 2242 1104 2274 29
1128 2237 1282 2274 simbola
1308 2237 1352 2282 P,
1377 2237 1468 2281 sym-

145 2287 232 2323 bala
257 2286 302 2322 B'
376 2290 419 2321 31
447 2297 512 2330 qui
536 2286 716 2321 adherant
740 2286 780 2320 in
804 2296 875 2321 ras.
901 2287 942 2321 in
969 2286 1004 2319 P
