1526 2444
1508 0 1526 71 l

145 96 231 137 570
443 97 591 133 COMM.
615 97 667 133 IN
693 97 834 134 soMN.
860 98 970 135 SOIP.
996 99 1125 134 Lisai
1147 100 1164 134 1
1518 72 1526 167 Ι

145 204 316 244 notatus
343 205 419 257 est,
449 203 678 257 habitaque
705 203 964 246 dimensione
988 205 1099 246 inter
1125 207 1271 248 ambas
1297 207 1464 249 umbra·
1522 211 1526 269 ξ

144 275 237 302 rum
275 263 417 313 notas,
461 274 566 315 quae
607 262 819 316 integrum
857 263 958 304 solis
997 264 1158 317 orbem,
1200 264 1242 305 id
1280 268 1344 306 est
1380 265 1465 306 dia·

143 320 338 371 metrum,
363 320 488 358 natae
515 318 564 359 de
591 318 752 360 duabus
779 320 867 361 eius
888 321 1201 362 summitatibus
1221 322 1464 376 metiuntur,
1517 322 1526 378 ]

144 390 243 428 pars
268 389 380 417 nona
404 379 571 428 reperta
597 378 662 417 est
686 378 772 418 eius
802 378 942 431 spatii,
973 379 1083 433 quod
1109 393 1133 420 a
1159 394 1322 421 summo
1349 380 1463 421 uasis
1520 398 1526 416 ε

73 434 130 475 30
143 434 262 474 labro
299 448 431 487 usque
470 434 522 474 ad
560 434 688 475 horae
725 435 887 488 primae
924 436 1079 477 lineam
1111 437 1359 479 continetur.
1420 440 1463 479 et

143 505 194 531 ex
229 490 309 532 hoc
346 491 555 544 constitit,
592 492 702 546 quod
741 494 784 533 in
816 507 938 534 cursu
971 494 1070 535 solis
1102 509 1230 535 unam
1261 496 1463 548 temporis
1520 537 1521 545 ,

144 549 464 602 aequinoctialis
495 550 644 591 horam
674 550 803 591 faciat
833 551 1035 604 repetitus
1061 551 1207 593 nouies
1234 552 1349 594 orbis
1375 554 1462 594 eius
1518 551 1526 593 l

143 620 355 660 accessus,
411 610 453 648 et
503 608 599 662 quia
649 609 870 650 conuersio
921 609 1115 650 caelestis
1164 610 1464 675 hemisphaerii
1518 651 1519 655 ,

141 664 323 718 peractis
366 665 481 706 horis
526 665 744 707 duodecim
788 666 898 707 diem
941 667 1094 719 condit,
1137 667 1282 708 nouies
1323 671 1460 709 autem

142 723 320 764 duodeni
364 723 551 764 efficiunt
588 727 754 764 centum
792 727 904 778 octo,
947 725 1036 766 sine
1073 700 1199 766 dubio
1237 725 1340 766 solis
1377 725 1462 767 dia·
1482 738 1498 762 1

141 783 299 822 metros
319 781 551 822 centesima
571 784 613 822 et
632 785 783 822 octaua
802 797 900 835 pars
921 782 1220 836 hemisphaerii
1239 784 1464 837 aequinoc-

139 838 256 879 tialis
276 842 352 890 est,
377 852 478 892 ergo
500 839 632 880 totius
658 839 980 904 aequinoctialis
1006 840 1150 881 circuli
1177 841 1464 882 ducentesima

38 910 49 923 '¹
69 897 123 939 31
140 898 258 937 sexta
290 896 451 937 decima
481 911 580 950 pars
611 899 688 938 est.
736 897 875 951 ipsum
906 900 1047 939 autem
1079 898 1280 939 circulum
1309 899 1500 954 haberes„

141 953 374 995 stadiorum
405 955 629 996 trecenties
665 958 841 996 centena
874 956 988 996 milia
1019 958 1062 997 et
1091 956 1261 1010 insuper
1292 952 1483 998 centum

140 1013 183 1052 et
221 1012 496 1066 septuaginta
531 1012 648 1053 milia
686 1013 885 1054 antelatis
916 1013 1142 1066 probatum
1173 1016 1255 1067 est,
1293 1027 1393 1069 ergo
1426 1014 1496 1055 si1

139 1069 228 1110 eius
254 1083 442 1110 summae
469 1069 796 1111 ducentesimam
818 1072 982 1111 sextam
1002 1071 1207 1112 decimam
1226 1072 1461 1113 considera·

138 1127 249 1168 ueris
279 1130 464 1181 partem,
501 1142 742 1169 mensuram
774 1128 969 1169 diametri
1002 1129 1104 1170 solis
1135 1129 1335 1170 inuenies.
1397 1131 1462 1170 est

139 1187 279 1226 autem
317 1199 415 1238 pars
451 1185 525 1226 illa
561 1186 647 1227 fere
685 1186 729 1226 in
766 1190 935 1227 centum
966 1186 1248 1241 quadraginta
1279 1187 1462 1241 milibus,

138 1242 368 1284 diametros
399 1243 530 1297 igitur
562 1244 662 1284 solis
689 1247 857 1285 centum
883 1245 1161 1299 quadraginta
1185 1244 1272 1286 fere
1297 1245 1462 1286 milium

139 1300 372 1342 stadiorum
405 1315 496 1341 esse
528 1300 704 1343 dicenda
732 1305 811 1355 est,
847 1302 957 1343 unde
987 1316 1119 1356 paene
1151 1302 1301 1356 duplex
1333 1316 1460 1357 quam

67 1360 123 1401 32
137 1360 273 1399 terrae
300 1358 527 1400 diametros
552 1359 775 1400 inuenitur.
826 1361 995 1401 constat
1020 1362 1161 1401 autem
1180 1361 1460 1414 geometricae

136 1416 312 1457 rationis
350 1417 558 1467 examine,
595 1431 689 1458 cum
725 1417 775 1458 de
807 1417 971 1459 duobus
1004 1418 1176 1459 orbibus
1208 1419 1342 1459 altera
1373 1417 1458 1460 dia-

135 1476 295 1515 metros
328 1474 453 1528 duplo
486 1475 663 1516 alteram
696 1475 845 1528 uincit,
876 1475 997 1516 illum
1030 1476 1192 1528 orbem,
1225 1476 1341 1517 cuius
1373 1476 1458 1517 dia-

136 1534 295 1573 metros
341 1531 470 1585 dupla
506 1535 588 1586 est⁷
631 1533 732 1574 orbe
773 1533 908 1574 altero
947 1533 1077 1574 octies
1116 1547 1208 1574 esse
1245 1534 1459 1585 maiorem,

136 1603 238 1643 ergo
288 1603 339 1630 ex
380 1589 447 1631 his
491 1589 714 1632 dicendum
758 1593 822 1632 est
865 1591 996 1632 solem
1040 1591 1170 1632 octies
1213 1593 1325 1632 terra
1368 1605 1458 1632 esse
1494 1645 1496 1648 y

135 1647 350 1688 maiorem.
428 1647 533 1690 haec
582 1648 632 1689 de
681 1649 782 1689 solis
831 1648 1122 1703 magnitudine
1170 1649 1358 1690 breuiter
1408 1648 1458 1690 de

135 1705 280 1746 inultis
312 1708 508 1760 excerpta
537 1706 775 1748 libauimus.

65 1786 169 1828 XXI
255 1784 336 1827 Sed
362 1787 562 1840 quoniam
595 1789 757 1842 septem
784 1787 985 1841 sphaeras
1011 1787 1128 1828 caelo
1154 1787 1335 1829 diximus
1367 1801 1458 1829 esse

135 1844 345 1885 subiectas
373 1844 578 1885 exteriore
604 1859 780 1900 quaque,
811 1859 914 1899 quas
945 1845 1122 1886 interius
1149 1845 1338 1886 continet
1369 1859 1456 1886 am-

134 1902 275 1942 biente
312 1902 522 1956 longeque
560 1905 602 1944 et
640 1917 664 1943 a
696 1903 812 1944 caelo
845 1917 992 1944 omnes
1036 1905 1078 1943 et
1116 1917 1142 1944 a
1185 1917 1228 1944 se
1266 1903 1456 1957 singulae
1485 1908 1491 1963 ’-

227 2019 247 2049 3
273 2016 321 2050 ad
345 2017 432 2068 nate
457 2017 538 2050 add.
564 2018 604 2050 at
627 2017 735 2064 nacte
761 2017 824 2051 Bm
907 2015 1140 2051 sumitatibus
1159 2017 1196 2051 Β
1273 2019 1296 2050 4
1320 2016 1404 2061 pras
1423 2015 1460 2051 P

179 2073 243 2105 qui
267 2072 289 2096 a
312 2058 357 2095 B'
466 2061 642 2096 assummo
668 2063 705 2097 P
801 2066 821 2097 6
847 2062 969 2098 cursus
987 2060 1033 2097 B'
1144 2066 1164 2097 8
1191 2029 1397 2110 emisphperij
1423 2062 1460 2098 Ρ
1486 2086 1488 2091 ,

135 2111 176 2142 ii
204 2107 455 2151 em1*spher1J
484 2109 540 2152 (in
563 2119 635 2143 ras.
661 2110 736 2152 fuit
761 2109 794 2152 s)
819 2109 863 2150 P,
888 2109 1097 2154 hemisperii
1120 2108 1156 2143 Β
1234 2112 1276 2143 13
1301 2109 1386 2144 sexa
1407 2106 1472 2147 Β’
1480 2116 1482 2120 ·

135 2158 177 2189 16
209 2153 469 2188 defiderauerir
495 2153 540 2189 B'
669 2158 711 2190 17
744 2136 910 2190 mensura.
939 2155 976 2190 Β
1096 2159 1138 2190 18
1168 2155 1250 2201 illa]
1280 2154 1358 2200 ipsa
1386 2155 1456 2190 PB
1483 2188 1488 2194 Κ

133 2204 176 2235 21
195 2202 360 2246 geotrice
379 2199 424 2233 B'
516 2203 561 2235 24
580 2201 737 2235 maiores
752 2202 788 2235 B
876 2204 921 2236 25
940 2202 1060 2236 terrae
1077 2201 1113 2236 Β
1201 2205 1245 2236 26
1267 2201 1313 2236 de
1332 2212 1398 2236 om.
1411 2196 1455 2235 P'

178 2246 433 2291 magnitudine
457 2247 498 2281 in
521 2247 593 2290 fine
616 2258 707 2283 uere.
733 2258 797 2283 om.
825 2248 861 2282 Β
931 2250 975 2282 28
1000 2247 1124 2292 speras
1138 2248 1175 2283 Β
1245 2250 1290 2282 30
1311 2250 1330 2282 7
1353 2248 1402 2292 (h.
1426 2258 1453 2282 e.

132 2293 184 2338 et)
208 2303 230 2326 a
254 2296 336 2328 ante
360 2292 395 2327 se
419 2293 461 2328 in
483 2303 554 2328 ras.
575 2294 616 2329 in
639 2293 675 2328 Β
