1526 2444
160 82 246 127 620
458 83 605 119 ΟΟΜΜ.
631 84 683 119 IN
708 83 848 120 SOMN.
873 83 983 119 SCIP.
1009 83 1136 119 LIBRI
1155 83 1189 118 11

160 189 224 230 uti
250 189 530 231 conciliabula
555 191 598 230 et
621 192 765 231 coetus
794 192 946 231 natura
970 190 1218 231 instituente
1249 190 1477 244 patiantur,

68 285 100 299 „v
159 246 292 300 fitque
324 247 507 300 primum
532 246 642 288 inter
666 261 738 288 eos
764 248 864 288 mali
887 247 1029 289 nescia
1061 250 1102 288 et
1127 247 1263 289 adhuc
1294 247 1477 303 astat&

159 304 379 357 inexperta
404 304 666 358 simplicitas
697 318 802 359 quae
826 319 978 347 nomen
1011 305 1102 345 auri
1126 305 1272 359 primis
1299 299 1477 346 saeculis

95 361 147 404 16
161 363 362 414 praestat.
429 361 525 402 inde
569 376 651 415 quo
694 362 830 415 magis
874 363 926 404 ad
967 363 1125 403 cultum
1169 377 1308 404 rerum
1351 364 1476 416 atque

163 419 318 460 artium
349 433 450 460 usus
475 421 712 473 promouet,
742 422 866 461 tanto
891 419 1056 461 facilius
1087 420 1132 460 in
1157 420 1321 462 animos
1348 419 1478 474 serpit
1513 433 1526 461 ε

161 476 410 530 aemulatio,
453 491 558 530 quae
595 478 778 531 primum
815 477 921 518 bene
957 477 1160 531 incipiens
1197 478 1241 518 in
1276 476 1479 518 inuidiam

160 534 342 575 latenter
366 534 519 587 euadit,
549 536 592 576 et
617 549 666 575 ex
690 535 769 576 hac
793 535 879 576 iam
911 535 1101 576 nascitur
1125 534 1321 588 quicquid
1346 547 1478 588 genus

159 591 378 633 hominum
419 595 518 645 post
560 592 829 646 sequentibus
872 593 1050 634 saeculis
1088 594 1310 646 experitur.
1375 592 1479 634 haec

162 652 227 689 est
257 662 375 703 ergo,
414 663 520 703 quae
550 650 676 691 rebus
708 650 905 692 humanis
935 650 1135 704 pereundi
1167 653 1292 704 atque
1323 650 1477 691 iterum

161 707 399 748 reuertendi
430 707 629 749 incolumi
660 708 815 749 mundo
846 708 1094 749 uicissitudo
1126 708 1328 749 uariatur.
1498 722 1526 750 ιο

91 786 153 828 XI
277 787 585 828 Praesertim
622 802 728 829 cum
764 788 894 842 apud
932 803 1014 830 eos
1051 789 1207 842 ipsos,
1245 803 1268 829 a
1300 787 1479 841 quibus

164 844 327 885 audiri
353 859 528 886 nomen
554 849 782 887 nostrum
808 848 994 900 potest,
1023 860 1164 887 nemo
1190 846 1336 887 unius
1363 845 1480 886 anni

122 903 454 943 Zmemoriam
516 904 756 957 consequi
811 904 988 956 possit.
1070 903 1300 944 homines
1355 903 1478 944 enim

161 960 479 1013 populariter
517 975 697 1001 annum
732 963 928 1001 tantum
968 961 1110 1001 modo
1144 961 1288 1014 solis,
1324 960 1373 1001 id
1404 964 1481 1001 est

162 1018 306 1058 unius
345 1018 490 1071 astri,
531 1018 696 1059 reditu
734 1018 1035 1072 metiuntur,
1072 1018 1263 1072 reipsa
1299 1020 1526 1066 autem,1fl

164 1089 272 1116 011111
298 1075 355 1116 ad
380 1075 528 1130 idem,
559 1075 686 1116 unde
712 1076 863 1116 semel
886 1076 1117 1129 profecta
1142 1078 1273 1129 sunt,
1304 1077 1482 1117 cuncta

163 1135 304 1174 astra
351 1132 615 1187 redierint,
665 1133 967 1187 eandemque
1018 1133 1180 1174 totius
1230 1133 1358 1174 caeli
1403 1132 1479 1174 de-

164 1190 498 1245 scriptionem
523 1190 692 1245 longis
714 1191 1008 1232 interuallis
1034 1191 1352 1241 rettulerint,
1379 1192 1482 1231 tum

162 1248 252 1289 ille
296 1262 410 1289 uere
453 1251 656 1289 uertens
699 1262 858 1290 annus
902 1249 1154 1302 appellari
1196 1250 1382 1302 potest,
1430 1248 1481 1288 111

162 1320 257 1360 quo
302 1306 385 1346 uix
428 1306 592 1346 dicere
636 1306 809 1359 audeo,
852 1321 995 1360 quam
1037 1307 1194 1347 multa
1229 1306 1526 1348 hominumn

123 1363 368 1405 3saecula
404 1365 688 1406 teneantur.
754 1378 981 1417 namque,
1017 1366 1070 1404 ut
1108 1363 1228 1405 olim
1264 1363 1481 1405 deficere

164 1421 239 1462 sol
299 1421 587 1463 hominibus
643 1421 973 1487 extinguique
1029 1421 1167 1462 uisus
1223 1424 1315 1474 est,
1374 1435 1481 1462 cum

162 1478 364 1520 Romuli
390 1479 582 1520 animus
607 1479 765 1520 haec
754 1494 865 1533 1psa
889 1479 939 1520 in
964 1480 1152 1533 templa
1172 1478 1482 1533 penetrauit,

163 1536 460 1590 quandoque
492 1537 550 1578 ab
584 1537 750 1578 eadem
780 1539 927 1590 parte
958 1537 1032 1578 sol
1061 1537 1329 1590 eodemque
1358 1538 1480 1577 tem-

162 1608 280 1648 pore
316 1595 500 1635 iterum
531 1594 797 1648 defecerit,
833 1597 938 1635 tum
971 1595 1130 1649 signis
1162 1594 1391 1635 omnibus
1422 1593 1481 1634 ad
1498 1605 1526 1634 21

163 1652 290 1692 idem
315 1652 624 1706 principium
651 1652 918 1706 stellisque
943 1652 1199 1693 reuocatis
1225 1652 1482 1705 expletum

164 1724 346 1750 annum
400 1709 605 1764 habeto,
660 1710 801 1751 cuius
856 1709 1052 1763 quidem
1107 1710 1222 1751 anni
1268 1709 1482 1750 nondum

125 1767 462 1809 4uicesimam
491 1770 685 1821 partem
717 1768 846 1808 scito
879 1781 987 1808 0880
1017 1781 1320 1808 conuersam.
1369 1766 1481 1807 idem

167 1838 290 1879 agere
333 1828 578 1878 perseuerat
619 1825 782 1866 instans
826 1824 1077 1866 dissuasioni
1121 1824 1280 1879 gloriae
1323 1823 1482 1865 deside-

85 1888 115 1931 ]“
164 1882 332 1924 randae.
389 1897 516 1936 quam
547 1897 642 1924 011111
672 1883 778 1924 10018
811 1884 947 1923 artam
972 1896 1049 1923 nec
1073 1883 1117 1923 in
1142 1882 1247 1936 ipsis
1272 1880 1480 1935 angustiis
1499 1896 1526 1923 3(

165 1943 379 1981 aeternam
417 1955 544 1993 supra
580 1941 810 1994 docuisset,
843 1954 957 1982 nunc
988 1954 1075 1982 non
1106 1940 1242 1981 solum
1271 1939 1481 1993 perpetui-

163 1998 267 2038 tatis
304 1999 536 2051 expertem‚
574 1998 647 2039 sed
682 2012 759 2039 nec
791 1998 842 2039 ad
874 1998 999 2039 unius
1029 1998 1186 2052 integri
1217 1997 1316 2038 anni
1346 1998 1480 2037 metas

257 2137 275 2167 1
302 2134 405 2180 cetus
425 2133 495 2168 ΡΒ
589 2137 610 2167 2
635 2133 751 2177 sitque
775 2134 813 2168 Β
906 2133 1060 2169 nescia*
1084 2134 1120 2168 P
1210 2137 1232 2168 4
1257 2136 1338 2168 ante
1360 2142 1481 2166 rerum

163 2181 244 2215 add.
271 2182 310 2215 at
334 2177 379 2214 B'
470 2180 588 2223 adque
615 2179 663 2213 P'
762 2183 802 2214 11
831 2190 853 2214 a
876 2190 941 2215 om.
968 2181 1004 2214 Β
1093 2183 1135 2214 13
1154 2190 1225 2225 pro
1249 2178 1416 2214 homines
1436 2197 1479 2203 —

163 2229 206 2261 27
231 2226 366 2261 habeto
391 2229 441 2261 est
463 2226 574 2270 usque
598 2227 639 2261 in
662 2225 699 2260 B
797 2229 840 2260 19
865 2226 971 2260 annis
989 2226 1026 2260 P
1111 2230 1154 2261 29
1179 2224 1292 2261 1stanr
1312 2225 1348 2259 B
1436 2226 1478 2258 31

162 2271 403 2318 docu1s1*set
426 2273 463 2307 P
535 2276 578 2307 32
604 2271 746 2307 moetas
765 2272 800 2306 B
