1526 2444
587 63 638 99 VI
667 66 805 99 17—29
1314 63 1371 104 27

18 173 187 216 duobus
230 173 366 228 nupta
407 171 548 226 fieret,
590 185 717 226 quam
762 173 808 213 ut
846 171 921 213 uni
959 170 1080 213 duae.
1148 172 1370 213 senatores
1384 173 1443 214 23

19 231 312 287 ingredientes
356 230 518 273 curiam
563 244 670 285 quae
714 229 793 271 illa
829 229 1058 272 mulierum
1093 229 1371 284 intemperies

21 293 65 333 et
102 290 204 346 quid
240 289 324 332 sibi
359 289 596 344 postulatio
633 288 795 331 isthaec
833 288 968 330 uellet
998 288 1290 343 mirabantur,
1327 291 1371 331 et

19 352 68 392 ut
109 363 198 391 non
240 363 398 403 paruae
435 348 498 389 rei
534 347 778 403 prodigium
815 347 938 389 illam
975 347 1205 390 uerecundi
1242 361 1369 390 sexus

18 408 263 464 inpudicam
288 406 504 449 insaniam
529 407 833 462 pauescebant.
878 421 986 462 puer
1003 406 1204 462 Papirius
1229 405 1367 461 publi·
1383 408 1441 450 24

19 481 116 510 cum
141 469 303 509 metum
326 465 474 508 demit.
519 480 622 507 nam
647 466 692 507 in
718 465 905 514 medium
932 466 1076 508 curiae
1102 479 1372 521 progressus,

15 526 122 582 -quid
165 526 250 580 ipsi
292 527 430 567 mater
474 525 620 566 audire
663 524 916 579 institisset,
962 524 1063 579 quid
1107 525 1238 566 matri
1275 524 1370 579 ipse

19 584 276 639 simulasset,
307 583 435 626 sicuti
466 583 607 626 fuerat
638 586 822 626 enarrat.
873 587 1050 626 senatus
1082 583 1212 625 fidem
1238 586 1368 638 atque
1383 585 1440 627 25

17 643 241 700 ingenium
277 643 401 698 pueri
439 643 728 696 exosculatur,
771 642 1100 697 consultumque
1137 642 1261 697 facit,
1304 643 1371 684 uti

19 702 202 758 posthac
244 702 367 757 pueri
404 716 499 744 cum
539 701 736 757 patribus
774 701 820 742 in
860 700 1020 743 curiam
1056 715 1111 742 ne
1149 701 1371 743 introeant

19 764 190 817 praeter
231 761 354 803 illum
397 774 527 802 unum
570 759 805 814 Papirium.
872 760 996 815 eique
1039 774 1174 814 puero
1217 762 1370 814 postea

18 822 351 876 cognomentum
370 819 547 861 honoris
568 818 711 874 gratia
730 819 902 861 decreto
921 818 1107 860 inditum
1127 818 1370 861 Praetex-

0 879 157 922 tatus
207 879 262 921 ob
311 878 482 920 tacendi
531 878 817 933 loquendique
866 878 911 920 in
956 880 1182 933 praetexta
1225 880 1367 920 aetate

17 938 298 1006 prudentiam.
340 937 422 979 hoc
443 939 778 992 cognomentum
802 939 956 992 postea
981 937 1168 979 familiae
1189 940 1364 979 nostrae
1381 940 1437 982 26

0 997 64 1039 ¹in
99 1011 257 1040 nomen
299 996 450 1038 haesit.
515 1011 605 1039 non
643 996 771 1038 aliter
808 996 913 1038 dicti
950 994 1239 1050 Scipiones,
1282 996 1368 1038 nisi

17 1056 130 1111 quod
162 1054 452 1110 Cornelius,
490 1055 560 1110 qui
601 1054 898 1111 cognominem
931 1058 1100 1110 patrem
1132 1055 1367 1098 luminibus

17 1117 230 1158 carentem
268 1128 346 1169 pro
384 1114 540 1157 baculo
577 1115 769 1170 regebat,
815 1114 991 1169 Scipio
1034 1114 1367 1169 cognominatus

15 1187 174 1216 nomen
215 1188 267 1216 ex
310 1173 564 1229 cognomine
607 1174 794 1228 posteris
838 1173 966 1215 dedit.
1034 1174 1096 1216 sic
1139 1173 1366 1216 Messala

17 1235 134 1287 tuus,
165 1232 348 1287 Auiene,
380 1232 518 1274 dictus
551 1248 577 1275 a
608 1235 890 1289 cognomento
923 1232 1124 1275 Valerii
1154 1232 1366 1275 Maximi

18 1292 102 1348 qui,
121 1294 352 1346 postquam
373 1290 658 1334 Messanam
683 1293 834 1334 urbem
855 1291 1026 1334 Siciliae
1045 1291 1366 1334 nobilissimam

18 1350 149 1406 cepit,
190 1350 413 1392 Messala
443 1351 775 1406 cognominatus
807 1354 885 1393 est.
945 1365 1025 1393 nec
1055 1351 1212 1393 mirum
1245 1351 1283 1393 si
1315 1366 1366 1393 ex
1380 1354 1435 1395 27

17 1409 346 1465 cognominibus
383 1413 488 1452 nata
520 1411 620 1451 sunt
649 1409 842 1463 nomina,
879 1424 978 1452 cum
1009 1412 1161 1452 contra
1192 1412 1237 1452 et
1267 1424 1367 1465 cog-

17 1469 194 1510 nomina
243 1482 294 1510 ex
342 1469 530 1522 propriis
581 1469 668 1510 sint
716 1471 857 1511 tracta
901 1468 1170 1523 nominibus,
1218 1471 1267 1510 ut
1311 1469 1366 1511 ab

18 1526 241 1570 Aemilio
273 1526 614 1580 Aemilianus,
646 1542 672 1569 a
703 1526 929 1570 Seruilio
963 1526 1318 1570 Seruilianus'.

135 1585 219 1628 Hic
247 1585 439 1627 subiecit
475 1585 690 1628 Eusebius
729 1585 932 1628 ‘Messala
971 1588 1014 1628 et
1053 1585 1215 1642 Scipio,
1256 1587 1366 1629 alter
1380 1590 1436 1632 28

17 1644 69 1687 de
110 1645 294 1700 pietate,
341 1644 392 1686 de
441 1645 603 1686 uirtute
648 1645 768 1700 alter,
812 1648 861 1687 ut
902 1645 1059 1700 refers,
1109 1646 1367 1712 cognomina

15 1707 305 1759 reppererunt.
354 1701 434 1745 sed
466 1702 693 1759 Scropha
724 1707 767 1746 et
796 1703 975 1758 Asina,
1007 1718 1117 1759 quae
1148 1705 1254 1747 uiris
1278 1719 1368 1748 non

18 1762 304 1806 mediocribus
335 1765 622 1818 cognomenta
654 1765 772 1818 sunt,
807 1764 907 1806 uolo
940 1738 1055 1806 d'ieas
1086 1764 1197 1806 unde
1230 1764 1365 1806 conti-

17 1822 170 1877 gerint,
180 1836 276 1864 cum
288 1822 572 1864 contumeliae
582 1836 710 1877 quam
721 1822 876 1865 honori
890 1823 1096 1878 propiora
1108 1822 1353 1865 uideantur'
1357 1856 1366 1865 .

134 1880 244 1923 Tum
280 1880 354 1923 ille
386 1880 480 1923 ‘nec
516 1881 654 1924 honor
691 1896 770 1924 nec
806 1882 964 1924 iniuria
1002 1882 1076 1924 sed
1107 1896 1231 1924 casus
1262 1882 1365 1925 fecit
1379 1889 1435 1931 29

17 1939 123 1982 haec
147 1939 334 1982 nomina.
388 1955 489 1982 nam
516 1938 708 1982 Asinae
740 1943 1075 1995 cognomentum
1107 1940 1363 1984 Corneliis

18 1998 165 2041 datum
204 2001 287 2051 est,
324 1999 525 2054 quoniam
557 1999 757 2054 princeps
789 2001 931 2055 gentis
963 1998 1187 2043 Corneliae
1219 2003 1364 2055 empto

110 2100 131 2131 3
156 2095 226 2132 ista
249 2097 343 2132 haec
366 2096 404 2131 B
476 2099 497 2132 5
521 2097 749 2143 impudicam
776 2097 814 2132 P
885 2102 904 2134 7
930 2110 969 2144 ip
971 2098 1010 2133 sa
1035 2099 1056 2135 b
1141 2102 1183 2134 12
1210 2099 1371 2135 honores

15 2141 120 2190 1221
146 2155 237 2217 onsv
243 2145 329 2180 add.
356 2144 377 2180 b
451 2147 496 2179 14
521 2155 741 2190 cognomme
760 2156 790 2191 p
863 2148 907 2180 21
934 2147 1059 2191 coepit
1083 2146 1165 2182 BP
1234 2157 1279 2182 ex
1297 2157 1364 2182 om

18 2209 56 2244 P
125 2211 170 2244 22
196 2220 278 2244 com
296 2208 333 2243 B
407 2212 454 2244 24
477 2208 595 2244 serulo
615 2209 702 2254 BP,
728 2211 934 2246 emendauit
953 2211 1068 2247 editor
1086 2222 1291 2258 anonymus
1310 2212 1364 2247 ed

18 2259 114 2292 1607
185 2259 230 2291 26
256 2255 301 2291 de
327 2259 412 2292 ante
436 2257 579 2301 pietate
604 2267 671 2293 om.
701 2256 749 2291 B‘
825 2262 869 2293 29
894 2268 1083 2306 &pumera
1108 2258 1146 2293 P
1214 2262 1258 2294 32
1286 2269 1365 2293 cor-

16 2301 136 2338 nehae
162 2302 286 2348 gentis
305 2302 373 2348 (P)
