1526 2444
0 101 6 113 ‚v
0 0 13 83 ww„

630 71 698 108 XV
725 75 841 108 7—17
1327 71 1412 114 547

272 180 462 224 defectus
494 180 598 223 solis
629 180 775 223 uarios
808 180 1019 235 lunaeque
1051 179 1236 224 labores.

66 263 262 319 quamuis
306 263 441 319 igitur
485 263 619 305 trium
663 263 874 305 linearum
920 262 1071 305 ductus
1109 262 1330 305 zodiacum
1370 265 1414 305 et

66 322 236 365 claudat
273 324 316 364 et
353 322 536 376 diuidat,
573 337 705 364 unum
737 324 883 364 tamen
915 322 1077 364 circum
1110 324 1259 364 auctor
1289 336 1414 365 uoca-

1 412 3 417 -
63 381 264 424 bulorum
307 380 391 423 dici
430 381 568 423 uoluit
604 381 854 436 antiquitas.
925 381 1113 436 quinque
1152 380 1227 422 alii
1265 381 1415 424 circuli

0 440 262 495 '⁵paralleli
305 442 527 482 uocantur.
587 440 741 483 horum
792 439 956 482 medius
1007 444 1050 482 et
1093 441 1305 482 maximus
1349 442 1414 482 est
1430 441 1483 485 13

64 499 406 554 aequinoctialis,
445 499 528 541 duo
578 499 925 542 extremitatibus
969 499 1102 541 uicini
1147 502 1275 554 atque
1317 499 1414 542 ideo

62 559 215 600 breues
248 572 432 613 quorum
467 565 577 600 unus
611 558 962 613 septentrionalis
994 558 1169 612 dicitur,
1201 558 1310 600 alter
1341 572 1413 601 au·

63 617 226 659 stralis:
259 618 371 658 inter
402 617 484 659 hos
516 620 559 659 et
585 618 771 659 medium
803 618 885 659 duo
913 620 1012 659 sunt
1043 617 1202 673 tropici
1227 617 1413 660 maiores

62 676 239 730 ultimis,
269 675 410 718 medio
437 676 622 718 minores
655 678 698 718 et
722 676 804 731 ipsi
836 690 886 717 ex
916 679 1099 732 utraque
1130 678 1253 732 parte
1279 691 1413 719 zonae

9 747 43 774 ιο
62 737 185 777 ustae
229 735 462 777 terminum
503 735 681 777 faciunt.
747 737 917 790 praeter
952 734 1032 776 hos
1073 735 1147 776 alii
1185 735 1269 778 duo
1309 737 1412 778 sunt
1429 737 1484 780 14

63 794 217 851 coluri,
254 793 409 860 quibus
441 808 599 836 nomen
629 793 746 836 dedit
775 793 1015 849 inperfecta
1046 794 1290 848 conuersio‚
1322 809 1410 836 am-

61 845 228 895 bientes
272 852 386 894 enim
419 852 801 907 septentrionalem
840 853 1047 894 uerticem
1079 854 1207 908 atque
1238 853 1336 895 inde
1367 853 1412 895 in

62 911 233 954 diuersa
265 911 409 953 diffusi
440 915 483 953 et
509 925 553 953 se
585 911 632 953 in
664 925 831 953 summo
857 912 1122 953 intersecant
1153 915 1197 954 et
1223 912 1410 967 quinque

59 970 293 1026 parallelos
340 971 385 1012 in
435 972 667 1026 quaternas
717 972 864 1026 partes
916 970 1153 1025 aequaliter
1202 970 1411 1027 diuidunt‚

0 1039 44 1081 g1⁵
63 1029 283 1072 zodiacum
309 1029 372 1071 ita
397 1029 710 1072 intersecantes
735 1033 784 1071 ut
808 1044 918 1071 unus
939 1044 1087 1072 eorum
1113 1043 1189 1084 per
1215 1029 1411 1072 Arietem

0 1084 2 1128 ἶ
60 1091 103 1130 et
145 1088 344 1142 Libram,
390 1088 499 1130 alter
548 1103 624 1143 per
667 1086 882 1131 Cancrum
927 1091 1055 1144 atque
1100 1088 1409 1143 Capricornum

0 1130 9 1172 i
60 1147 243 1190 meando
270 1146 478 1202 decurrat,
509 1147 581 1189 sed
615 1147 667 1189 ad
699 1148 934 1190 australem
959 1148 1165 1190 uerticem
1196 1162 1283 1190 non
1313 1163 1408 1203 per-

59 1206 206 1248 uenire
244 1206 486 1248 creduntur.
549 1206 654 1262 duo,
686 1207 759 1261 qui
793 1207 846 1249 ad
882 1221 1109 1249 numerum
1140 1207 1408 1262 praedictum
1423 1209 1480 1252 15

0 1173 308 1368 Lsupersunffi
346 1265 607 1307 meridianus
641 1268 684 1308 et
720 1265 918 1321 horizon,
953 1280 1041 1308 non
1079 1266 1326 1308 scribuntur
1362 1267 1408 1310 in

59 1325 256 1379 sphaera,
298 1325 399 1379 quia
430 1326 594 1366 certum
624 1324 767 1367 locum
797 1324 955 1366 habere
986 1339 1075 1366 non
1106 1329 1302 1380 possunt,
1333 1327 1406 1367 sed

0 1381 5 1438 ξ
56 1398 135 1438 pro
161 1383 411 1425 diuersitate
437 1383 821 1438 circumspicientis
853 1383 1146 1425 habitantisue
1172 1385 1405 1426 uariantur.

0 1451 6 1490 5
56 1442 316 1485 meridianus
349 1444 414 1484 est
446 1442 579 1509 enim,
610 1457 737 1497 quem
769 1443 853 1498 sol,
892 1457 987 1484 cum
1021 1457 1149 1497 super
1179 1443 1404 1486 hominum
1422 1446 1476 1489 16

4 1494 7 1559 ’Λ
56 1501 260 1544 uerticem
300 1501 483 1556 uenerit,
520 1501 663 1556 ipsum
701 1501 814 1544 diem
846 1501 1035 1543 medium
1073 1501 1299 1544 efficiendo
1338 1502 1406 1558 de-

4 1563 7 1582 5
57 1561 220 1616 signat:
252 1562 294 1602 et
320 1561 421 1615 quia
447 1561 686 1616 globositas
717 1563 858 1603 terrae
883 1560 1179 1603 habitationes
1212 1561 1405 1603 omnium

55 1619 254 1675 aequales
288 1618 371 1660 sibi
401 1633 494 1661 esse
524 1634 611 1661 non
642 1619 825 1674 patitur,
856 1634 944 1662 non
975 1619 1124 1661 eadem
1162 1634 1264 1675 pars
1296 1621 1405 1663 caeli

55 1678 245 1720 omnium
270 1678 476 1720 uerticem
502 1677 700 1733 despicit:
727 1682 771 1720 et
795 1679 890 1721 ideo
917 1693 1027 1720 unus
1055 1680 1254 1721 omnibus
1279 1680 1404 1722 meri-

53 1737 205 1779 dianus
243 1751 335 1779 esse
371 1751 459 1779 non
494 1738 672 1795 poterit,
709 1738 784 1780 sed
825 1738 1008 1794 singulis
1042 1738 1242 1793 gentibus
1275 1753 1403 1794 super

53 1796 255 1839 uerticem
282 1810 405 1838 suum
430 1797 629 1851 proprius
661 1797 922 1839 meridianus
950 1797 1148 1839 efficitur.
1203 1797 1402 1840 similiter
1419 1806 1471 1847 17

53 1854 135 1897 sibi
154 1855 421 1897 horizontem
441 1856 548 1898 facit
569 1856 895 1912 circumspectio
917 1856 1197 1912 singulorum.
1222 1857 1401 1900 horizon

52 1916 118 1956 est
143 1915 260 1956 enim
290 1914 412 1956 uelut
431 1914 615 1970 quodam
642 1915 753 1957 circo
769 1915 1024 1971 designatus
1051 1916 1259 1958 terminus
1281 1917 1400 1972 caeli,

145 2051 164 2082 1
192 2047 323 2093 Georg.
349 2045 385 2082 Π
410 2051 479 2083 478

145 2174 166 2205 3
192 2174 330 2207 circu*
356 2171 394 2205 P
511 2175 532 2207 6
558 2172 668 2207 duo*
695 2171 733 2206 P
851 2164 872 2207 8
896 2172 1001 2208 *hos
1021 2173 1058 2208 P
1174 2173 1328 2209 malorls
1347 2174 1397 2209 P'

28 2234 34 2238 ³
51 2223 94 2255 10
114 2218 198 2254 sunt
215 2217 331 2254 cosuh
350 2218 394 2263 P,
419 2219 437 2252 1
455 2218 532 2254 arci
553 2219 636 2255 add.
650 2230 681 2265 p
756 2223 797 2254 11
818 2220 1040 2265 imperfecta.
1060 2220 1096 2255 P
1161 2224 1204 2255 19
1225 2232 1348 2256 orizon
1366 2222 1401 2256 P

31 2265 419 2350 “vigilerlig'ssdtl'mllg'ls'KUO
448 2266 484 2301 P
615 2270 660 2323 24
684 2266 890 2314 holmmum
916 2267 952 2302 P
1069 2271 1115 2315 24²3
1140 2268 1236 2303 unus
1255 2280 1320 2305 om.
1348 2267 1397 2303 P'

1041 2373 1114 2408 35*
