1526 2444
617 57 668 94 XI
693 61 834 94 20-26
1315 54 1399 98 291

112 168 170 217 ὡς
201 165 250 209 δὲ
281 165 410 221 λέβης
441 168 505 218 ζεῖ
531 166 664 209 ἔνδον
696 164 977 220 ἐπειγόμενος
1006 164 1115 219 πυρὶ
1144 167 1293 221 πολλῷ

111 228 239 283 κνίσῃ
271 227 540 281 μελδόμενος
571 224 898 280 ἁπαλοτρεφέος
929 224 1100 266 σιάλοιο

111 285 335 328 πάντοθεν
366 284 646 340 ἀμβολάδην,
682 283 769 327 ὑπὸ
803 281 851 326 δὲ
883 283 990 334 ξύλα
1021 283 1218 337 κάγκανα
1246 288 1402 324 κεῖται·

113 340 171 394 ὧς
200 350 280 387 τοῦ
309 344 420 386 καλὰ
452 342 616 399 ῥέεθρα
646 342 753 399 πυρὶ
785 341 987 398 φλέγετο,
1021 340 1084 393 ζέε
1117 339 1155 384 δ’
1192 341 1326 397 ὕδωρ.

19 444 34 470 5
54 424 208 468 Graeci
243 440 393 469 uersus
432 427 526 468 aeni
564 427 788 469 continent
824 425 1091 468 mentionem
1129 424 1265 467 multo
1299 423 1402 480 igne
1417 421 1476 464 24

54 485 316 527 ebullientis:
352 487 396 526 et
426 487 566 527 totum
598 485 740 540 ipsum
771 485 915 527 locum
945 484 1051 527 haec
1081 483 1214 526 uerba
1246 487 1402 525 ornant

53 543 279 586 πάντοθεν
328 543 596 599 ἀμβολάδην.
676 559 777 586 nam
826 543 1138 599 scaturrigines
1187 557 1239 584 ex
1283 543 1402 585 omni

53 606 176 658 parte
215 607 480 659 emergentes
518 604 579 645 sic
618 603 838 658 eleganter
875 603 1097 656 expressit.
1158 602 1203 643 in
1234 600 1402 643 Latinis
1417 597 1475 641 25

53 661 250 704 uersibus
281 663 376 705 tota
406 663 468 704 rei
500 677 659 717 pompa
691 662 906 716 descripta
938 664 1016 716 est,
1049 674 1180 703 sonus
1204 660 1405 702 flammae

2 738 37 764 10
56 723 99 763 et
137 735 216 775 pro
253 720 353 776 hoc,
391 721 504 776 quod
541 721 614 763 ille
651 720 836 775 dixerat,
872 720 1098 762 πάντοθεν
1130 718 1401 774 ἀμβολάδην,

56 780 297 822 exultantes
342 782 466 822 aestu
509 779 659 821 latices
703 781 748 821 et
791 793 959 821 amnem
1004 779 1213 820 fumidum
1252 780 1406 821 exube-

56 841 224 881 rantem
275 838 439 893 spumis
489 840 617 893 atque
665 838 783 880 intus
832 837 1065 880 furentem:
1114 837 1240 879 unius
1293 837 1407 879 enim

55 897 178 939 uerbi
207 911 296 939 non
326 898 573 953 repperiens
606 897 790 939 similem
823 897 1079 951 dignitatem
1111 896 1407 952 conpensauit,

56 955 169 1012 quod
217 955 375 1012 deerat,
419 957 568 1011 copiae
610 957 822 999 uarietate
865 956 1178 1011 descriptionis.
1251 955 1408 998 adiecit

4 1032 38 1059 15
57 1018 156 1070 post
187 1015 332 1057 omnia

340 1100 418 1128 nec
449 1086 537 1128 iam
568 1100 613 1128 se
645 1086 762 1142 capit
795 1085 921 1140 unda,

57 1176 142 1218 quo
169 1163 391 1218 expressit,
417 1163 529 1218 quod
554 1177 724 1218 semper
750 1178 830 1204 usu
855 1162 1000 1204 euenit
1025 1162 1240 1217 suppositi
1258 1161 1408 1203 nimie-

56 1223 146 1262 tate
172 1221 341 1263 caloris.
391 1221 499 1263 bene
525 1235 627 1277 ergo
654 1236 698 1264 se
723 1222 857 1264 habet
885 1221 1078 1276 poeticae
1103 1221 1234 1263 tubae
1254 1221 1408 1275 cultus,

58 1280 214 1336 omnia,
246 1294 352 1335 quae
383 1280 430 1322 in
459 1280 542 1323 hac
572 1295 617 1323 re
650 1281 865 1335 eueniunt,
897 1279 1261 1335 conprehendens.

4 1377 40 1404 20
117 1355 307 1412 Portam,
339 1372 447 1413 quae
480 1357 599 1399 ducis
631 1357 814 1412 imperio
847 1356 1092 1410 commissa,
1122 1356 1351 1398 recludunt
1419 1364 1476 1406 26

115 1414 216 1457 freti
247 1417 391 1471 armis,
422 1417 623 1471 ultroque
654 1416 843 1457 inuitant
869 1415 1094 1457 moenibus
1126 1415 1310 1457 hostem.

116 1474 201 1529 ipsi
231 1474 348 1516 intus
381 1475 531 1517 dextra
564 1489 613 1516 ac
645 1475 768 1517 laeua
800 1489 878 1529 pro
910 1474 1102 1516 turribus
1136 1474 1325 1529 adstant,

118 1533 273 1575 armati
303 1533 417 1575 ferro
450 1536 493 1575 et
524 1533 666 1576 cristis
699 1534 843 1588 capita
875 1533 964 1574 alta
996 1533 1197 1576 coruscis.

119 1592 267 1646 quales
300 1593 440 1634 aeriae
471 1593 680 1648 liquentia
711 1592 888 1634 fiumina
919 1592 1091 1646 circum,

6 1671 39 1696 25
118 1651 208 1693 siue
240 1650 346 1693 Padi
378 1651 482 1706 ripis
514 1651 714 1694 Athesim
746 1666 819 1694 seu
850 1653 1027 1707 propter
1059 1665 1300 1706 amoenum,

118 1714 384 1765 consurgunt
415 1710 609 1766 geminae
642 1725 822 1765 quercus
853 1711 1110 1764 intonsaque
1136 1711 1255 1752 caelo

118 1768 334 1810 adtollunt
364 1770 509 1824 capita
540 1772 583 1811 et
614 1769 788 1811 sublimi
819 1769 980 1811 uertice
1012 1771 1182 1811 nutant.

155 1876 172 1906 1
200 1872 241 1907 ΙΙ.
268 1875 300 1909 Φ
326 1877 394 1908 362
469 1878 513 1909 20
539 1873 628 1909 Aen.
658 1873 759 1908 VIIII
785 1877 852 1909 675

155 1970 173 2000 1
200 1967 668 2003 ΕΝΛΟΝΕΤΙΕΙΓΟΜΕΝΟ(
686 1968 723 2003 Ρ
781 1969 945 2003 ΓΙΟΛΛω
961 1987 968 1995 ·
990 1969 1027 2004 Ρ
1089 1972 1110 2003 2
1131 1968 1406 2003 ΑΠΑΛΡΦΕΟΕ

59 2013 239 2084 (malg-
265 2050 303 2084 Ρ
395 2053 417 2084 3
443 2050 766 2097 ΛΜΒΟΛζΛΛΔΕΝ
798 2052 899 2086 ΥΠΟ
932 2051 993 2086 ΔΕ
1025 2051 1323 2086 ΥΔΛΚΔΤΚΔΝΑ
1340 2070 1347 2077 -
1374 2050 1412 2085 P

59 2099 81 2130 4
106 2096 174 2143 ὡς]
201 2098 238 2131 ω
264 2097 301 2131 Ρ
419 2097 543 2144 ΚΔΔΙΑ
575 2098 612 2133 Ρ
724 2098 1324 2134 ΠΥΡΥΦΔΕΤΕΤωΕΤΟΛΥΛωΡ
1340 2117 1348 2124 ·
1375 2097 1413 2131 P

61 2159 79 2190 τ
105 2158 138 2191 et
164 2160 207 2191 10
233 2156 514 2192 ΔΜΒΟΛΑΔΕΝ
544 2156 581 2190 P
705 2160 748 2191 11
775 2157 946 2192 exult-,ant
970 2157 1049 2192 ertu
1074 2157 1112 2192 P
1230 2161 1272 2191 12
1298 2145 1399 2191 Vm&

60 2204 92 2257 (s
116 2203 202 2238 add.
222 2205 267 2248 p)
292 2203 329 2238 P
396 2207 440 2239 21
467 2216 481 2251 1
506 2203 609 2239 hoste
625 2224 633 2231 ·
660 2204 697 2239 P
765 2208 810 2239 23
836 2204 1025 2240 chorusclf
1045 2204 1083 2239 P
1151 2208 1196 2239 25
1222 2204 1351 2240 atesim
1373 2205 1410 2239 P

59 2261 102 2284 m
125 2253 258 2297 amen?
281 2254 333 2286 est
356 2262 380 2285 v
403 2252 446 2286 i‘n
469 2262 541 2286 ras.
567 2252 608 2287 in
632 2252 670 2286 P
745 2255 789 2286 26
815 2252 980 2298 gemilmi
1012 2253 1176 2299 nequerc’
1209 2253 1408 2296 (posterius

60 2307 112 2332 mx
136 2298 220 2334 add.
250 2297 326 2342 Pm)
354 2298 390 2333 Ρ

1052 2357 1122 2391 19*
