1526 2444
155 61 236 102 128
671 61 769 97 SAT.
793 62 923 97 LIBRI
946 62 963 96 1

238 166 420 210 κέκλυθι
450 169 689 223 τηλεπόρου
722 169 845 223 δίνης
877 166 1104 222 ἕλικαύγεα
1133 169 1294 211 κύκλον

241 226 463 280 οὐρανίαις
495 225 773 280 στροφάλιγξι
803 228 1068 281 περίδρομον
1099 224 1192 268 αίεν
1224 225 1419 282 ἑλίσσων,

240 281 372 337 ἀγλαὲ
404 286 491 325 Ζεῦ
522 286 728 337 Διόνυσε,
759 282 892 339 πάτερ
923 283 1099 338 πόντου,
1130 282 1264 340 πάτερ
1297 289 1406 339 αἴης,

228 341 355 383 Ήλιε
385 340 649 397 παγγενέτορ
680 344 912 384 πανταίολε
942 341 1274 398 χρυσεοφεγγε’ς.’

82 421 250 464 XXIIII
345 422 426 464 Hic
458 437 552 464 cum
581 422 878 465 Praetextatus
908 423 1077 465 fecisset
1107 424 1307 478 loquendi
1336 424 1475 477 finem,
1502 452 1504 454 v

154 494 298 523 omnes
336 480 381 522 in
419 495 513 522 eum
551 481 700 522 adfixis
731 482 918 523 uultibus
950 481 1274 523 admirationem
1306 483 1475 535 stupore
1507 486 1516 532 ’Τ

151 539 400 594 prodebant.
467 539 563 580 dein
599 539 771 580 laudare
809 539 878 581 hic
914 539 1183 594 memoriam,
1218 540 1290 580 ille
1321 539 1475 581 doctri·
1502 547 1524 590 'ft

151 612 270 652 nam,
308 597 448 639 cuncti
478 597 744 652 religionem,
780 597 1051 639 adfirmantes
1081 597 1194 639 hunc
1226 611 1316 639 esse
1346 611 1476 640 unum
1498 614 1522 652 j

156 669 333 697 arcanae
370 655 542 697 deorum
579 657 757 696 naturae
794 655 1025 710 conscium,
1068 655 1141 709 qui
1178 655 1294 697 solus
1332 655 1524 704 diuina

114 713 141 753 2
156 717 198 755 et
229 713 403 768 adsequi
429 713 570 754 animo
603 716 644 754 et
669 713 809 767 eloqui
834 715 980 767 posset
1005 713 1188 767 ingenio.
1236 714 1348 754 inter
1371 713 1475 755 haec

152 771 395 826 Euangelus
433 770 656 824 ‘equidem'
693 771 832 825 inquit
862 771 1010 813 ‘miror
1039 771 1228 825 potuisse
1258 773 1520 813 tantorum

152 832 409 884 potestatem
439 829 659 870 numinum
691 829 1002 883 comprehendi,
1035 843 1181 870 uerum
1214 829 1325 884 quod
1356 829 1474 871 Man·
1505 830 1524 883 'J

153 891 333 929 tuanum
357 889 551 928 nostrum
577 887 630 927 ad
656 887 835 941 singula,
861 901 957 928 cum
981 887 1032 928 de
1058 886 1210 928 diuinis
1237 901 1373 930 sermo
1400 889 1475 939 est,

153 947 309 987 testem
346 945 506 999 citatis,
549 945 779 999 gratiosius
817 947 898 998 est,
941 959 1067 999 quam
1109 947 1157 986 ut
1192 944 1347 986 iudicio
1385 945 1508 986 fieri

114 1002 338 1057 3putetur.
387 1017 442 1044 an
473 1016 551 1057 ego
581 1002 748 1044 credam
775 1003 886 1057 quod
911 1003 996 1058 ille,
1026 1017 1120 1044 cum
1147 1002 1302 1044 diceret
1325 1003 1475 1045 Liber
1502 1002 1507 1034 ἱ

154 1069 200 1102 et
231 1061 360 1102 alma
386 1059 534 1102 Ceres
565 1075 642 1115 pro
675 1061 763 1102 sole
795 1076 843 1103 ac
874 1061 987 1116 luna,
1017 1075 1103 1102 non
1126 1061 1275 1103 hocin
1301 1061 1474 1103 alterius
1506 1063 1511 1066 ”

152 1122 306 1174 poetae
330 1119 614 1160 imitationem
640 1119 794 1173 posuit,
824 1119 886 1160 ita
911 1119 993 1160 dici
1019 1119 1206 1174 audiens,
1237 1133 1310 1160 cur
1333 1121 1476 1160 tamen
1503 1117 1509 1137 ²

112 1175 360 1219 4diceretur
395 1176 626 1231 ignorans?
686 1177 770 1218 nisi
805 1177 914 1218 forte
951 1179 999 1217 ut
1029 1176 1180 1218 Graeci
1219 1176 1362 1218 omnia
1399 1191 1475 1218 sua
1503 1175 1507 1184 ”

152 1236 196 1277 in
220 1235 461 1276 inmensum
485 1235 655 1288 tollunt,
679 1249 759 1276 nos
785 1249 951 1289 quoque
979 1235 1107 1276 etiam
1131 1236 1280 1289 poetas
1305 1236 1474 1277 nostros
1499 1263 1501 1269 x

153 1293 351 1335 uolumus
376 1293 680 1347 philosophari,
706 1307 801 1334 cum
826 1293 916 1346 ipse
936 1292 1115 1344 Tullius,
1141 1292 1212 1347 qui
1233 1307 1319 1334 non
1337 1293 1475 1334 minus

151 1351 367 1405 professus
409 1353 474 1391 est
509 1350 840 1405 philosophandi
877 1351 1062 1392 studium
1101 1365 1226 1404 quam
1263 1351 1476 1405 loquendi,
1498 1369 1508 1374 ·

153 1409 348 1464 quotiens
394 1411 467 1449 aut
509 1409 559 1450 de
594 1411 750 1450 natura
785 1409 957 1450 deorum
996 1410 1069 1450 aut
1105 1408 1155 1449 de
1191 1407 1279 1450 fato
1318 1411 1392 1450 aut
1426 1409 1475 1450 de
1500 1413 1517 1460 ῥ’

154 1467 414 1508 diuinatione
440 1466 641 1521 disputat,
673 1467 864 1522 gloriam,
891 1481 1017 1541 quapi
1044 1466 1234 1508 oratione
1260 1466 1510 1520 conflauit,

151 1525 370 1567 incondita
400 1539 539 1566 rerum
570 1525 773 1566 relatione
804 1523 997 1566 minuat'.
1499 1562 1502 1568 f

114 1583 140 1623 5
271 1583 379 1624 Tum
423 1582 698 1637 Symmachus
749 1582 814 1623 de
858 1581 1075 1635 Cicerone,
1119 1582 1356 1637 Euangele,
1406 1581 1476 1636 qui

155 1641 356 1683 conuiciis
381 1641 704 1694 inpenetrabilis
730 1643 806 1694 est,
837 1643 936 1694 post
958 1639 1209 1694 uidebimus,
1239 1654 1350 1682 nunc
1376 1641 1475 1694 quia
1501 1669 1504 1671 Δ

155 1713 251 1741 cum
293 1698 468 1740 Marone
510 1698 633 1740 nobis
676 1698 896 1752 negotium
939 1699 1019 1750 est,
1067 1698 1322 1753 respondeas
1367 1698 1476 1750 uolo,
1497 1704 1524 1720 ‘⁴'

154 1759 297 1798 utrum
335 1758 484 1810 poetae
521 1756 645 1797 huius
680 1770 807 1810 opera
837 1755 1106 1797 instituendis
1137 1758 1305 1797 tantum
1335 1757 1476 1809 pueris
1496 1771 1499 1774 “

154 1814 307 1856 idonea
349 1814 525 1868 iudices,
568 1828 620 1855 an
665 1815 749 1856 alia
790 1813 876 1855 illis
914 1814 1067 1855 altiora
1103 1814 1240 1855 inesse
1276 1814 1477 1856 fatearis?
1497 1813 1500 1830 ³

249 1943 266 1972 1
296 1940 477 1974 ΚΕΚΛΥΘΙ
505 1940 546 1982 Ρ,
574 1940 778 1974 ΚΕΚΛΥΘΥ
803 1940 839 1973 Β
923 1939 1052 1974 ΔΙΝΕ(
1077 1939 1114 1974 Β
1193 1939 1409 1984 ΕΛΙΚΔΙΤΕΔ
1435 1939 1476 1983 P,
1514 1983 1515 1986 Ἰ

155 1987 367 2020 ΕΛΚΔΓΓΕΔ
399 1986 435 2020 Β
553 1990 573 2020 2
607 1985 909 2030 ΕΤΡΟΦΑΛΙΤΞΙ
940 1987 976 2020 Β
1094 1986 1360 2020 ΠΕΡΙΔΡΟΜΟ
1391 1986 1477 2027 BP,
1498 2007 1503 2031 3

155 2033 282 2067 deinde
307 2033 434 2067 ΗΛΙΕΝ
460 2033 504 2078 Ρ,
531 2033 654 2067 ΗΛΙΕΝ
682 2033 717 2067 Β
790 2033 982 2067 ΕΛΙΕΟΟΟΝ
1008 2032 1044 2066 Β
1116 2035 1136 2065 3
1162 2033 1275 2066 ΔΤΔΛ
1300 2033 1389 2067 ΖΕΥ
1409 2032 1480 2067 ΒΡ
1501 2047 1503 2050 ·

154 2079 397 2113 ΔΥΟΝΥΕΕ-
426 2078 463 2112 Ρ
528 2080 696 2114 ΠΟΝΤΟΙ
723 2079 759 2113 Β
824 2079 920 2113 ΛΙΝΕ
945 2079 980 2112 Β
1043 2081 1065 2112 4
1088 2079 1389 2114 ΠΑΝΓΕΝΕΤωΡ
1407 2078 1481 2113 ΒΡ

154 2125 236 2159 Πὰν
262 2125 360 2159 αἰόλε
386 2125 507 2161 Herm.
599 2128 619 2159 5
645 2125 720 2159 fine
745 2125 922 2170 loquendi
946 2125 983 2160 P
1061 2129 1081 2160 9
1108 2125 1288 2160 archanae
1313 2125 1349 2159 Β
1435 2127 1476 2159 10
1500 2123 1503 2127 ’

155 2170 293 2214 assequi
317 2171 354 2205 Β
427 2175 468 2206 19
493 2171 707 2206 Immensum
734 2172 771 2206 P
833 2175 878 2206 20
904 2181 987 2205 cum
1012 2170 1259 2215 —professus
1279 2170 1333 2205 est
1356 2170 1476 2216 philo·

155 2217 299 2261 sophan
322 2218 392 2262 (ita
415 2218 508 2260 BP)
533 2229 598 2254 om.
625 2216 670 2253 B'
767 2221 811 2253 25
830 2216 1049 2253 simmachus
1069 2217 1153 2252 ΒΡ
1240 2221 1283 2252 26
1309 2215 1480 2252 counitus
1493 2234 1500 2257 z

154 2264 441 2308 impenetrabilis
467 2265 502 2299 Β
575 2269 618 2300 28
643 2265 789 2299 tantum
814 2275 878 2301 om.
905 2264 942 2298 P
1489 2297 1490 2300 ,
