1526 2444
509 76 578 112 XX
602 80 741 112 30—32
780 76 865 112 XXI
892 80 983 113 1—4
1333 76 1416 118 571

70 187 352 240 recesserunt,
383 199 498 228 nunc
530 185 817 240 quaerendum
851 188 928 241 est,
960 200 1055 228 cum
1083 185 1282 228 zodiacus
1309 200 1419 228 unus

71 246 145 299 sit,
188 247 231 288 et
272 245 309 287 is
353 246 523 286 constet
567 244 684 286 caelo
729 244 942 287 sideribus
986 245 1146 300 infixis,
1194 259 1321 300 quem
1366 244 1418 286 ad

37 304 245 347 *modum
287 302 542 345 inferiorum
581 303 1053 358 sphaerarumstellae
1091 304 1136 345 in
1175 303 1310 359 signis
1349 318 1420 346 zo-

73 363 183 406 diaci
213 376 354 404 meare
387 362 595 404 dicantur.
644 376 724 404 nec
754 362 933 418 longum
965 365 1031 404 est
1060 363 1257 404 inuenire
1288 362 1419 405 ratio-

37 433 55 460 5
74 437 192 478 nem,
246 436 355 477 quae
404 421 452 463 in
500 421 595 476 ipso
644 421 862 464 uestibulo
913 422 1096 469 excubat
1144 422 1419 476 quaestionis.

67 496 218 524 uerum
243 486 309 523 est
340 481 465 534 enim,
497 494 634 536 neque
661 481 794 522 solem
820 481 1021 523 lunamue
1047 495 1187 535 neque
1219 481 1269 523 de
1294 481 1461 535 uagis2

67 541 201 582 ullam
237 539 300 581 ita
331 540 376 581 in
415 539 550 594 signis
588 539 751 581 zodiaci
782 539 903 593 ferri,
944 542 993 581 ut
1024 553 1174 581 eorum
1206 540 1419 582 sideribus

67 599 344 653 misceantur,
385 598 458 640 sed
495 599 541 640 in
578 598 653 640 illo
687 599 812 654 signo
853 613 946 640 esse
978 613 1064 640 una
1096 613 1291 654 quaeque
1323 613 1420 654 per-

66 658 258 712 hibetur,
302 657 416 712 quod
459 656 659 699 habuerit
697 672 824 712 super
868 658 1074 699 uerticem
1119 658 1164 699 in
1203 672 1270 709 ea,
1311 673 1419 714 quae

31 717 135 759 oilli
173 717 368 759 subiecta
405 717 488 766 est,
525 716 673 757 circuli
712 716 778 757 sui
809 717 985 770 regione
1018 716 1278 771 discurrens,
1320 717 1420 771 quia

68 777 336 832 singularum
381 774 661 828 sphaerarum
699 775 883 817 circulos
922 776 968 816 in
1009 775 1232 817 duodecim
1273 778 1418 830 partes

67 850 200 890 aeque
220 837 269 876 ut
294 833 515 875 zodiacum
541 834 652 874 ratio
679 833 839 887 diuisit,
866 837 909 875 et
934 848 1042 889 quae
1062 834 1108 874 in
1134 849 1227 875 eam
1247 837 1419 889 partem

65 893 214 936 circuli
246 892 312 934 sui
343 892 524 947 uenerit,
564 906 673 947 quae
712 892 790 934 sub
822 895 946 947 parte
985 893 1148 935 zodiaci
1181 896 1247 935 est
1277 891 1419 935 Arieti

65 953 279 1008 deputata,
304 951 348 993 in
373 950 515 1005 ipsum
544 951 735 993 Arietem
760 952 932 993 uenisse
959 952 1216 1007 conceditur,
1243 952 1418 994 similis-

30 1021 49 1048 5
69 1026 150 1067 que
183 1010 431 1054 obseruatio
470 1010 515 1051 in
548 1010 739 1065 singulas
772 1013 920 1065 partes
954 1011 1246 1066 migrantibus
1280 1011 1417 1053 stellis

62 1073 246 1112 tenetur.
308 1071 352 1110 et
378 1068 479 1123 quia
504 1069 673 1111 facilior
699 1069 753 1110 ad
773 1069 1040 1111 intellectum
1067 1084 1144 1124 per
1172 1070 1319 1112 oculos
1346 1070 1459 1114 uia3

64 1132 149 1180 est,
187 1128 248 1182 id,
290 1127 404 1183 quod
437 1142 577 1169 sermo
615 1127 859 1183 descripsit,
903 1129 1018 1170 uisus
1052 1129 1261 1184 adsignet.
1324 1132 1418 1172 esto

65 1189 180 1230 enim
219 1187 416 1230 zodiacus
455 1187 658 1242 circulus,
696 1187 764 1228 cui
804 1188 1069 1243 adscriptum
1109 1192 1176 1230 est
1208 1188 1266 1243 A,
1306 1189 1419 1230 intra

65 1248 181 1289 hunc
207 1249 370 1301 septem
404 1245 478 1287 alii
511 1246 634 1287 orbes
661 1246 866 1301 locentur,
899 1248 942 1288 et
967 1247 1164 1289 zodiacus
1197 1248 1250 1289 ab
1277 1246 1318 1289 A
1342 1262 1420 1302 per

67 1306 259 1350 ordinem
292 1304 443 1346 adfixis
474 1305 603 1358 notis,
635 1305 790 1359 quibus
824 1305 1121 1347 adscribentur
1153 1306 1324 1348 litterae
1357 1321 1419 1348 se-

67 1367 259 1421 quentes,
285 1364 331 1405 in
356 1366 503 1417 partes
531 1363 752 1405 duodecim
778 1364 1016 1406 diuidatur:
1050 1365 1189 1419 sitque
1216 1366 1420 1420 spatium,

66 1425 177 1481 quod
208 1424 320 1465 inter
352 1422 392 1463 A
424 1425 467 1464 et
497 1422 534 1463 B
567 1423 779 1464 clauditur
811 1422 953 1464 Arieti
992 1423 1266 1478 deputatum,
1306 1424 1419 1479 quod

31 1485 178 1526 vinter
223 1482 258 1524 B
297 1484 340 1524 et
377 1479 411 1524 C
456 1481 616 1536 Tauro,
661 1482 772 1536 quod
818 1482 930 1523 inter
968 1480 1002 1524 G
1047 1485 1090 1523 et
1130 1482 1169 1524 D
1214 1482 1419 1535 Geminis,

69 1542 235 1586 Cancro
269 1540 382 1596 quod
414 1540 619 1596 sequitur,
652 1543 696 1582 et
724 1541 902 1595 reliquis
935 1555 1011 1595 per
1037 1541 1230 1583 ordinem
1264 1545 1418 1584 cetera.

65 1601 133 1643 his
165 1599 412 1643 constitutis
437 1600 522 1641 iam
551 1599 602 1641 de
634 1600 815 1655 singulis
842 1600 1005 1642 zodiaci
1035 1601 1154 1642 notis
1181 1605 1225 1643 et
1255 1601 1459 1645 litteris4

44 1660 262 1716 'singulae
301 1659 499 1700 deorsum
531 1658 670 1700 lineae
708 1673 784 1713 per
816 1673 964 1701 omnes
1003 1659 1186 1702 circulos
1225 1660 1278 1702 ad
1316 1660 1415 1702 ult-i-

66 1734 183 1761 mum
209 1732 344 1774 usque
369 1716 596 1759 ducantur:
621 1718 770 1772 procul
795 1718 926 1760 dubio
952 1732 1025 1770 per
1045 1732 1194 1760 omnes
1220 1719 1415 1775 singulos

69 1778 285 1821 duodenas
316 1778 463 1831 partes
497 1776 660 1818 diuidet
696 1777 907 1818 transitus
945 1777 1168 1820 linearum.
1230 1778 1274 1820 in
1313 1793 1417 1833 quo-

66 1851 247 1892 cumque
277 1835 412 1891 igitur
443 1835 600 1877 circulo
634 1850 708 1877 seu
740 1836 804 1878 sol
835 1836 880 1877 in
909 1836 984 1878 illo
1018 1850 1093 1878 seu
1123 1837 1226 1879 luna
1257 1838 1327 1879 uel
1366 1837 1417 1879 de

67 1897 190 1951 uagis
223 1909 516 1950 quaecumque
548 1894 771 1945 discurrat,
803 1909 900 1936 cum
932 1895 984 1936 ad
1018 1895 1206 1950 spatium
1237 1896 1418 1952 uenerit,

68 1955 182 2012 quod
207 1954 319 1996 inter
347 1953 486 1994 lineas
513 1953 727 1995 clauditur
753 1954 807 1995 ab
840 1953 881 1994 A
906 1956 950 1995 et
975 1953 1011 1995 B
1042 1954 1158 1996 notis
1191 1957 1235 1997 et
1259 1955 1417 1997 litteris

34 2062 38 2065 ¹
68 2013 314 2065 defluentes,
346 2015 391 2053 in
422 2011 571 2054 Ariete
598 2026 690 2054 esse
724 2012 898 2067 dicetur,
930 2014 1030 2068 quia
1060 2013 1148 2055 illic
1181 2015 1417 2056 constituta

68 2072 256 2127 spatium
283 2070 444 2112 Arietis
470 2070 513 2112 in
540 2071 712 2113 zodiaco
745 2071 1018 2127 designatum
1044 2087 1171 2127 super
1196 2074 1419 2129 uerticem,

163 2181 183 2212 3
209 2176 397 2221 sperarum
423 2174 460 2209 Β
534 2179 553 2211 7
580 2174 665 2211 fieri
689 2177 732 2211 ut
757 2177 793 2212 B
867 2180 910 2211 12
936 2188 975 2211 m
999 2187 1044 2212 ea
1062 2177 1171 2222 parte
1190 2177 1226 2212 B
1302 2181 1347 2212 14
1366 2178 1420 2212 (11-

67 2224 202 2270 putata
226 2221 274 2258 P'
399 2226 441 2257 17
468 2221 620 2267 1111311οὺλ
636 2224 673 2258 Β
795 2227 837 2259 18
871 2223 1062 2270 ειΓζΓετιρίῡῡ
1091 2226 1194 2270 (post
1223 2224 1266 2259 as
1285 2226 1421 2261 deletae

69 2272 137 2316 cir)
160 2271 196 2305 B
316 2272 362 2304 20
387 2268 551 2313 adfinnl'
571 2270 608 2304 P
713 2270 1004 2307 affcr1*bentur
1039 2272 1093 2314 (in
1116 2282 1190 2307 rag.
1215 2272 1293 2315 fuit
1317 2273 1357 2317 p)
1384 2273 1420 2307 B

69 2322 114 2354 31
141 2320 179 2353 et
202 2316 314 2353 lineis
330 2317 337 2363 Ι
359 2315 565 2353 defluentes
585 2318 622 2353 B
