1526 2444
128 78 211 120 252
650 76 752 113 SAT.
775 75 902 111 LIBRI
927 76 958 112 V
1500 0 1526 137 ἲ

130 186 228 227 dum
247 186 423 236 faciunt,
443 200 468 226 a
486 185 690 226 Pisandro
711 183 764 226 ad
783 184 960 226 uerbum
978 198 1110 238 paene
1123 185 1451 240 transcripserib,

90 244 202 299 5qui
235 244 343 285 inter
368 243 552 284 Graecos
583 245 730 298 poetas
756 243 914 284 eminet
938 256 1075 296 opere,
1107 243 1217 297 quod
1242 257 1267 284 a
1290 243 1450 296 nuptiis

128 301 244 343 Iouis
289 304 331 343 et
370 301 545 342 Iunonis
589 300 795 355 incipiens
838 299 1058 342 uniuersas
1100 301 1301 343 historias
1343 314 1451 355 quae

129 359 280 401 mediis
335 360 528 401 omnibus
578 359 754 400 saeculis
802 372 936 412 usque
986 358 1038 399 ad
1088 361 1270 400 aetatem
1318 359 1451 413 ipsius

129 417 327 459 Pisandri
352 418 633 473 contigerunt,
657 417 703 458 in
726 431 854 458 unam
873 416 1024 457 seriem
1044 420 1210 458 coactas
1230 416 1452 471 redegerit,
1486 433 1502 459 ⁵
1521 435 1526 442 ’

131 478 173 516 et
209 490 340 516 unum
377 489 427 516 ex
464 475 642 516 diuersis
678 475 867 516 hiatibus
903 476 1142 528 temporum
1174 489 1324 529 corpus
1356 474 1451 516 effe-

131 533 254 587 cerih,
295 534 340 574 in
383 547 466 587 quo
510 547 634 587 opere
671 533 782 574 inlzer
817 532 1019 573 historias
1057 534 1218 574 ceteras
1255 533 1452 574 imeritus

131 605 298 645 quoque
323 590 477 632 Troiae
508 591 550 631 in
575 591 689 632 hunc
714 591 884 631 modum
909 591 1069 631 relatus
1094 593 1170 642 est,
1201 604 1307 645 quae
1333 590 1452 632 Maro

131 649 312 690 fideliter
341 649 658 703 inierpretando
689 648 920 689 fabricatus
953 647 1036 689 sibi
1067 651 1132 690 esi:
1155 647 1311 690 Iliacae
1336 649 1453 689 urbis

130 706 328 748 ruinam?
390 707 462 748 sed
501 709 542 747 e'n
570 706 674 747 haec
706 709 748 746 et
778 706 882 747 talia
912 705 1053 759 pueris
1085 706 1307 747 decantata
1337 721 1453 760 prae·
1473 721 1526 747 10:

91 767 262 808 6tereo.
319 764 405 805 iam
441 778 542 805 uero
575 764 730 804 Aeneis
767 764 861 817 ipsa
895 777 1037 804 nonne
1069 764 1122 804 ab
1154 763 1339 805 Homero
1373 764 1452 804 sibi

130 825 326 864 mutuata
364 824 428 863 est
463 836 648 863 errorem
684 821 869 876 primum
900 835 951 862 ex
982 820 1187 875 Odyssea,
1224 821 1372 863 deinde
1405 836 1454 863 ex

131 880 264 922 Iliade
295 879 491 935 pugnas?
524 880 624 933 quia
654 879 792 933 operis
824 879 1015 920 ordinem
1045 879 1284 920 necessaria
1314 893 1454 920 rerum

131 939 233 979 ordo
253 938 447 991 mutauiss,
467 952 562 979 cum
582 938 692 991 apud
710 936 946 978 Homerum
965 937 1082 990 prius
1098 936 1273 978 Iliacum
1294 937 1453 978 bellum

133 998 299 1050 gestum
332 995 400 1050 sit,
431 995 579 1036 deinde
603 995 831 1036 reuertenti
857 994 906 1035 de
932 993 1061 1035 Troia
1085 1008 1201 1036 error
1227 995 1454 1050 contigerit
1474 1009 1506 1036 ιε

132 1053 266 1107 Vlixi,
309 1053 420 1107 apud
457 1052 675 1094 Maronem
717 1066 817 1094 uero
855 1051 1025 1093 Aeneae
1065 1053 1286 1108 nauigassio
1329 1053 1455 1107 bella,

94 1115 115 1155 7
133 1126 241 1166 quae
271 1114 419 1165 postea
447 1111 493 1152 in
522 1110 649 1152 Italia
680 1112 778 1152 sunt
809 1113 943 1164 gesssa,
972 1111 1260 1163 praecesserit.
1308 1125 1454 1152 rursus
1521 1141 1526 1162 ,

131 1169 342 1211 Homerus
367 1169 410 1210 in
435 1169 584 1223 primo,
610 1183 702 1210 cum
729 1169 860 1209 uellet
883 1167 1077 1221 iniquum
1102 1167 1272 1210 Graecis
1293 1167 1455 1222 Apolli·
1517 1163 1526 1207 ’Ξ

131 1242 228 1269 nem
260 1227 416 1279 faeere,
448 1241 620 1268 causam
652 1226 806 1267 struxit
837 1226 886 1267 de
919 1225 1148 1267 sacerdotis
1179 1226 1352 1268 iniuria:
1386 1227 1455 1268 hic
1514 1222 1517 1227 ’

132 1288 180 1327 ut
210 1285 403 1326 Troianis
435 1284 642 1326 Iunonem
677 1284 838 1325 facerefi
867 1283 1085 1334 infestam,
1122 1298 1342 1326 causarum
1373 1284 1453 1326 sibi
1473 1289 1516 1325 ω’

93 1343 374 1397 Scongeriem
419 1342 680 1397 conparauit.
752 1356 829 1383 nec
871 1341 976 1383 illud
1019 1356 1112 1383 cum
1156 1356 1311 1397 magna
1355 1356 1455 1384 cura
1510 1338 1518 1391 s

133 1401 341 1443 relaturus
369 1415 474 1451 sum,
502 1400 614 1453 licet,
638 1402 687 1441 ut
712 1400 902 1453 aestimo,
927 1414 1013 1442 non
1039 1399 1232 1441 omnibus
1257 1401 1454 1442 obserua-

132 1462 236 1511 tum,
269 1458 380 1513 quod
411 1473 504 1500 cum
536 1458 673 1513 primo
700 1472 825 1499 uersu
856 1458 1123 1511 promisisset
1151 1458 1453 1511 producturum
1511 1482 1515 1512 J

133 1531 176 1559 se
209 1518 258 1558 de
289 1516 441 1558 Troiae
472 1516 627 1557 finibus
658 1514 831 1557 Aenean

411 1596 563 1638 Troiae
596 1597 667 1651 qui
697 1596 857 1651 primus
890 1596 943 1638 ab
976 1597 1059 1638 oris

189 1655 362 1755 Εᾙξῗέ]
393 1654 481 1696 fato
513 1655 719 1709 profugus
750 1654 995 1707 Lauinaque
1025 1653 1141 1695 uenit

338 1746 349 1767 7

130 1794 205 1836 ubi
242 1794 294 1834 ad
330 1794 501 1835 ianuam
538 1793 739 1834 narrandi
774 1793 908 1846 uenit,
948 1791 1116 1834 Aeneae
1155 1791 1333 1834 classem
1370 1806 1453 1835 non
1510 1803 1512 1806 ’

132 1851 182 1892 de
214 1851 342 1893 Troia
373 1851 446 1892 sed
479 1851 528 1892 de
561 1850 708 1892 Sicilia
737 1850 934 1905 producik
1506 1855 1508 1858 '

188 1933 260 1973 uix
293 1946 314 1973 e
346 1934 574 1985 conspectu
605 1930 771 1973 Siculae
803 1931 970 1973 telluris
1000 1932 1046 1972 in
1077 1931 1209 1973 altum

188 1990 287 2031 uela
318 1989 478 2031 dabant
508 1989 623 2031 laeti.

225 2142 268 2173 25
294 2139 383 2174 Aen.
409 2138 424 2171 Ι
452 2142 469 2172 1
542 2141 586 2172 30
611 2138 659 2173 ib.
686 2138 701 2171 I
726 2140 772 2171 34

226 2281 268 2312 10
294 2279 331 2312 ek
357 2282 439 2313 ame
463 2278 555 2312 'naha
580 2289 646 2313 om.
674 2275 718 2311 P'
795 2279 836 2310 12
863 2275 1000 2312 odxssea
1024 2276 1061 2310 P
