1526 2444
145 75 230 117 604
441 76 588 112 COMM.
615 77 667 111 IN
693 77 835 113 SOMN.
861 77 970 113 SCIP.
995 77 1123 113 LIBRI
1141 78 1175 112 11

143 182 290 223 nostro
323 183 419 223 ortu
459 184 503 223 et
534 182 710 234 orietur,
748 198 842 225 cum
871 183 994 225 nobis
1027 183 1204 238 occidet,
1241 184 1465 226 calcabunt

145 253 275 293 aeque
306 242 354 281 ut
383 254 461 281 nos
492 239 685 294 humum,
716 243 758 282 et
789 255 915 297 super
944 241 1148 282 uerticem
1179 255 1343 295 semper
1373 256 1463 283 cae-

75 296 232 338 2510111
264 297 476 338 uidebunt.
531 311 608 339 nec
641 300 779 340 metus
811 299 902 352 erit,
931 313 984 339 ne
1009 298 1059 340 de
1084 301 1198 340 terra
1228 299 1272 340 in
1304 299 1464 340 caelum

145 354 351 408 decidant,
381 369 477 396 cum
506 355 614 396 nihil
644 370 847 410 umquam
877 356 1016 410 possit
1045 370 1164 397 ruere
1196 371 1373 398 sursum.
1429 356 1466 398 si

143 411 255 452 enim
297 412 439 465 nobis,
489 412 601 466 quod
652 413 842 455 adserere
885 427 1016 468 genus
1065 413 1147 455 ioci
1196 417 1279 469 est,
1326 415 1465 455 iusum

142 468 345 522 habetur,
386 470 460 511 ubi
496 472 561 511 est
596 473 727 521 terra,
777 473 819 512 et
860 485 1007 512 susum
1048 471 1123 512 ubi
1161 472 1335 524 caelum,
1376 471 1463 512 illis

143 541 308 582 quoque
345 542 490 569 susum
533 528 613 569 erit
649 528 760 582 quod
804 529 852 569 de
890 528 1086 569 inferiore
1124 529 1353 582 suspicient
1389 543 1466 570 nec

74 583 129 624 26
146 585 372 639 aliquando
393 586 438 626 in
458 600 639 639 superna
665 586 802 628 casuri
821 590 930 628 sunt.
969 586 1280 628 adfirmauerim
1300 600 1465 640 quoque

145 645 187 683 et
224 643 335 697 apud
365 643 464 684 illos
496 643 636 684 minus
673 658 814 685 rerum
844 644 1006 698 peritos
1043 643 1124 685 hoc
1163 644 1385 685 aestimare
1416 643 1466 685 de

143 701 268 741 nobis
305 715 381 742 nec
412 701 579 742 credere
615 715 740 754 posse
777 715 855 743 nos
893 702 936 742 in
975 715 1057 755 quo
1089 715 1231 742 sumus
1269 702 1360 742 loco
1397 701 1464 742 de-

145 771 256 812 gere,
287 759 358 799 sed
384 759 562 813 opinari,
593 759 725 812 siquis
752 759 830 800 sub
856 759 1033 812 pedibus
1059 773 1202 800 eorum
1234 761 1468 813 temptaret

144 818 268 869 stare,
300 830 507 858 casurum.
555 831 785 870 numquam
816 819 961 858 tamen
993 816 1104 870 apud
1134 831 1212 857 nos
1243 817 1467 870 quisquam

142 874 288 914 timuit
311 888 364 914 ne
390 874 559 915 caderet
589 875 633 915 in
659 875 830 925 caelum,
863 888 962 928 ergo
993 887 1071 915 nec
1096 873 1206 928 apud
1231 874 1327 915 illos
1354 874 1467 928 quis-

144 945 271 984 quam
301 931 346 971 in
377 932 595 985 superiora
625 946 798 972 casurus
830 934 906 984 est,
937 932 1046 973 sicut
1078 932 1220 972 omnia
1250 934 1358 972 nutu
1388 945 1466 972 uos

142 988 332 1042 pondera
375 989 419 1030 in
467 991 624 1029 terram
666 988 767 1030 ferri
810 989 1001 1043 superius
1045 989 1181 1030 relata
1222 988 1465 1030 docuerunt.

73 1045 127 1085 27
142 1048 357 1099 postremo
400 1047 493 1100 quis
531 1046 738 1101 ambigat,
780 1046 825 1087 111
860 1047 1039 1100 sphaera
1074 1048 1213 1087 terrae
1250 1061 1316 1098 ea,
1360 1060 1465 1100 quae

143 1103 344 1145 inferiora
371 1103 578 1158 dicuntur,
611 1104 897 1158 superioribus
925 1104 1011 1145 suis
1043 1118 1134 1145 esse
1166 1103 1388 1153 contraria,
1418 1106 1466 1145 ut

144 1166 208 1202 est
245 1162 383 1203 oriens
421 1162 654 1203 occidenti?
692 1177 790 1203 nam
826 1162 871 1202 111
906 1165 1082 1215 utraque
1120 1164 1238 1214 parte
1273 1175 1351 1215 par
1381 1161 1466 1203 dia-

143 1221 300 1260 metros
331 1220 529 1272 habetur,
565 1234 659 1262 cum
691 1233 793 1274 ergo
826 1222 868 1260 et
899 1219 1103 1261 orientem
1140 1221 1183 1260 et
1208 1219 1464 1261 occidentem

144 1277 340 1318 similiter
376 1279 541 1318 constet
571 1277 775 1330 habitari,
807 1277 907 1331 quid
939 1280 1004 1318 est
1035 1276 1147 1331 quod
1177 1277 1302 1318 fidem
1338 1277 1461 1318 huius

73 1332 127 1373 28
144 1348 308 1388 quoque
363 1335 555 1376 diuersae
610 1335 691 1376 sibi
744 1334 1028 1376 habitationis
1077 1334 1301 1376 excludat?
1360 1334 1464 1375 haec
1524 1343 1526 1346 “

143 1392 288 1432 omnia
318 1406 404 1433 non
436 1393 598 1434 otiosus
630 1393 763 1434 lector
800 1393 843 1433 in
880 1395 969 1433 tam
1000 1393 1146 1445 paucis
1177 1392 1316 1432 uerbis
1349 1390 1463 1433 Cice-

141 1450 256 1490 ronis
311 1450 508 1491 inueniet.
579 1464 678 1491 nam
721 1464 816 1491 cum
865 1450 968 1491 dicit
1009 1453 1196 1490 terram
1240 1450 1462 1504 cingulis

143 1507 246 1548 suis
272 1507 560 1548 redimitam
593 1510 742 1561 atque
774 1507 1150 1560 circumdatam,
1182 1507 1364 1548 ostendit
1386 1521 1463 1561 per

142 1578 266 1606 omne
296 1568 436 1606 terrae
462 1579 613 1619 corpus
639 1565 814 1606 eandem
839 1567 1168 1619 temperatorum
1194 1565 1461 1619 cingulorum

142 1622 434 1664 continuatam
478 1637 568 1664 esse
611 1622 876 1676 temperiem,
926 1626 967 1664 et
1016 1636 1110 1664 cum
1160 1622 1220 1663 ait
1260 1623 1306 1663 in
1347 1624 1462 1664 terra.

142 1681 362 1721 maculas
393 1680 710 1722 habitationum
740 1680 885 1730 uideri,
914 1694 1015 1722 11011.
1031 1694 1102 1721 eas
1135 1679 1247 1734 dicit,
1279 1694 1384 1734 quae
1416 1680 1461 1720 in

141 1739 261 1790 parte
302 1740 475 1780 nostrae
517 1737 795 1779 habitationis
838 1752 924 1779 11011
966 1738 1095 1778 nullis
1139 1737 1314 1779 desertis
1357 1738 1460 1779 10018

70 1793 127 1835 29
143 1795 405 1849 interpositis
443 1796 698 1838 incoluntur.
757 1809 844 1837 non
884 1795 996 1836 enim
1033 1795 1214 1837 adiceret
1249 1794 1295 1836 in
1335 1795 1460 1848 ipsis

1487 713 1521 739 10

1488 999 1522 1026 15

1482 1288 1518 1314 20

1481 1573 1516 1601 25

142 1853 351 1894 maculis
383 1856 555 1895 uastas
588 1853 892 1895 solitudines
923 1853 1242 1907 interiectas,
1279 1853 1315 1894 si
1345 1853 1460 1906 ipsas
1478 1863 1514 1889 3⁰

142 1910 388 1952 solitudines
410 1911 579 1965 diceret,
598 1912 709 1953 inter
733 1925 836 1965 quas
863 1913 1003 1952 certae
1028 1913 1172 1965 partes
1198 1911 1460 1952 macularum

233 2038 255 2068 4
280 2035 454 2069 dec1dunt
477 2033 522 2069 B'
643 2039 663 2070 5
689 2035 843 2071 asserere
868 2036 904 2070 Β
1013 2034 1136 2078 jusum
1159 2035 1187 2078 (1
1212 2046 1236 2070 a
1259 2045 1324 2070 see.
1349 2045 1461 2069 manu

140 2081 282 2125 lonqius
310 2081 476 2125 deducta)
510 2081 554 2124 P,
584 2081 663 2115 1111Τ1
694 2082 731 2116 Β
849 2086 869 2117 6
893 2085 954 2117 ‘Fre
980 2081 1040 2124 P',
1072 2082 1199 2116 deinde
1230 2082 1267 2116 et
1296 2080 1394 2115 [111-[ἢ
1424 2082 1460 2115 Β

141 2131 160 2161 7
186 2126 383 2171 suspiciunt
407 2128 442 2161 Β
531 2131 551 2162 8
578 2126 839 2163 affirmauenm
862 2129 898 2162 Β
983 2131 1025 2162 11
1051 2127 1105 2163 set
1129 2137 1272 2172 opinari
1297 2127 1333 2162 Β
1417 2131 1460 2161 16

140 2172 244 2215 spera.
266 2173 302 2207 B
381 2177 423 2208 17
448 2173 620 2209 1nfenore
645 2171 693 2209 P'
774 2177 816 2208 18
843 2175 895 2208 eft
919 2185 984 2209 om.
1011 2174 1047 2208 P
1115 2177 1157 2208 21
1185 2172 1398 2208 excludatur
1424 2174 1460 2208 B

141 2221 186 2253 24
208 2219 426 2254 redemitam
450 2219 487 2254 Β
575 2251 578 2253 Α
610 2223 654 2255 25
678 2222 798 2256 terrae
823 2231 889 2256 om.
914 2220 960 2255 B'
1089 2224 1133 2255 30
1157 2218 1383 2254 folhtudmer
1406 2217 1457 2253 P'

141 2270 183 2299 31
211 2266 435 2301 macularum
462 2265 588 2311 partes
608 2267 644 2301 B
