1526 2444
160 86 246 127 642
457 86 604 124 COMM.
629 87 681 122 IN
707 86 848 122 SOMN.
875 86 984 124 SCIP.
1010 87 1138 123 LIBRI
1157 88 1190 123 II

159 192 267 234 nihil
298 195 362 235 est
392 195 535 235 autem
567 193 695 247 quod,
732 192 831 234 dum
861 193 1065 235 inmobile
1097 194 1169 248 sit,
1200 193 1311 236 aliud
1343 195 1480 249 possit

89 249 147 291 30
160 264 348 304 mouere,
389 250 520 305 igitur
558 263 709 304 corpus
744 250 960 292 hominem
996 265 1082 293 non
1118 254 1273 293 mouet.
1338 252 1480 294 uiden-

160 309 278 361 dum,
325 321 380 349 ne
427 307 536 349 forte
587 308 753 349 animae
802 310 845 350 et
892 309 1077 362 corporis
1119 309 1213 363 ipsa
1254 310 1478 364 permixtio

158 366 271 406 hunc
303 365 384 407 sibi
417 368 580 407 motum
611 365 836 407 ministret.
892 366 964 407 sed
996 366 1096 420 quia
1125 369 1292 408 constat
1316 369 1499 410 motum*

158 424 326 477 corpori
362 437 449 465 non
484 423 640 477 inesse,
677 423 712 464 si
748 437 825 464 nec
862 424 1030 464 animae
1068 424 1197 479 inest,
1234 439 1285 467 ex
1315 425 1477 467 duabus

157 481 284 522 rebus
326 483 445 522 motu
488 481 729 522 carentibus
776 480 917 522 nullus
955 483 1094 523 motus
1132 481 1328 536 efficitur,
1371 482 1480 525 sicut

156 552 236 582 nec
284 552 334 580 ex
383 538 544 580 duabus
594 538 784 580 dulcibus
827 539 1062 580 amaritudo
1106 553 1183 581 nec
1225 554 1274 581 ex
1317 540 1479 582 duabus
1514 551 1519 556 '

158 596 315 638 amaris
348 595 523 638 dulcedo
554 596 776 651 proueniet
805 610 883 638 nec
914 610 964 637 ex
989 597 1156 651 gemino
1183 597 1340 652 frigore
1365 598 1479 639 calor

157 657 231 696 aut
272 654 408 709 frigus
452 668 503 696 ex
546 654 715 708 gemino
757 654 896 696 calore
933 657 1147 709 nascetur,
1191 654 1328 697 omnis
1365 655 1478 697 enim

157 712 340 765 qualitas
392 712 608 767 geminata
657 712 825 767 crescit,
877 726 1108 766 numquam
1156 726 1206 753 ex
1254 713 1476 767 duplicatis
1506 732 1508 734 ’

157 770 364 811 similibus
408 770 685 811 contrarietas
728 770 922 824 emergit:
966 783 1068 823 ergo
1111 784 1186 811 nec
1230 784 1279 811 ex
1316 771 1478 813 duabus

156 827 432 868 inmobilibus
463 829 602 869 motus
628 827 719 881 erit,
750 827 963 869 hominem
987 828 1119 882 igitur
1142 828 1367 882 permixtio
1392 842 1479 871 non
1501 842 1503 844 ·

85 883 140 925 31
157 885 355 926 mouebit.
380 885 480 927 hinc
491 884 830 939 inexpugnabilis
845 885 1116 939 syllogismus
1130 899 1181 926 ex
1191 885 1479 928 confessarum
1508 895 1509 898 ’

155 956 296 983 rerum
333 942 606 984 indubitabili
645 942 738 983 luce
768 943 984 997 colligitur
1016 943 1202 984 animal
1235 945 1478 997 mouetur,
1511 942 1521 991 s

154 1002 339 1041 motum
372 1003 537 1042 autem
568 999 776 1041 animali
814 1002 898 1041 aut
930 1000 1094 1041 anima
1132 1003 1362 1053 praestat
1392 1003 1478 1043 aut
1509 1016 1512 1018 ’

155 1071 334 1112 corpus
379 1059 465 1099 aut
506 1071 562 1098 ex
610 1059 824 1112 utroque
864 1055 1151 1111 permixtio,
1195 1058 1279 1099 sed
1321 1072 1522 1113 neque,

154 1129 335 1169 corpus
360 1129 518 1170 neque
542 1115 812 1170 permixtio
838 1117 1023 1157 motum
1047 1116 1293 1170 praestat,
1319 1116 1478 1171 igitur
1501 1141 1510 1170 Δ;

84 1172 140 1214 32
155 1173 321 1214 anima
345 1175 530 1215 motum
554 1174 796 1227 praestat.
840 1188 891 1215 ex
914 1173 981 1214 his
1007 1175 1184 1228 apparet
1209 1173 1393 1215 animam
1418 1174 1478 1215 in·
1504 1204 1505 1207 ,

156 1231 281 1272 itium
333 1233 476 1273 motus
526 1245 634 1285 esse,
677 1231 844 1272 initium
894 1233 1034 1273 autem
1086 1233 1227 1272 motus
1270 1233 1499 1273 tractatus

156 1289 347 1344 superior
367 1289 510 1330 docuit
527 1303 602 1343 per
621 1302 665 1330 se
678 1289 851 1342 moueri,
870 1289 1054 1330 animam
1074 1302 1175 1343 ergo
1195 1288 1478 1344 αὐτοκίνητον
1496 1296 1503 1344 J

153 1361 264 1400 esse,
296 1346 338 1387 id
371 1349 435 1388 est
465 1360 541 1400 per
571 1361 631 1423 S?
647 1350 807 1388 moueri
836 1347 955 1388 nulla
986 1347 1194 1388 dubitatio
1227 1349 1304 1389 est.

83 1425 187 1468 XVI
270 1427 352 1469 Hic
382 1428 454 1468 ille
465 1362 636 1469 riirsus
661 1427 920 1493 obloquitur,
957 1430 999 1468 et
1030 1427 1114 1470 alia
1146 1428 1195 1469 de
1225 1428 1360 1469 initiis
1393 1427 1476 1470 dis-

149 1486 371 1539 putatione
409 1485 615 1540 confligit,
653 1484 803 1527 eadem
834 1485 945 1526 enim
982 1485 1051 1527 hic
1083 1485 1283 1527 soluendo
1313 1488 1474 1539 repete·
1500 1495 1501 1498 ’

151 1558 259 1598 mus,
290 1558 396 1597 quae
428 1558 555 1597 supra
583 1543 628 1584 in
659 1543 847 1585 ordinem
873 1543 1036 1585 obiecta
1061 1543 1324 1598 digessimus.
1376 1557 1474 1585 non
1507 1547 1509 1549 ’

148 1604 366 1655 possunt
413 1602 553 1655 inquit
603 1601 772 1642 eadem
814 1601 983 1643 initiis
1028 1601 1131 1642 suis
1175 1615 1301 1655 esse,
1348 1615 1473 1655 quae

149 1658 263 1700 inde
311 1661 606 1712 nascuntur,
661 1661 709 1700 et
755 1659 866 1701 ideo
917 1659 1151 1713 animam,
1205 1673 1329 1713 quae
1377 1659 1472 1700 ini·
1498 1683 1499 1687 =

149 1716 273 1758 tium
313 1719 476 1759 motus
514 1719 607 1771 est,
643 1731 738 1758 non
769 1717 976 1771 moueri,
1011 1731 1069 1758 ne
1106 1717 1233 1758 idem
1270 1717 1339 1757 sit
1374 1716 1471 1758 ini·
1498 1755 1507 1771 ,-

148 1775 276 1815 tium
327 1778 375 1816 et
423 1774 552 1829 quod
596 1749 655 1816 'de
704 1774 855 1816 initio
904 1775 1148 1829 nascitur,
1195 1774 1244 1815 id
1292 1776 1370 1815 est
1411 1788 1500 1823 ne,

104 1831 312 1874 2motus
357 1847 412 1873 ex
449 1834 583 1874 motu
620 1832 930 1886 processisse
966 1832 1211 1874 uideatur.
1279 1831 1332 1873 ad
1368 1832 1470 1874 haee
1501 1853 1505 1880 ς

64 1912 111 1940 ἐμ(
108 1889 283 1933 facilis
329 1892 371 1931 et
408 1891 603 1939 absoluta
639 1890 857 1956 responsio
895 1893 978 1944 est,
1021 1891 1135 1944 quia,
1178 1893 1226 1931 ut
1261 1889 1470 1944 principia
1494 1894 1526 1938 J-

148 1950 190 1988 et
226 1947 347 2002 haec,
385 1962 490 2001 quae
528 1948 577 1989 de
614 1948 834 2002 principiis
871 1948 1094 2002 prodeunt,
1131 1948 1175 1988 in
1215 1948 1355 2001 aliquo
1385 1961 1469 1989 non
1495 1946 1502 1978 ἶ

243 2095 462 2131 11mm0bile
475 2095 549 2130 BP
617 2096 875 2131 3c6m1xt10B
943 2095 1184 2130 4m1n1ftrent
1196 2095 1297 2131 setB
1362 2098 1468 2130 511011
1506 2126 1511 2128 ,

146 2141 217 2176 esse
243 2141 311 2176 PB
395 2145 414 2176 9
441 2152 485 2176 ex
508 2152 574 2177 om.
599 2142 635 2176 Β
719 2145 762 2176 12
786 2141 1035 2177 1mm0b1hbur
1057 2142 1130 2177 BP
1215 2142 1406 2187 pm1xt10*
1435 2141 1472 2176 Ρ

147 2191 191 2222 13
216 2186 421 2231 slloglsmus
445 2188 481 2222 Β
560 2191 603 2222 14
632 2187 880 2223 mdubitabita
908 2192 950 2224 ‘ut
979 2186 1134 2223 uid.1³'
1208 2191 1253 2223 20
1284 2198 1408 2222 amma
1431 2187 1468 2223 Β
1501 2191 1522 2234 :ss

193 2235 327 2268 ΑΥΤΟ-
351 2235 393 2269 in
416 2245 487 2270 ras.
512 2235 557 2269 in
579 2235 616 2269 P
660 2238 704 2269 22
729 2245 835 2279 super
855 2235 900 2270 de
920 2234 1037 2269 initiis
1056 2235 1141 2270 add.
1162 2234 1206 2269 de
1225 2233 1424 2290 propositis
1437 2243 1493 2278 p
1494 2234 1525 2267 '-.

143 2284 191 2316 25
216 2280 346 2325 inquid
371 2279 416 2315 P'
492 2283 536 2316 28
560 2280 598 2316 id
624 2281 694 2327 est]
720 2280 818 2316 idem
842 2281 878 2316 B
951 2284 992 2316 31
1018 2284 1200 2326 puncipu'i
1225 2278 1272 2315 P'
