1526 2444
563 74 596 110 v
623 78 666 111 15
703 75 755 111 VI
781 78 872 110 1-5
1310 71 1395 115 387

107 184 333 242 supposita.
364 183 415 226 de
446 185 583 226 matre
613 183 772 226 nothos
803 182 950 225 furata
981 182 1162 238 creauit,

46 270 96 310 ut
125 267 222 324 ipsa
252 266 479 322 creauerit,
510 281 617 322 quos
650 265 784 308 creari
815 265 934 308 fecit:

329 348 559 405 tepidaque
590 350 805 392 recentem
847 356 852 360 ’

108 408 235 452 caede
265 409 425 462 locum,

13 503 29 530 5
49 506 147 534 cum
177 491 298 534 locus
329 504 504 533 recens
537 490 688 533 caede
718 504 832 532 noue
865 489 1005 532 dictus
1039 490 1108 532 sit.

47 576 90 616 et

105 632 211 674 haec
243 632 304 674 aii:
336 634 379 674 et
411 631 516 674 socii
548 633 768 674 cesserunt
799 646 984 687 aequore
1015 632 1133 674 iusso

46 729 124 770 pro
157 728 206 757 eo
240 714 352 770 quod
383 715 513 757 iussi
545 715 777 756 cesserunt.

47 799 92 839 ci:

0 867 30 894 ιο
72 879 76 882 ·
107 869 231 898 caeso
262 870 489 910 sparsurus
521 854 730 911 sanguine
761 854 976 910 flammas,

47 938 120 993 qui
152 952 204 980 ex
235 938 371 980 caesis
403 936 606 980 uidelicet
636 935 924 992 profunditur.

8 1086 9 1089 Ἴ
105 1030 223 1074 Vota
253 1032 380 1074 deum
410 1032 551 1086 primo
583 1031 723 1074 uictor
754 1031 954 1074 soluebat
984 1030 1078 1074 Eoo

0 1091 10 1152 ἵ.
46 1128 125 1169 pro
158 1128 284 1169 quae
316 1114 392 1156 dis
425 1116 547 1156 uota
580 1116 706 1156 sunt.

104 1207 165 1249 Et
194 1222 263 1250 me
295 1210 539 1251 consortem
569 1209 662 1250 nati
694 1208 877 1251 concede
909 1209 1119 1264 sepulcro,

12 1301 30 1331 ο
49 1290 158 1332 alius
190 1290 371 1333 dixisset

106 1374 149 1415 et
183 1387 250 1415 me
282 1373 528 1415 consortem
558 1374 661 1415 nato
694 1372 876 1415 concede
910 1373 1108 1428 sepulcri.

50 1434 94 1474 et

105 1490 183 1532 illa
213 1490 330 1532 uiam
361 1490 550 1532 celerans
581 1504 658 1546 per
690 1490 811 1533 mille
844 1491 1060 1534 coloribus
1093 1505 1265 1547 arcum,

46 1572 91 1614 id
123 1575 190 1615 est
219 1586 308 1627 per
338 1586 506 1615 arcum
539 1572 682 1615 mille
715 1573 955 1616 color'um.

24 1653 26 1659 ²
48 1656 92 1697 et
148 1671 150 1673 ·

105 1713 175 1756 hic
206 1713 280 1755 alii
311 1714 450 1769 spolia
482 1714 638 1756 occisis
670 1714 841 1770 direpta
872 1715 1039 1757 Latinis

35 1783 37 1785 ’
107 1772 325 1815 coniciunt
355 1773 447 1829 igni

35 1867 127 1911 ⁴‘pro
159 1854 209 1897 in
240 1855 424 1910 ignem.

35 2028 41 2037 „
144 1999 162 2029 1
188 1994 279 2031 Aen.
306 1994 375 2030 VH
401 1998 468 2029 283
542 1999 564 2031 3
590 1995 680 2031 Aen.
708 1995 810 2031 VIIII
829 1999 899 2031 455
975 1998 994 2030 7
1013 1996 1063 2034 ib.
1083 1995 1116 2030 X
1135 1999 1205 2031 444
1280 2000 1324 2032 10
1345 1997 1395 2033 ib.

37 2038 98 2129 ἐξ
122 2045 190 2123 ῗὲ3
253 2044 296 2077 12
322 2041 373 2077 ib.
399 2041 452 2076 XI
477 2046 499 2077 4
585 2046 629 2077 14
653 2043 704 2078 ib.
730 2043 763 2077 X
789 2046 857 2078 906
951 2046 995 2079 18
1014 2044 1064 2080 ib.
1083 2043 1118 2078 V
1138 2047 1206 2079 609
1280 2047 1324 2079 21
1345 2045 1396 2081 ib.

43 2165 205 2182 ιβ’-’ἑ

48 2239 50 2242 f
142 2221 163 2254 5
188 2228 284 2267 noue
309 2219 347 2255 P
417 2222 461 2254 10
487 2218 565 2255 ceso
591 2219 732 2264 sparses·
757 2220 794 2255 P
865 2224 907 2255 12
934 2221 1056 2256 uictor
1081 2231 1148 2257 om.
1171 2221 1208 2256 P
1281 2225 1325 2257 14
1346 2221 1397 2257 se-

38 2263 202 2351 ⁷13210hro
231 2266 267 2301 P
339 2269 381 2301 16
406 2265 589 2324 [epuloni-1
612 2266 650 2302 P
721 2270 764 2303 18
791 2272 864 2303 uafi.
892 2266 942 2303 P'
1019 2271 1063 2303 19
1091 2279 1138 2315 ep
1158 2268 1195 2303 P
1267 2273 1310 2304 21
1332 2273 1398 2306 aut

51 2351 54 2354 ‚
95 2313 202 2359 repta
226 2316 291 2349 aut
315 2313 471 2359 derepta
495 2314 532 2349 P

1038 2374 1113 2409 25*
