1526 2444
180 74 267 116 584
479 75 626 112 COMM.
651 76 703 111 IN
728 75 868 112 SOMN.
890 76 1001 113 SCIP.
1020 77 1147 113 LIBRI
1171 78 1205 112 11

182 195 288 236 quae
327 195 352 222 a
389 181 641 223 caelestibus
677 196 762 224 non
804 183 978 238 recedit,
1023 183 1094 225 sed
1133 198 1240 238 quae
1278 187 1389 227 esset
1424 186 1498 228 illa

180 239 290 280 ratio
323 239 390 280 uel
421 238 573 292 quibus
611 239 872 282 obseruanda
902 241 1036 282 modis
1073 255 1158 283 non
1193 242 1316 284 facile
1355 243 1498 297 depre-

179 296 409 350 hendebat,
440 310 617 350 cumque
648 311 742 338 eum
767 298 925 339 frustra
954 300 1098 340 tantae
1122 301 1292 354 tamque
1324 315 1498 342 arcanae

181 354 244 395 rei
286 354 483 395 diuturna
525 354 744 408 inquisitio
782 355 1001 410 fatigaret,
1044 356 1130 398 fors
1175 357 1346 412 obtulit,
1388 358 1499 412 quod

140 411 384 465 9cogitatio
416 411 504 452 alta
534 426 619 453 non
649 413 846 466 repperit.
906 427 1000 455 cum
1041 414 1153 454 enim
1190 428 1288 456 casu
1318 418 1501 470 praeter-

38 515 43 522 1
103 513 110 516 ,
180 470 261 510 iret
280 469 324 510 in
342 469 512 523 publico
531 469 675 511 fabros
694 470 876 525 ignitum
895 471 1051 512 ferrum
1076 472 1228 520 ictibus
1249 474 1499 527 mollientes,

180 526 225 567 in
255 541 379 568 aures
411 527 499 568 eius
536 528 786 569 malleorum
818 529 910 570 soni
942 532 1054 570 certo
1087 529 1169 570 sibi
1199 531 1499 584 respondentes

183 584 328 625 ordine
376 586 548 638 repente
597 585 856 639 ceciderunt,
904 586 949 627 in
998 587 1150 641 quibus
1187 586 1251 628 ita
1298 588 1500 642 grauitati

183 642 376 683 acumina
395 643 697 697 consonabant,
716 645 763 685 ut
781 646 1005 698 utrumque
1034 644 1086 685 ad
1108 644 1315 686 audientis
1329 659 1500 687 sensum

183 701 341 741 statuta
384 700 641 745 dimensnone
682 704 889 743 remearet
929 704 971 743 et
1007 716 1058 743 ex
1094 702 1223 743 uariis
1260 703 1526 756 inpulsibus1

115 757 169 799 10
183 772 311 798 unum
345 758 428 798 sibi
459 772 695 800 consonans
721 761 975 800 nasceretur.
1035 759 1104 800 hic
1130 760 1394 802 occasionem
1419 761 1502 802 sibi

184 815 372 856 oblatam
412 817 529 856 ratus
572 815 847 869 deprehendit
885 817 1017 858 oculis
1055 820 1097 858 et
1132 818 1345 871 manibus,
1389 818 1500 872 quod

183 872 283 914 olim
322 873 583 927 cogitatione
614 874 854 927 quaerebat.
913 874 1056 916 fabros
1095 875 1182 915 adit
1219 877 1261 916 et
1291 875 1500 917 inminens

183 930 299 983 operi
330 931 534 972 curiosius
560 931 748 972 intuetur
773 931 979 973 adnotans
1012 946 1137 973 sonos
1170 933 1242 986 qui
1272 933 1322 974 de
1354 933 1498 987 singu-

183 987 380 1042 gulorum
406 988 572 1030 lacertis
599 988 940 1030 conficiebantur.
1001 1003 1106 1044 quos
1132 1003 1225 1031 cum
1255 990 1499 1032 ferientium
1520 1006 1526 1029 1

182 1045 343 1087 uiribus
376 1046 674 1087 adscribendos
706 1048 886 1100 putaret,
917 1047 1045 1100 iubet,
1076 1049 1124 1087 ut
1148 1047 1257 1088 inter
1281 1062 1326 1088 se
1356 1049 1501 1090 malle-

184 1103 274 1145 olos
311 1105 487 1145 mutent.
549 1103 698 1157 quibus
738 1105 910 1146 mutatis
949 1118 1149 1146 sonorum
1187 1104 1409 1147 diuersitas
1447 1106 1500 1147 ab

115 1161 166 1202 11
182 1160 426 1203 hominibus
445 1161 643 1202 recedens
662 1162 885 1203 malleolos
906 1162 1171 1216 sequebatur.
1212 1164 1314 1204 tunc
1333 1177 1501 1205 omnem

183 1233 324 1260 curam
357 1219 409 1259 ad
440 1219 628 1272 pondera
658 1233 802 1260 eorum
833 1220 1110 1261 examinanda
1140 1220 1359 1273 conuertit,
1389 1234 1501 1262 cum-

183 1290 263 1330 que
306 1276 387 1317 sibi
427 1276 716 1318 diuersitatem
761 1277 977 1331 ponderis,
1025 1277 1135 1331 quod
1178 1277 1415 1320 habebatur
1456 1279 1526 1320 ins

183 1334 378 1388 singulis,
404 1334 660 1388 adnotasset,
687 1334 781 1376 aliis
805 1335 1064 1388 ponderibus
1093 1336 1136 1376 in
1157 1335 1291 1377 maius
1310 1336 1502 1378 minusue

183 1391 479 1433 excedentibus
510 1392 602 1433 fieri
626 1392 847 1434 malleolos
872 1393 1110 1448 imperauit,
1140 1407 1316 1447 quorum
1347 1393 1500 1435 ictibus

183 1449 276 1491 soni
317 1463 583 1503 nequaquam
626 1450 836 1504 prioribus
874 1451 1033 1492 similes
1073 1465 1150 1492 nec
1188 1452 1248 1492 ita
1286 1451 1368 1493 sibi
1404 1465 1501 1493 con-

114 1507 170 1548 12
184 1510 383 1549 sonantes
404 1507 745 1550 exaudiebantur.
787 1511 888 1550 tunc
907 1508 1217 1563 animaduertit,
1236 1509 1502 1551 concordiam

182 1565 299 1606 uocis
331 1565 424 1620 lege
460 1565 692 1618 ponderum
723 1566 965 1620 prouenire,
1001 1566 1267 1621 collectisque
1304 1561 1526 1608 omnibuss

181 1623 387 1676 numeris,
418 1623 571 1677 quibus
603 1623 871 1665 consentiens
904 1623 985 1666 sibi
1015 1624 1237 1666 diuersitas
1266 1624 1501 1678 ponderum

183 1680 496 1734 continebatur,
533 1695 582 1722 ex
618 1681 784 1722 malleis
829 1682 882 1723 ad
920 1681 1023 1723 fides
1065 1682 1196 1723 uertit
1231 1696 1423 1737 examen,
1459 1684 1501 1723 et

181 1738 383 1780 intestina
419 1738 562 1780 ouium
605 1739 673 1780 uel
708 1739 835 1780 boum
872 1753 1024 1781 neruos
1060 1742 1150 1781 tam
1180 1739 1307 1781 uariis
1343 1740 1503 1794 ponde-

181 1796 299 1837 ribus
337 1796 528 1850 inligatis
571 1797 768 1850 tetendit,
810 1797 950 1851 qualia
991 1797 1036 1838 in
1073 1797 1238 1839 malleis
1274 1797 1405 1839 fuisse
1442 1796 1526 1838 ‹ii-⁴

276 1948 293 1978 1
321 1943 374 1978 set
397 1945 434 1978 Β
517 1947 537 1978 2
563 1944 803 1989 deprehendit
825 1945 862 1979 Β
944 1949 964 1979 3
990 1943 1148 1992 archane
1172 1945 1208 1979 B
1284 1948 1306 1979 4
1330 1944 1502 1979 diuturna

180 2001 246 2025 om.
273 1989 321 2024 P'
407 1994 426 2025 7
453 1989 580 2024 ordlne
603 1990 864 2035 respondentes
883 1992 919 2026 Β
1002 1994 1022 2024 9
1047 1990 1249 2026 &sonabant
1273 2001 1442 2026 acumina
1463 1991 1502 2026 B

184 2038 227 2070 10
252 2035 346 2070 stata
362 2036 399 2070 Β
471 2036 509 2070 et
534 2047 577 2070 ex
594 2037 636 2071 in
653 2047 724 2072 ras.
746 2038 787 2072 in
805 2037 842 2071 Β
912 2036 1128 2081 Impulflbus
1140 2038 1177 2072 Β
1249 2041 1291 2072 13
1309 2036 1452 2072 frabros
1467 2036 1503 2071 P

180 2082 375 2117 imminens
395 2081 464 2117 PB
542 2085 585 2117 16
610 2082 858 2118 asscribendos
877 2083 912 2118 Β
982 2083 1079 2117 mter
1102 2082 1137 2117 se
1161 2085 1203 2118 ut
1225 2083 1262 2117 Β
1333 2085 1376 2117 19
1400 2093 1501 2128 pom·

182 2127 269 2163 dera
295 2126 343 2162 P'
417 2132 460 2163 22
486 2128 640 2163 malleos
654 2129 690 2163 P
757 2133 801 2164 23
822 2128 1060 2164 consonantes
1076 2128 1144 2164 s1b1
1162 2130 1199 2164 Β
1269 2133 1314 2164 24
1332 2130 1500 2165 exaudie-

181 2174 291 2210 batur
315 2172 363 2209 P'
436 2174 733 2210 a*n1maduert1t
755 2175 792 2209 Β
864 2177 908 2210 25
933 2175 1102 2210 ommbur
1120 2186 1185 2212 om.
1211 2175 1249 2211 B
1318 2179 1362 2211 27
1387 2176 1436 2211 ad
1456 2186 1526 2214 θκς

181 2221 281 2301 “dg-⁰
290 2222 354 2302 tBa
379 2232 403 2265 p
475 2221 522 2256 ad
545 2231 610 2257 om.
636 2219 682 2256 B'
755 2224 799 2256 28
825 2222 874 2258 ad
897 2232 1028 2258 neruos
1048 2221 1132 2258 aad.
1150 2223 1168 2255 t
1186 2222 1252 2257 bos
1267 2232 1295 2266 p
1367 2225 1411 2257 29
1428 2220 1500 2256 1111-

180 2277 230 2311 ga
248 2276 276 2301 u
1519 2287 1526 2301 ,·

1516 2319 1526 2350 ξ
