1526 2444
130 71 217 112 250
641 70 736 105 SAT.
759 70 887 105 LIBRI
911 70 942 104 V

189 192 260 219 seu
292 177 415 219 durat
445 177 583 231 magis
615 179 657 218 et
687 191 819 218 uenas
851 176 1080 231 adstringit
1110 175 1289 230 hiantes,

188 249 241 277 ne
273 238 419 276 tenues
450 234 619 288 pluuiae
649 234 840 288 rapidiue
871 235 1065 287 potentia
1098 234 1199 275 solis

191 293 326 335 acrior
357 295 432 333 aut
463 291 626 334 Boreae
656 292 917 346 penetrabile
948 291 1084 347 frigus
1117 291 1277 332 adurat.

63 375 226 415 15ecce
257 373 421 415 dicendi
453 387 602 427 genus,
639 373 751 427 quod
780 387 988 427 nusquam
1019 372 1123 414 alibi
1154 371 1453 426 deprehendes,

133 433 175 473 in
207 445 288 485 quo
319 445 397 472 nec
427 445 629 485 praeceps
659 431 846 471 breuitas
876 444 953 472 nec
982 429 1187 471 infrunita
1212 429 1345 484 copia,
1375 443 1452 471 nec

132 489 271 530 ieiuna
303 489 470 530 siccitas
501 503 578 530 nec
609 487 773 529 laetitia
803 488 983 542 pinguis.

64 549 116 588 16
248 545 356 588 Sunt
392 549 609 600 praeterea
646 545 735 587 stili
771 545 934 587 dicendi
971 545 1052 587 duo
1090 544 1248 599 dispari
1284 545 1452 586 morali-

131 607 219 646 tate
245 604 411 646 diuersi.
461 619 570 646 unus
597 606 662 645 est
686 606 876 645 maturus
903 606 945 645 et
964 603 1119 658 grauis,
1144 603 1279 657 qualis
1300 601 1453 644 Crasso

132 663 384 717 assignatur.
451 662 532 703 hoc
563 661 780 716 Vergilius
817 661 952 703 utitur
989 675 1084 702 cum
1121 659 1298 702 Latinus
1335 674 1454 714 prae·
1515 659 1517 662 ⁴

131 720 235 774 cipit
265 719 409 762 Turno

190 815 213 842 ο
246 803 469 854 praestans
502 800 631 841 animi
661 800 837 853 iuuenis,
869 802 1077 854 quantum
1107 799 1198 853 ipse
1229 798 1361 840 feroci

190 859 349 899 uirtute
386 872 628 912 exsuperas,
664 861 785 899 tanto
817 871 883 898 me
913 857 1145 912 impensius
1177 871 1359 910 aequum
1390 859 1455 897 est

190 916 409 957 consulere

65 1000 116 1040 17
134 999 176 1038 et
206 997 381 1051 reliqua.
435 997 542 1038 alter
572 997 669 1038 huic
698 996 936 1038 contrarius
968 995 1119 1037 ardens
1151 996 1193 1036 et
1224 997 1386 1036 erectus
1413 996 1455 1035 et

131 1055 339 1107 infensus,
382 1054 497 1109 quali
538 1068 639 1095 usus
683 1056 749 1095 est
784 1053 1008 1095 Antonius.
1069 1067 1146 1094 nec
1187 1052 1300 1094 hunc
1344 1051 1454 1106 apud
1512 1065 1514 1067 ’

131 1112 369 1167 Vergilium
400 1112 560 1154 frustra
591 1111 896 1153 desideraueris

409 1193 522 1234 haud
553 1193 660 1234 talia
690 1191 847 1233 dudum

190 1252 302 1293 dicta
333 1251 475 1292 dabas.
536 1263 699 1292 morere
731 1251 774 1290 et
802 1248 978 1291 fratrem
1009 1262 1060 1289 ne
1092 1247 1234 1290 desere
1265 1247 1405 1289 frater.

65 1335 116 1376 18
132 1331 302 1373 uidesne
357 1331 643 1385 eloquentiam
692 1330 880 1372 omnium
928 1329 1136 1371 uarietate
1185 1328 1454 1370 distinctam?

134 1404 258 1443 quam
297 1389 466 1443 quidem
510 1389 614 1430 mihi
650 1388 817 1430 uidetur
852 1387 1069 1442 Vergilius
1104 1400 1191 1428 non
1227 1387 1317 1428 sine
1356 1401 1453 1441 quo-

133 1448 229 1489 dam
271 1447 516 1502 praesagio,
558 1461 640 1501 quo
679 1461 724 1488 se
761 1445 948 1487 omnium
985 1444 1243 1499 profectibus
1279 1459 1454 1498 praepa-

133 1505 275 1559 rabat,
306 1505 356 1546 de
387 1505 598 1546 industria
628 1519 705 1546 sua
735 1503 1044 1558 permiscuisse,
1075 1502 1199 1556 idque
1229 1516 1316 1544 non
1347 1516 1455 1544 mor-

133 1562 212 1604 tali
249 1563 321 1604 sed
358 1562 500 1604 diuino
538 1562 709 1616 ingenio
747 1561 1024 1615 praeuidisse:
1068 1562 1192 1614 atque
1230 1560 1333 1602 adeo
1369 1574 1456 1601 non

134 1621 264 1662 alium
314 1623 482 1662 secutus
533 1620 680 1662 ducem
730 1634 855 1673 quam
898 1619 1036 1673 ipsam
1079 1632 1218 1659 rerum
1263 1618 1455 1659 omnium

133 1681 313 1720 matrem
360 1681 556 1720 naturam
604 1678 714 1719 hanc
761 1677 1003 1732 praetexuit
1047 1676 1166 1717 uelut
1207 1675 1253 1716 in
1295 1675 1456 1717 musica

67 1740 119 1780 19
135 1736 405 1778 concordiam
449 1736 728 1777 dissonorum.
795 1735 950 1789 quippe
994 1733 1030 1775 si
1072 1732 1276 1774 mundum
1317 1733 1456 1787 ipsum

137 1794 366 1849 diligenter
390 1793 604 1847 inspicias,
628 1806 829 1847 magnam
849 1791 1169 1833 similitudinem
1189 1791 1322 1832 diuini
1343 1791 1455 1832 illiu·
1489 1804 1491 1806 ·

135 1854 178 1892 et
221 1852 344 1893 huius
385 1852 539 1905 poetici
577 1851 714 1904 operis
751 1850 953 1891 inuenies.
1020 1863 1119 1890 nam
1157 1849 1337 1903 qualiter
1373 1849 1456 1890 elo-

136 1909 306 1963 quentia
336 1908 526 1950 Maronis
558 1909 610 1950 ad
642 1908 831 1950 omnium
863 1921 1002 1949 mores
1033 1907 1200 1960 integra
1231 1909 1312 1960 est,
1347 1920 1457 1948 nunc

135 1966 276 2008 breuis
325 1981 436 2008 nunc
483 1967 656 2021 copiosa
698 1980 809 2007 nunc
853 1965 962 2007 sicca
1003 1979 1114 2006 nunc
1156 1963 1306 2006 florida
1346 1977 1457 2006 nunc

230 2102 271 2132 11
298 2100 387 2132 Aen.
414 2098 479 2131 XII
507 2101 548 2132 19
622 2101 664 2132 17
691 2098 739 2132 ib.
764 2098 797 2132 X
823 2100 889 2131 599

130 2252 133 2255 ,
232 2225 274 2255 12
305 2230 363 2254 me
394 2231 457 2255 om.
483 2221 518 2254 P
612 2223 654 2254 18
679 2219 771 2253 frem
787 2217 1012 2253 ***desere
1038 2217 1074 2251 P
1165 2221 1210 2251 24
1235 2215 1406 2261 sequutus
1425 2215 1462 2250 P

137 2271 182 2302 26
209 2267 438 2302 dissonorum
465 2266 689 2311 Cantabri9.:
716 2265 885 2299 sonorum
909 2264 945 2298 P
