1526 2444
143 53 229 95 372
642 52 744 89 SAT.
768 53 896 89 LIBRI
920 54 970 90 VI

145 159 196 201 de
243 159 473 201 Pandaro
531 161 573 200 et
621 158 757 201 Bitia
812 159 1100 213 aperientibus
1149 161 1296 213 portas
1345 160 1464 202 locus

147 220 340 271 acceptus
385 219 450 258 est
492 231 542 258 ex
583 228 722 259 Lumo
766 229 935 267 QVINTO
977 228 1153 259 DEcmo
1197 216 1351 271 Erum,
1393 217 1465 271 qui

146 275 311 316 induxit
346 274 520 316 Histros
562 275 666 316 duos
702 276 747 316 in
785 275 1003 317 obsidione
1040 275 1229 330 erupisse
1265 277 1389 328 porta
1425 278 1467 316 et

77 334 132 376 33
149 335 335 387 stragem
367 333 417 373 de
450 332 670 374 obsidente
699 332 821 374 hoste
852 333 1014 374 fecisse.
1066 347 1144 375 nec
1170 333 1338 374 Tullio
1369 346 1464 374 eon-

146 390 331 444 pilando,
362 390 461 431 dum
492 389 616 431 modo
647 389 830 445 undique
862 392 1112 432 ornamenta
1137 390 1218 432 sibi
1243 390 1465 444 conferret,
1501 408 1518 434 ⁵

148 447 357 489 abstinuit

427 519 452 546 o
482 503 597 546 fama
627 505 776 560 ingens
807 505 1022 560 ingentior
1054 506 1202 560 armis,

426 562 494 604 uir
523 562 719 605 Troiane.

149 657 301 698 nempe
337 643 419 684 hoc
458 643 535 694 ait,
573 643 762 685 Aeneam
793 643 950 685 famam
983 658 1101 685 suam
1131 643 1255 686 factis
1285 643 1467 685 fortibus

153 714 490 756 supergressum,
527 715 620 742 cum
658 703 905 755 plerumque
935 701 1050 743 fama
1082 701 1138 743 sit
1167 701 1303 743 maior
1331 701 1469 742 rebus.
1489 718 1522 744 ιο

153 773 300 801 sensus
354 759 424 800 hic
478 759 523 799 in
572 758 758 801 CATONE
807 758 1053 801 CICERONIS
1103 761 1167 801 est
1213 759 1280 800 his
1328 759 1469 800 uerbis

152 817 489 871 contingebat
514 817 564 857 in
590 830 663 871 eo,
688 817 815 871 quod
839 817 1097 871 plerisque
1122 819 1297 859 contra
1322 817 1470 868 solet,
1521 837 1526 840 ·

151 877 206 916 ut
235 874 426 916 maiora
458 874 624 915 omnia
654 889 704 915 re
736 889 880 928 quam
911 874 1042 916 fama
1072 874 1384 928 uiderentur,
1422 874 1470 915 id

153 931 281 986 quod
302 946 399 974 non
419 945 565 985 saepe
586 932 773 986 euenit,
791 934 846 973 ut
859 932 1146 987 expectatio
1160 932 1472 987 cognitione,

154 1004 298 1032 aures
331 989 389 1031 ab
422 989 583 1031 oculis
614 990 951 1032 uincerentur.
1491 1003 1524 1031 15

83 1049 141 1091 34
269 1047 379 1088 Item

211 1128 430 1183 proximus
461 1127 560 1170 huic
590 1128 720 1182 longo
751 1129 823 1170 sed
853 1129 1070 1183 proximus
1101 1129 1339 1170 interuallo.

156 1207 328 1252 CICERO
366 1209 410 1250 in
441 1208 600 1251 BRVTO
639 1209 831 1250 duobus
863 1209 1023 1264 igitur
1053 1209 1258 1251 summis
1290 1207 1473 1251 Crasso
1522 1223 1526 1261 ξ

157 1269 206 1308 et
241 1266 465 1308 Antonio
502 1266 548 1307 L.
586 1265 852 1321 Philippus
888 1267 1147 1321 proximus
1185 1266 1476 1321 accedebat,
1522 1274 1526 1323 3

158 1324 242 1365 sed
273 1324 427 1378 longo
459 1324 737 1366 interuallo
768 1327 935 1366 tamen
965 1325 1233 1379 proximus.

90 1382 157 1424 111
277 1380 384 1423 Sunt
413 1382 619 1436 quaedam
651 1383 760 1436 apud
790 1382 1040 1438 Vergilium,
1071 1397 1177 1437 quae
1209 1383 1262 1424 ab
1290 1381 1475 1424 Homero
1516 1424 1519 1425 γ

158 1439 343 1482 creditur
377 1440 662 1494 transtulisse,
699 1440 772 1482 sed
809 1455 858 1482 ea
895 1441 1052 1482 docebo
1091 1455 1116 1482 a
1145 1441 1304 1482 nostris
1336 1442 1476 1481 aucto-

157 1498 274 1539 ribus
304 1500 486 1553 sumpta,
516 1498 587 1552 qui
611 1499 773 1553 priores
798 1499 903 1540 haec
929 1498 982 1540 ab
1007 1497 1195 1540 Homero
1221 1499 1265 1540 in
1290 1498 1476 1539 carmina

159 1570 236 1597 sua
270 1556 588 1598 transtulerant.
648 1556 760 1610 quod
798 1556 967 1611 quidem
1004 1571 1191 1598 summus
1228 1555 1476 1597 Homericae

158 1613 297 1656 laudis
323 1614 515 1655 cumulus
541 1617 617 1668 est,
649 1614 771 1668 quod,
802 1628 896 1655 cum
921 1614 981 1655 ita
1006 1629 1032 1655 a
1056 1614 1250 1668 plurimis
1276 1613 1476 1655 aduersus

160 1686 254 1712 eum
285 1671 514 1726 uigilatum
545 1672 611 1723 sit,
643 1674 923 1727 coactaequae
956 1673 1145 1714 omnium
1170 1672 1282 1713 uires
1306 1685 1476 1712 manum
1510 1662 1526 1719 ᾗ

159 1732 308 1771 contra
337 1729 514 1771 fecerint
1514 1722 1526 1758 ᾗ

218 1809 291 1851 ille
322 1811 440 1852 uelut
469 1811 614 1866 pelagi
645 1824 771 1865 rupes
803 1811 980 1853 immota
1010 1811 1184 1853 resistit.

120 1889 371 1933 2Hon1erus
404 1891 453 1932 de
484 1891 628 1933 Aiacis
659 1891 762 1934 forti
797 1905 938 1947 pugna
968 1893 1028 1933 ait

254 2030 274 2060 2
300 2039 335 2072 p.
362 2030 407 2061 54
431 2026 516 2062 Luc.
541 2026 665 2061 Muell.
744 2031 763 2062 7
789 2027 878 2063 Aen.
903 2027 953 2062 XI
978 2030 1047 2063 524
1119 2031 1160 2062 12
1185 2026 1315 2071 fragm.
1340 2037 1376 2071 p,
1402 2027 1480 2070 987,
1508 2059 1509 2062 ,

162 2077 206 2108 43
234 2072 292 2107 Or.
366 2076 407 2107 17
434 2072 522 2108 Aen.
547 2072 581 2107 V
607 2076 674 2108 320
748 2077 789 2108 18
815 2077 871 2118 47,
899 2078 964 2108 173
1036 2077 1080 2109 28
1105 2073 1195 2109 Aen.
1220 2073 1288 2108 VII
1312 2076 1379 2108 586

256 2205 278 2235 4
303 2201 509 2246 οὸξριΙεωᾰο
523 2210 751 2236 ********
777 2200 812 2235 P
905 2203 947 2234 13
972 2201 1160 2236 uterentur
1184 2201 1221 2236 Ρ
1318 2202 1361 2235 15
1385 2209 1482 2234 mce-
1503 2227 1505 2230 Α

163 2249 288 2282 rentur
315 2246 362 2282 P'
439 2250 481 2281 19
506 2246 626 2282 lucius
648 2247 685 2281 P
753 2251 796 2281 22
821 2246 981 2282 traditur
1005 2247 1041 2282 P
