1526 2444
419 61 541 97 XVIII
567 64 706 97 16—19
743 59 886 97 XVIIII
912 64 1001 97 1—7
1300 59 1388 103 559

40 171 106 214 sol
132 185 260 226 supra
285 169 548 212 Mercurium
575 183 788 225 supraque
813 169 1028 212 Venerem
1054 182 1147 211 esse
1179 168 1387 211 credatur.

37 245 139 274 nam
169 244 248 272 nec
278 229 362 285 illi,
393 228 467 284 qui
497 229 560 271 ita
591 228 839 283 aestimant,
872 244 897 270 a
929 229 1068 284 specie
1105 227 1198 271 ueri
1234 228 1386 283 procul

41 289 261 342 aberrant,
298 288 546 344 opinionem
582 303 684 330 uero
722 288 848 330 istius
886 287 1219 343 permutationis
1258 287 1384 330 huius

38 348 155 390 modi
191 348 302 390 ratio
345 347 572 402 persuasit.
642 362 666 389 a
704 345 880 389 Saturni
924 346 1122 401 sphaera,
1168 360 1276 402 quae
1322 346 1427 389 est3

0 415 19 446 ὀ
37 407 178 462 prima
208 406 258 449 de
291 409 469 462 septem,
498 420 634 462 usque
666 405 720 449 ad
753 406 981 461 sphaeram
1010 405 1128 448 Iouis
1161 420 1186 447 a
1217 419 1384 448 summo

37 466 265 508 secundam
320 465 534 508 interiecti
590 465 719 520 spatii
767 468 890 507 tanta
940 465 1149 507 distantia
1198 467 1282 519 est,
1337 467 1386 507 ut

37 524 200 567 zodiaci
243 525 455 567 ambitum
502 524 697 579 superior
739 524 923 580 triginta
967 524 1109 578 annis,
1160 523 1384 566 duodecim

35 598 137 626 uero
176 584 300 626 annis
339 583 535 626 subiecta
573 583 788 638 conficiat3
827 597 977 625 rursus
1014 586 1186 625 tantum
1224 597 1250 625 a
1280 582 1384 625 Ioue

35 642 220 697 sphaera
256 642 410 684 Martis
454 642 633 698 recedit,
675 645 725 685 ut
769 642 951 684 eundem
994 657 1166 684 cursum
1209 642 1382 684 biennio

0 704 227 758 operagat.
288 701 436 743 Venus
474 704 618 744 autem
655 703 778 744 tanto
816 703 882 743 est
917 701 1096 756 regione
1128 700 1281 743 Martis
1319 700 1426 743 in-4

33 759 176 816 ferior,
207 763 256 802 ut
281 760 320 802 ei
345 775 482 803 annus
509 760 614 802 satis
641 761 699 802 sit
724 760 778 802 ad
803 760 1023 802 zodiacum
1049 760 1379 815 peragrandum.

33 819 122 861 iam
161 833 264 862 uero
302 820 365 861 ita
402 818 555 861 Veneri
591 819 790 874 proxima
828 821 894 860 est
932 819 1058 861 stella
1096 818 1298 860 Mercurii
1338 822 1382 861 et

34 877 243 920 Mercurio
275 879 340 920 sol
365 878 646 933 propinquus,
678 879 727 920 ut
754 877 800 919 hi
826 881 915 920 tres
942 879 1109 920 caelum
1135 892 1260 920 suum
1284 879 1380 933 pari

0 937 237 1005 temporis
269 938 422 992 spatio,
452 937 496 979 id
526 939 592 979 est
617 951 731 979 anno
756 937 854 991 plus
880 937 1078 979 minusue
1104 937 1380 979 circumeant.

0 988 128 1039 ideo
154 998 198 1038 et
222 994 372 1040 Cicero
401 996 482 1038 hos
509 996 614 1038 duos
641 1010 791 1039 cursus
817 997 1030 1038 comites
1063 996 1167 1038 solis
1194 997 1379 1050 uocauit,

30 1055 131 1111 quia
172 1056 217 1097 in
259 1055 401 1110 spatio
442 1055 538 1110 pari
574 1055 704 1112 longe
743 1070 768 1097 a
806 1069 851 1097 se
889 1070 1125 1110 numquam
1163 1055 1379 1099 recedunt.

29 1113 134 1156 luna
165 1116 309 1156 autem
340 1116 513 1156 tantum
546 1114 599 1156 ab
632 1114 701 1157 his
734 1115 931 1157 deorsum
963 1115 1141 1157 recessit
1170 1117 1231 1169 ut,
1264 1114 1419 1170 quod5

28 1172 95 1215 illi
121 1187 248 1229 anno,
279 1173 439 1229 uiginti
465 1175 562 1215 octo
589 1173 739 1216 diebus
764 1174 861 1228 ipsa
886 1173 1099 1228 conficiat,
1127 1174 1222 1216 ideo
1243 1188 1379 1230 neque

30 1231 82 1273 de
113 1233 245 1274 trium
277 1233 546 1287 superiorum
579 1233 740 1288 ordine,
772 1247 899 1288 quem
924 1233 1153 1275 manifeste
1179 1233 1378 1288 clareque

31 1290 264 1346 distinguit
293 1291 489 1333 inmensa
519 1291 745 1346 distantia,
775 1306 914 1347 neque
947 1292 997 1333 de
1028 1293 1156 1334 lunae
1188 1293 1378 1347 regione,

33 1363 141 1405 quae
180 1350 234 1392 ab
272 1350 471 1393 omnibus
509 1351 692 1392 multum
724 1351 918 1406 recessit,
956 1351 1069 1393 inter
1100 1354 1268 1393 ueteres
1301 1351 1380 1392 ali-

32 1423 117 1464 qua
165 1409 250 1451 fuit
293 1410 518 1451 dissensio.
588 1410 744 1452 horum
786 1424 889 1452 uero
933 1410 1066 1452 trium
1111 1410 1193 1452 sibi
1235 1410 1378 1464 proxi-

30 1481 219 1522 morum,
263 1468 446 1511 Veneris
482 1468 686 1511 Mercurii
729 1472 772 1511 et
816 1469 937 1521 solis,
982 1469 1174 1511 ordinem
1217 1468 1378 1511 uicinia

16 1527 237 1583 confudit,
269 1528 344 1570 sed
375 1527 489 1583 apud
517 1528 636 1580 alios,
667 1543 770 1570 nam
797 1529 1113 1585 Aegyptiorum
1139 1528 1379 1570 sollertiam

30 1586 143 1628 ratio
181 1600 271 1629 non
307 1586 438 1643 fugit,
476 1601 585 1643 quae
623 1587 726 1630 talis
765 1590 842 1630 est.
905 1587 1106 1643 circulus,
1143 1602 1220 1643 per
1251 1588 1418 1643 quem6

32 1644 99 1688 sol
137 1645 354 1702 discurrit,
391 1660 416 1687 a
447 1645 648 1688 Mercurii
685 1647 844 1689 circulo
881 1649 930 1688 ut
965 1646 1144 1689 inferior
1175 1646 1376 1701 ambitur,

29 1703 154 1746 illum
186 1719 355 1760 quoque
387 1705 581 1760 superior
605 1705 789 1748 circulus
815 1705 997 1748 Veneris
1023 1706 1216 1760 includit,
1247 1709 1374 1761 atque

27 1761 92 1805 ita
127 1763 196 1818 fit,
233 1767 284 1806 ut
319 1764 402 1806 hae
439 1763 547 1806 duae
579 1765 750 1820 stellae,
788 1779 885 1807 cum
916 1780 992 1820 per
1023 1765 1263 1820 superiores
1296 1765 1375 1807 cir-

30 1822 222 1864 culorum
253 1837 430 1866 suorum
461 1823 643 1866 uertices
676 1826 869 1879 currunt,
906 1824 1213 1880 intellegantur
1245 1839 1374 1879 supra

29 1880 166 1923 solem
196 1882 382 1936 locatae,
414 1896 511 1924 cum
541 1896 644 1924 uero
676 1897 752 1938 per
783 1883 988 1925 inferiora
1019 1885 1264 1926 commeant
1295 1883 1372 1926 cir-

19 1940 238 1995 culorum,
277 1941 343 1983 sol
375 1941 435 1983 eis
468 1942 664 1996 superior
695 1942 958 1986 aestimetur.
1019 1942 1108 1985 illis
1140 1956 1262 1998 ergo,
1300 1943 1412 1998 111117

18 1998 234 2053 ‚sphaeras
272 2013 419 2042 earum
453 2000 532 2042 sub
565 2002 654 2043 sole
687 2001 901 2057 dixerunt,
939 2001 1022 2044 hoc
1052 2001 1194 2044 uisum
1225 2004 1291 2044 est
1322 2016 1374 2044 ex

25 2054 102 2099 illo
140 2058 363 2100 stellarum
398 2073 542 2114 cursu,
580 2060 652 2116 qui
682 2074 771 2103 non
802 2075 1056 2116 numquam,
1092 2063 1141 2103 ut
1173 2061 1372 2117 diximus,

24 2115 196 2160 uidetur
225 2117 420 2173 inferior,
451 2119 524 2174 qui
555 2122 600 2162 et
630 2134 730 2162 uere
759 2120 994 2163 notabilior
1026 2123 1102 2175 est,
1135 2121 1236 2175 quia
1265 2122 1372 2164 tunc

25 2172 204 2218 liberius
242 2181 432 2232 apparet.
492 2192 595 2220 nam
632 2193 729 2221 cum
767 2179 990 2235 superiora
1022 2182 1191 2234 tenent,
1229 2180 1371 2236 magis

24 2233 159 2277 radiis
191 2236 456 2288 occuluntur,
487 2239 531 2279 et
561 2237 656 2280 ideo
688 2239 912 2293 persuasio
943 2239 1029 2280 ista
1062 2239 1295 2294 conualuit,
1329 2242 1372 2280 et

25 2291 81 2371 ab
125 2294 322 2337 omnibus
365 2310 503 2351 paene
545 2295 615 2339 hic
658 2297 762 2341 ordo
805 2298 852 2339 in
894 2312 1019 2340 usum
1057 2301 1254 2353 receptus
1294 2300 1371 2340 est.
