1526 2444
153 74 234 115 126
668 75 763 112 SAT.
789 76 917 112 LIBRI
941 77 957 111 Ι

149 181 396 223 dinoscitur.
464 181 737 223 simulacrum
777 182 887 224 enim
923 196 1094 224 aureum
1133 183 1271 238 specie
1307 183 1472 226 inberbi

147 239 284 281 instat
320 239 491 280 dextera
523 240 687 282 eleuata
717 254 813 282 cum
842 241 976 295 flagro
1008 239 1051 282 in
1085 241 1256 295 aurigae
1288 241 1471 296 modum,
1511 251 1512 254 ’

148 297 272 339 laeua
301 299 420 338 tenet
449 296 611 339 fulmen
642 300 684 339 et
715 299 864 352 spicas,
897 312 1004 352 quae
1036 301 1188 340 cuncta
1213 298 1327 340 Iouis
1353 299 1471 340 solis-

81 356 134 396 13
152 369 232 409 que
270 354 555 396 consociatam
586 355 822 410 potentiam
857 357 1107 397 monstrant.
1167 357 1291 397 huius
1322 357 1471 411 templi
1510 391 1512 394 ,

146 412 299 467 religio
333 412 461 453 etiam
492 412 749 455 diuinatione
773 413 1019 467 praepollet,
1045 428 1150 468 quae
1177 414 1230 455 ad
1254 413 1470 468 Apollinis

145 472 404 524 potestatem
435 470 633 525 refertur,
672 471 744 525 qui
774 471 884 512 idem
915 473 1042 525 atque
1075 472 1138 513 sol
1169 474 1243 513 est.
1303 471 1470 513 uehitur

147 528 260 569 enim
292 528 562 569 simulacrum
594 528 659 570 dei
687 528 993 583 Heliopolitani
1025 529 1195 583 ferculo,
1226 529 1290 571 uti
1314 529 1470 571 uehun-

146 588 215 627 tur
246 586 291 626 in
321 600 478 640 pompa
511 586 706 628 ludorum
738 585 997 628 Circensium
1029 586 1202 628 deorum
1233 587 1470 640 simulacra,
1508 626 1511 628 .

147 647 188 684 et
219 643 403 685 subeunt
433 644 679 698 plerumque
711 644 954 698 prouinciae
985 659 1178 698 proceres
1210 659 1306 686 raso
1332 645 1467 698 capite

145 702 263 757 longi
304 702 508 755 temporis
553 702 803 744 castimonia
845 702 963 757 puri,
1009 702 1283 756 ferunturque
1326 702 1468 744 diuino
1487 722 1503 749 2

145 760 308 813 spiritu,
337 773 423 801 non
454 773 530 800 suo
557 760 732 801 arbitrio
759 759 832 801 sed
858 774 940 814 quo
967 760 1068 801 deus
1094 761 1292 814 propellit
1315 759 1470 801 uehen-

143 819 220 870 tes,
261 820 310 858 ut
350 817 542 858 uidemus
586 817 697 872 apud
740 817 916 859 Antium
957 818 1200 871 promoueri
1244 818 1470 860 simulacra
1493 834 1512 869 g,

78 875 132 917 14
146 873 429 916 Fortunarum
455 875 508 916 ad
534 874 670 916 danda
695 889 909 929 responsa.
958 876 1184 917 consulunt
1208 875 1320 917 hunc
1345 876 1467 916 deum
1510 925 1512 928 ,

145 935 187 973 et
217 933 413 974 absentes
444 932 588 974 missis
619 933 921 987 diplomatibus
954 933 1226 988 consignatis,
1255 934 1466 975 rescribit-

146 1005 226 1045 que
259 991 406 1032 ordine
438 990 490 1032 ad
522 1004 583 1045 ea,
615 1005 721 1045 quae
747 991 1057 1033 consultatione
1083 991 1227 1032 addita
1251 991 1466 1033 continen-

143 1051 224 1090 tur.
295 1049 355 1090 sic
392 1051 434 1089 et
470 1048 703 1102 imperator
740 1048 946 1090 Traianus
983 1049 1167 1090 initurus
1206 1063 1254 1090 ex
1292 1063 1341 1090 ea
1377 1063 1470 1103 pro·
1506 1082 1510 1086 .

143 1106 282 1148 uincla
297 1106 518 1147 Parthiam
538 1121 633 1148 cum
654 1107 839 1148 exercitu
859 1106 1228 1149 constantissimae
1250 1106 1469 1161 religionis

144 1164 415 1205 hortantibus
447 1164 606 1219 amicis,
638 1165 709 1219 qui
736 1164 919 1206 maxima
945 1164 1117 1206 huiusce
1142 1164 1328 1206 numinis
1354 1178 1469 1219 cepe-

143 1224 241 1263 rant
272 1222 570 1275 experimenta‚
600 1224 648 1263 ut
677 1222 726 1263 de
752 1225 908 1263 euentu
934 1222 1173 1264 consuleret
1197 1222 1259 1263 rei
1283 1225 1468 1276 coeptae,

143 1280 232 1334 egit
251 1279 442 1321 Romano
467 1279 642 1321 consilio
668 1280 785 1334 prius
807 1280 1064 1334 explorando
1090 1280 1216 1322 fidem
1234 1280 1467 1335 religionis,

141 1351 194 1378 110
224 1337 333 1379 forte
364 1337 480 1379 fraus
513 1338 705 1379 subesset
732 1338 928 1391 humana,
960 1340 1002 1379 et
1031 1338 1216 1392 primum
1241 1338 1358 1379 misit
1383 1338 1468 1392 sig-

74 1395 130 1436 15
143 1397 267 1436 natos
311 1395 545 1450 codicillos,
588 1396 640 1437 ad
683 1410 788 1449 quos
825 1396 907 1437 sibi
943 1395 1118 1437 rescribi
1161 1396 1301 1438 uellet.
1366 1395 1467 1438 deus

147 1453 272 1494 iussit
304 1453 459 1495 adferri
484 1453 686 1504 chartam,
712 1467 888 1508 eamque
915 1453 1076 1508 signari
1099 1467 1251 1508 puram
1276 1455 1318 1494 et
1343 1453 1468 1508 mitti,

147 1511 416 1565 stupentibus
450 1511 740 1553 sacerdotibus
773 1512 825 1553 ad
855 1511 944 1553 eius
975 1511 1090 1553 modi
1119 1512 1291 1553 factum.
1348 1511 1468 1566 igno-

144 1569 300 1610 rabant
347 1569 500 1623 quippe
551 1569 838 1611 condicionem
881 1569 1181 1611 codicillorum.
1253 1569 1331 1610 hos
1375 1582 1467 1610 cum

145 1627 330 1668 maxima
361 1627 639 1668 admiratione
666 1627 872 1668 Traianus
899 1627 1073 1682 excepit,
1105 1627 1216 1681 quod
1247 1627 1337 1681 ipse
1369 1640 1468 1680 quo-

75 1685 221 1739 160110
258 1685 375 1739 puris
411 1684 581 1725 tabellis
619 1699 713 1726 cum
753 1684 829 1726 deo
867 1685 1035 1738 egisset.
1094 1686 1195 1726 tunc
1231 1685 1326 1726 aliis
1359 1684 1467 1726 codi-

142 1742 249 1783 cillis
281 1742 529 1796 conscriptis
562 1742 825 1797 signatisque
858 1743 1051 1797 consulit,
1084 1757 1139 1783 an
1166 1742 1345 1784 Romam
1375 1756 1465 1797 per-

138 1801 305 1853 petrato
336 1800 448 1840 bello
479 1799 691 1841 rediturus
722 1800 862 1842 esset?
911 1800 1042 1841 uitem
1068 1800 1339 1841 centurialem
1365 1800 1466 1841 deus

140 1872 189 1898 ex
221 1857 467 1899 muneribus
498 1857 543 1897 in
569 1857 670 1899 aede
696 1858 897 1899 dedicatis
924 1857 1076 1899 deferri
1101 1857 1236 1912 iussit,
1267 1858 1462 1899 diuisam-

139 1929 217 1969 que
255 1915 300 1956 in
329 1917 474 1969 partes
506 1915 675 1957 sudario
709 1916 831 1958 condi
868 1930 915 1957 ae
946 1915 1123 1970 proinde
1153 1915 1267 1957 ferri.
1327 1916 1462 1957 exitus

234 2043 251 2073 1
273 2039 532 2074 simulachrum
552 2039 589 2074 P
656 2040 813 2075 imberb1
830 2041 867 2075 P
935 2045 955 2075 2
982 2040 1166 2076 dextera*
1191 2041 1321 2084 (fuisse
1338 2040 1413 2075 uid.
1433 2040 1464 2084 t)

136 2086 172 2121 Β
253 2090 272 2120 7
298 2085 559 2131 heliupohtani
583 2085 669 2121 B'P
744 2091 786 2122 19
813 2088 942 2134 ceptae
967 2087 1009 2131 P,
1041 2087 1168 2131 ceptae
1193 2087 1230 2121 Β
1301 2090 1344 2121 22
1366 2085 1462 2121 codi-

138 2131 252 2167 cellos
272 2132 354 2167 BP
439 2133 571 2168 dehinc
596 2136 678 2168 ante
703 2133 792 2168 deus
812 2134 894 2169 add.
921 2133 986 2168 Bm
1081 2137 1123 2167 23
1149 2132 1270 2167 afferi-1
1295 2133 1332 2167 P
1419 2135 1464 2166 24

137 2178 273 2213 factam
293 2176 340 2213 B'
391 2181 434 2214 25
455 2179 701 2214 conditionem
714 2179 796 2214 BP
842 2179 1101 2215 codicellorum
1119 2179 1154 2213 Β
1215 2181 1258 2213 27
1278 2177 1415 2213 tabuhs
1431 2178 1467 2212 P

138 2224 395 2305 COdiioeHisrss
504 2229 548 2260 29
580 2226 806 2261 centuralem
836 2224 897 2271 Ρ’,
929 2226 1056 2262 deinde
1085 2225 1176 2270 depl'
1201 2226 1243 2260 m·
1271 2225 1381 2268 fallor
1412 2224 1460 2259 P'

136 2273 181 2305 30
230 2282 288 2306 ica
308 2282 320 2304 1
1493 2275 1494 2278 ’
