1526 2444
133 50 217 91 146
639 49 740 86 SAT.
765 24 894 86 mm
917 50 951 86 11

66 159 119 200 12
253 155 371 198 Idem
392 153 624 211 Augustus,
648 157 748 211 quia
766 157 1106 199 Maecenatem
1133 171 1255 199 suum
1278 159 1457 200 nouerat
1489 165 1498 214 ᾖ

136 214 237 257 stilo
282 229 373 255 esse
415 215 594 256 remisso
637 215 756 267 molli
799 218 841 256 et
884 215 1108 270 dissoluto,
1151 215 1281 256 talem
1324 229 1368 256 se
1411 215 1456 258 in
1493 217 1497 246 ’ἶ

135 272 351 326 epistulis,
394 286 497 326 quas
541 272 594 314 ad
631 287 726 314 eum
764 273 978 315 scribebat
1015 273 1181 328 saepius
1218 273 1456 327 exhibebat,
1491 303 1498 319 2

134 333 177 371 et
207 332 356 372 contra
384 330 711 386 castigationem
734 331 946 385 loquendi,
977 345 1104 385 quam
1129 331 1237 373 alias
1261 331 1334 372 ille
1360 331 1456 372 scri-
1490 343 1492 379 j

134 388 274 429 bendo
313 388 528 442 seruabat,
564 388 610 429 in
641 389 823 442 epistula
854 390 907 430 ad
937 389 1225 431 Maecenatem
1256 388 1458 430 familiari
1487 397 1496 445 J

135 446 260 499 plura
301 446 346 487 in
387 446 504 488 iocos
547 446 680 488 effusa
718 447 934 488 subtexuit
980 447 1094 488 uale
1142 447 1207 487 mi
1249 447 1456 487 ebenum
1487 451 1511 503 ³}-

132 503 421 557 Medulliae,
460 504 581 546 ebur
616 517 671 545 ex
707 503 938 557 Etruria,
974 504 1110 546 lasar
1146 504 1454 558 Arretinum,
1492 506 1503 523 ³

133 561 336 603 adamas
362 561 634 616 Supernas,
660 561 952 603 Tiberinum
977 562 1326 617 margaritum,
1351 560 1456 603 Oil-
1502 591 1504 608 2

131 620 331 661 niorum
374 619 653 674 smaragde,
700 619 832 674 iaspi
870 618 1216 674 Iguuino‘rum,
1263 619 1456 661 berulle
1499 627 1523 647 νεῖ

132 676 436 732 Porsennae,
471 678 831 719 carbunculum
867 677 1111 732 Hadriae,
1150 678 1223 719 ἵνα
1260 675 1456 730 συντέμω

133 735 288 788 πάντα,
320 734 521 789 μάλαγμα
549 735 880 777 moecharum
1520 775 1522 779 ,

66 798 119 839 13
252 793 466 848 Exceptus
498 795 564 834 est
595 807 620 834 a
645 793 829 847 quodam
855 807 958 835 cena
983 793 1089 835 satis
1114 807 1244 847 parca
1270 794 1313 834 et
1337 792 1459 846 quasi

134 850 358 892 cotidiana.
406 865 504 892 nam
530 865 662 905 paene
687 851 795 892 nulli
821 865 864 892 se
890 852 1093 892 inuitanti
1117 851 1314 905 negabat.
1362 852 1460 903 post
1493 897 1494 900 Ἴ

135 909 305 962 epulum
336 908 469 963 igitur
504 909 628 963 inops
665 923 713 950 ac
750 908 839 950 sine
875 909 963 950 ullo
995 912 1205 963 apparatu
1235 908 1454 949 discedens

133 966 229 1007 uale
266 966 421 1007 dicenti
450 967 530 1008 hoc
566 969 734 1008 tantum
765 967 1047 1008 insusurrauit
1082 980 1182 1008 non
1213 966 1458 1019 putabam

136 1038 208 1065 me
238 1023 337 1065 tibi
367 1027 469 1066 tam
499 1024 822 1066 familiarem.
1496 1054 1498 1058 -

68 1087 123 1129 14
252 1080 357 1123 Cum
389 1082 439 1123 de
464 1081 618 1136 Tyriae
648 1096 869 1136 purpurae,
900 1096 1028 1136 quam
1053 1082 1137 1123 emi
1162 1082 1357 1134 iusserat,
1388 1080 1460 1122 ob·
1498 1085 1501 1122 ἶ

136 1139 336 1181 scuritate
374 1143 636 1194 quereretur,
674 1139 838 1182 dicente
869 1139 1088 1181 uenditore
1125 1139 1264 1193 erige
1297 1138 1460 1179 altius
1494 1149 1496 1151 ’

136 1200 184 1238 et
220 1197 418 1251 suspice
452 1197 519 1239 his
549 1212 650 1239 usus
682 1199 748 1239 est
778 1197 939 1239 salibus
977 1196 1122 1252 quid?
1160 1209 1270 1250 ego,
1301 1198 1356 1237 ut
1386 1209 1459 1237 me
1488 1192 1490 1196 '

135 1255 352 1309 populus
372 1255 622 1297 Romanus
649 1255 785 1297 dicat
809 1256 933 1297 bene
959 1255 1168 1309 cultum,
1193 1255 1240 1296 in
1265 1253 1461 1296 solario
1493 1253 1494 1256 '

138 1313 495 1354 ambulaturus
529 1313 663 1355 sum?
1492 1319 1493 1323 ’

69 1376 123 1418 15
253 1370 295 1413 N
298 1371 608 1412 omenculatori
633 1385 721 1426 suo,
747 1371 797 1412 de
822 1371 939 1413 cuius
959 1370 1174 1412 obliuione
1195 1369 1461 1424 querebatur,
1497 1377 1502 1424 ζ

139 1428 295 1469 dicenti
336 1428 574 1484 numquid
602 1429 676 1470 ad
717 1429 878 1470 forum
921 1427 1156 1470 mandas?>
1197 1452 1252 1458 —-
1294 1428 1462 1481 accipe
1501 1470 1503 1473 ,

138 1486 279 1540 inquit
338 1487 803 1542 commendaticias,
863 1487 980 1541 quia
1042 1486 1157 1528 illic
1214 1485 1462 1527 neminem
1499 1507 1503 1541 χ

139 1544 291 1586 nosti.
1504 1547 1506 1549 ’

71 1607 124 1649 16
254 1601 463 1644 Vatinio
492 1602 537 1643 in
561 1602 698 1656 prima
723 1616 799 1643 sua
823 1603 962 1643 aetate
987 1601 1204 1655 eleganter
1228 1599 1464 1644 insultauit.

235 1753 251 1783 1
283 1749 516 1795 mecenatum
546 1747 592 1783 B'
706 1753 727 1783 3
759 1748 925 1793 ep1stol1f
952 1748 1027 1783 BP
1133 1758 1227 1792 quae
1251 1751 1292 1783 ut
1316 1748 1391 1784 uid.
1418 1745 1463 1782 B'
1492 1757 1501 1795 J

140 1799 160 1830 5
187 1794 342 1839 epistola
366 1795 439 1829 BP
531 1799 551 1829 6
576 1794 628 1828 mi
652 1794 809 1829 ebenum
835 1796 993 1830 Iahnius
1018 1794 1175 1830 Hermae
1199 1794 1252 1828 II
1274 1797 1366 1829 247.-
1390 1793 1464 1828 mel

139 1843 305 1886 gentium
323 1841 399 1876 BP
455 1844 474 1875 7
500 1841 701 1876 Medulliae
723 1841 912 1876 Turnebus
929 1841 1238 1877 Aduersariorum
1256 1840 1412 1875 XVIII
1426 1843 1464 1875 1:
1497 1870 1500 1874 Α

140 1887 296 1922 melcule
331 1888 374 1922 in
409 1898 482 1923 ras.
513 1888 554 1922 in
578 1887 627 1931 P,
661 1887 819 1922 meculle
856 1888 962 1933 (corr.
991 1891 1033 1922 ut
1061 1888 1137 1923 uid.
1163 1897 1208 1923 ex
1237 1887 1397 1930 mecure)
1428 1886 1466 1921 Β

141 1933 232 1968 ebur
258 1945 302 1969 ex
326 1944 392 1970 om.
417 1931 464 1968 P'
585 1933 723 1968 arscmu
748 1934 785 1968 P
899 1937 920 1968 8
945 1933 1075 1979 fapnar
1096 1934 1132 1969 Β
1232 1934 1272 1976 ty
1273 1932 1404 1967 bermfi
1431 1931 1468 1966 Ρ
1496 1967 1497 1970 ,

141 1981 215 2015 ritu
245 1981 287 2015 in
316 1980 518 2034 margaritu
540 1980 546 2023 1
567 1980 608 2014 in
636 1990 709 2015 ras.
740 1981 782 2015 in
808 1980 844 2014 P
959 1981 1158 2015 cilneorum
1183 1943 1272 2014 BPy
1284 1980 1339 2023 (in
1362 1979 1399 2013 B
1423 1978 1465 2013 zi-

142 2027 287 2061 brarius
302 2027 475 2071 primitus
494 2029 711 2062 exaraturus
732 2026 807 2070 fuit
824 2026 867 2071 11)
933 2030 953 2061 9
973 2026 1166 2071 zmaragde
1187 2026 1232 2068 P,
1222 2024 1465 2105 11smaragdae
1491 2036 1495 2038 ·

142 2107 179 2141 Β
250 2105 266 2139 Ι
268 2106 487 2150 guuinorum
513 2107 686 2142 Iahnius:
712 2106 913 2151 figulorum
936 2106 1010 2142 BP
1079 2109 1122 2140 10
1140 2082 1291 2150 porfene
1313 2105 1359 2150 B,
1383 2115 1464 2150 por·
1494 2138 1495 2143 ,

142 2152 224 2188 sene
242 2118 292 2186 Pg
340 2151 501 2187 Hadriae
522 2153 696 2188 Iahnius:
723 2153 860 2189 habeas
880 2153 953 2187 ΒΡ
1013 2153 1138 2188 ΠΑΝΛ
1163 2151 1210 2186 P'
1280 2156 1322 2187 12
1349 2161 1465 2187 caena
1488 2170 1492 2172 -

141 2199 179 2233 Β
236 2209 332 2242 paca
350 2195 398 2233 P'
461 2202 502 2233 13
527 2199 677 2234 must-ati
701 2197 851 2235 B'17
876 2200 962 2247 title
988 2199 1024 2234 P
1081 2202 1123 2234 19
1149 2198 1213 2234 85*
1234 2199 1239 2243 Ι
1264 2198 1300 2233 Ρ
1361 2197 1411 2240 qd
1431 2196 1499 2234 P

144 2248 188 2279 23
213 2245 353 2289 nfiquld
376 2255 443 2281 om.
470 2242 520 2279 P'
