1526 2444
658 91 675 125 1
701 94 816 126 5-13
1322 88 1408 131 407

61 200 235 255 agitari,
278 200 378 255 quia
420 199 542 241 uelut
583 213 745 255 paucae
789 199 962 242 litterae
1006 201 1150 241 mutae
1188 198 1407 253 dispersae

58 259 171 301 inter
206 259 363 300 multas
400 258 571 301 uocales
609 259 653 300 in
691 258 942 300 societatem
978 259 1095 301 uocis
1126 258 1251 300 facile
1284 272 1408 299 man-

59 320 277 372 suescunt,
327 318 389 359 ita
437 317 622 359 rariores
672 317 862 372 imperiti
905 318 1142 373 gaudentes
1186 317 1404 359 consortio

57 376 293 430 peritorum
331 379 407 419 aut
446 378 706 430 consonant,
746 377 870 432 siqua
907 379 1107 432 possunt,
1144 378 1219 418 aut
1258 390 1402 418 rerum

21 452 39 477 5
57 435 210 477 talium
237 435 464 490 capiuntur
490 436 650 478 auditu.
701 435 738 477 si
763 450 865 477 uero
885 436 1030 491 plures
1050 436 1104 478 ab
1124 435 1402 477 institutione
1419 439 1476 482 10

58 493 311 549 disciplinae
330 495 457 537 huius
479 495 609 537 alieni
630 497 743 548 sunt,
770 494 1063 550 prudentibus,
1084 495 1157 550 qui
1176 494 1402 549 pauciores

57 554 315 608 intererunt,
366 553 528 595 sanciet
578 553 964 596 dissimulationem
1015 553 1082 596 sui
1125 556 1168 595 et
1210 553 1402 609 patietur

57 612 362 667 loquacitatem
394 613 544 655 maiori
576 613 690 667 parti
721 613 967 655 amiciorem
1000 613 1184 667 sociare,
1218 627 1271 654 ne
1303 626 1402 654 rara

56 670 262 712 nobilitas
295 686 320 713 a
345 671 469 726 plebe
496 672 828 714 tumultuosiore
854 672 1065 714 turbetur.
1115 674 1158 713 et
1184 671 1290 713 haec
1316 685 1402 713 una
1417 677 1472 719 11

4 747 38 773 ιο
57 731 122 771 est
159 729 208 771 de
245 730 546 785 philosophiae
583 730 836 784 uirtutibus,
874 730 975 785 quia
1006 745 1103 772 cum
1136 732 1283 772 orator
1314 744 1402 772 non

57 789 183 831 aliter
223 789 307 830 nisi
345 789 505 831 orando
542 789 765 844 probetur,
808 789 1092 844 philosophus
1129 803 1217 831 non
1255 790 1401 830 minus

55 847 235 890 tacendo
278 862 357 902 pro
400 851 594 902 tempore
635 863 761 903 quam
800 848 1013 902 loquendo
1051 847 1404 902 philosophatur.

56 907 117 948 sic
160 919 262 962 ergo
305 907 431 961 pauci
474 907 547 962 qui
588 907 770 948 aderunt
809 906 1022 949 doctiores
1059 907 1104 948 in
1143 921 1402 950 consensum

54 965 171 1007 rudis
198 966 404 1008 consortii
431 966 553 1008 salua
578 968 622 1007 et
646 965 762 1008 intra
781 980 826 1007 se
847 966 1091 1021 quiescente
1111 966 1204 1007 ueri
1223 966 1402 1008 notione

0 1041 36 1080 με»
54 1024 311 1080 migrabunt,
342 1027 390 1066 ut
420 1025 559 1067 omnis
587 1025 823 1067 discordiae
852 1026 1038 1081 suspicio
1065 1025 1265 1067 facessat.
1322 1040 1400 1068 nec
1417 1030 1474 1073 12

0 1096 2 1103 ’
52 1083 221 1137 mirum,
253 1083 291 1125 si
322 1083 473 1126 doctus
505 1083 646 1138 faciet,
679 1083 927 1139 quod-fecit
954 1084 1172 1139 quondam
1197 1083 1401 1126 Pisistra-

52 1145 122 1184 tus
154 1142 424 1184 Athenarum
460 1145 681 1198 tyrannus.
744 1143 817 1199 qui
852 1158 949 1185 cum
980 1143 1082 1185 filiis
1115 1144 1202 1185 suis
1234 1145 1400 1186 rectum

52 1201 194 1243 dando
245 1201 471 1244 consilium
518 1216 606 1244 non
656 1202 917 1244 obtinuisset
967 1202 1215 1258 adsensum,
1271 1205 1402 1257 atque

51 1259 146 1302 ideo
185 1263 297 1302 esset
332 1260 375 1301 in
413 1260 633 1302 simultate
665 1275 761 1302 cum
793 1261 960 1315 liberis,
997 1261 1072 1303 ubi
1103 1262 1186 1304 hoc
1217 1262 1401 1304 aemulis

0 1333 34 1362 ιο
53 1333 226 1361 causam
280 1318 413 1361 fuisse
470 1319 615 1374 gaudii
671 1320 887 1374 conperit,
949 1334 1000 1362 ex
1054 1320 1132 1362 illa
1187 1320 1421 1372 discordia,

54 1378 324 1433 sperantibus
355 1379 402 1420 in
433 1379 559 1421 domo
591 1379 814 1434 regnantis
846 1380 966 1421 nasci
996 1394 1123 1435 posse
1148 1380 1403 1435 nouitatem,

52 1437 335 1479 uniuersitate
361 1437 519 1479 ciuium
545 1441 781 1480 conuocata
807 1438 880 1491 ait,
907 1439 1200 1480 succensuisse
1229 1438 1403 1494 quidem

0 1531 3 1535 ,
53 1510 98 1538 se
122 1496 224 1538 filiis
249 1511 338 1539 non
364 1496 741 1551 adquiescentibus
768 1497 935 1552 patriae
961 1497 1195 1551 uoluntati,
1221 1498 1294 1539 sed
1319 1498 1402 1540 hoc

52 1554 136 1596 sibi
171 1558 322 1610 postea
352 1556 495 1598 uisum
526 1558 733 1610 paternae
765 1556 909 1610 aptius
943 1570 1035 1598 esse
1066 1557 1237 1612 pietati,
1274 1558 1323 1599 ut
1353 1557 1399 1600 in

0 1614 312 1659 usententiam
355 1614 588 1656 liberorum
630 1614 723 1669 ipse
768 1615 1041 1669 concederet3
1090 1616 1221 1657 sciret
1265 1616 1403 1671 igitur

53 1673 219 1728 ciuitas,
245 1673 437 1716 sobolem
462 1674 577 1728 regis
603 1688 700 1716 cum
725 1676 849 1728 patre
872 1674 1140 1716 concordem.
1183 1675 1266 1717 hoc
1285 1689 1402 1717 com-

52 1733 199 1774 mento
244 1746 364 1788 spem
407 1732 594 1775 detraxit
636 1733 943 1775 insidiantibus
987 1733 1210 1789 regnantis
1249 1734 1398 1790 quieti.

51 1790 112 1832 ita
141 1791 187 1832 in
219 1791 337 1833 omni
362 1791 478 1833 uitae
503 1805 671 1847 genere,
701 1792 1015 1847 praecipueque
1039 1794 1087 1834 in
1111 1792 1278 1835 laetitia
1303 1808 1400 1836 con·
1416 1797 1474 1839 13

53 1850 187 1892 uiuali
207 1864 344 1906 omne,
363 1850 478 1905 quod
497 1851 667 1893 uidetur
681 1852 904 1903 absonum,
923 1851 968 1893 in
982 1866 1112 1894 unam
1126 1852 1400 1895 concordiam

0 1923 35 1952 ιο
54 1909 148 1951 soni
180 1909 302 1951 salua
332 1909 580 1952 innocentia
610 1909 889 1966 redigendum
922 1912 999 1954 est.
1061 1911 1122 1953 sic
1153 1911 1401 1965 Agathonis

52 1968 317 2023 conuiuium,
375 1968 476 2024 quia
532 1967 731 2011 Socrates
785 1969 1004 2012 Phaedros
1059 1970 1297 2013 Pausanias
1355 1974 1399 2014 et

51 2024 354 2082 Erysimachos
415 2027 586 2081 habuit,
649 2028 708 2070 sic
771 2043 821 2070 ea
883 2043 988 2071 cena
1046 2044 1174 2085 quam
1231 2028 1397 2073 Callias

52 2085 310 2128 doctissimis
354 2085 490 2142 dedit,
534 2085 822 2130 Charmadam
867 2088 980 2140 dico,
1024 2087 1315 2132 Antisthenen
1357 2093 1401 2131 et

146 2240 167 2271 5
193 2237 322 2272 auditu
350 2237 387 2271 P
475 2241 495 2272 7
522 2237 682 2274 sancciet
707 2239 744 2275 P
832 2243 874 2274 17
900 2241 1073 2275 tirannus
1092 2242 1129 2276 P
1220 2245 1266 2278 20
1292 2245 1402 2287 cope-

51 2283 102 2318 nt
128 2283 165 2318 P
240 2287 285 2320 23
311 2283 530 2331 uolunltatis
550 2285 587 2320 P
665 2290 708 2321 31
734 2287 898 2331 phedros
917 2288 954 2323 P
1036 2292 1080 2323 32
1107 2288 1341 2324 ensimachol
1367 2291 1405 2325 P

53 2339 97 2366 ea
123 2329 453 2377 Gantabriqiensis:
478 2331 508 2366 &
533 2332 570 2367 P
639 2343 731 2381 cena
756 2334 794 2369 P
