1526 2444
583 37 669 74 XVI
694 41 834 74 20-30
1002 19 1004 22 ’
1329 33 1385 75 83

42 155 172 208 tare,
204 150 322 206 quia
351 151 472 191 tunc
504 160 703 204 quoque
734 145 911 188 Ianum
936 144 1209 198 Iouemque
1240 155 1387 197 prae-

42 212 144 254 fari
182 223 390 253 necesse
428 210 524 263 est,
563 220 687 262 quos
724 204 982 247 nominari
1019 205 1131 246 atro
1169 201 1248 243 die
1285 215 1386 243 non

41 271 256 327 oportet.
318 270 419 310 ante
459 266 572 308 diem
610 278 779 320 quoque
817 266 1020 319 quartum
1057 260 1276 304 Kalendas
1313 260 1456 305 110126

39 329 189 372 Nonas
221 327 291 369 uel
322 326 436 379 Idus,
466 327 689 380 tamquam
719 322 1003 365 inominalem
1035 321 1159 374 diem,
1191 319 1385 376 plerique

4 406 22 433 5
41 388 192 431 uitant.
254 386 343 428 eius
382 383 698 427 obseruationis
730 397 786 425 an
817 381 973 437 religio
1004 381 1093 422 ulla
1125 380 1182 422 sit
1211 378 1385 434 tradita,

41 446 190 503 quaeri
227 446 355 499 solet,
393 443 465 486 sed
502 457 581 485 nos
618 441 729 484 nihil
767 455 894 496 super
925 455 976 483 ea
1009 454 1053 482 re
1085 439 1292 494 scriptum
1323 437 1387 479 in-

41 506 260 561 uenimus,
301 503 390 546 nisi
432 502 545 558 quod
577 501 624 551 Q.
658 500 894 544 CLAVDIVS
938 499 1193 542 ANNALIVM
1236 497 1384 553 quinto

41 564 234 607 cladem
277 563 422 605 illam
463 561 820 604 uastissimam
857 572 1058 614 pugnae
1100 556 1384 600 Cannensis

39 623 226 666 factam
265 621 426 664 refert
463 623 580 663 ante
618 619 744 661 diem
785 620 1022 673 quartum
1059 615 1236 658 Nonas
1269 615 1385 658 Sex-

0 683 176 726 :otiles
251 681 310 723 ad
359 694 462 722 rem
505 693 607 722 sane
651 677 932 719 militarem
976 676 1109 718 nihil
1152 674 1454 718 adtinere27

39 743 164 784 notat
196 739 367 794 VARRO,
399 741 565 781 utrum
590 737 763 778 fastus
789 735 870 778 uel
896 735 1136 777 nefastus
1164 734 1272 775 dies
1299 733 1385 784 sit,

41 800 128 843 sed
166 799 226 842 ad
264 799 402 841 solas
439 797 532 839 hoc
571 796 801 838 actiones
837 795 1098 849 respicere
1135 793 1384 847 priuatas.

40 859 154 914 quod
191 860 335 900 autem
371 855 585 898 nundinas
622 854 753 896 ferias
785 853 891 908 dixi,
928 855 1074 909 potest
1105 852 1246 908 argui,
1286 852 1386 907 quia
1399 854 1456 897 28

41 917 179 960 TITVS
218 929 281 958 DE
320 927 472 958 FERIIS
511 914 701 957 scribens
746 913 1087 955 nundinarum
1135 912 1242 954 dies
1286 925 1386 953 non

0 993 22 1020 ‚⁵
40 976 179 1019 inter
203 975 362 1018 ferias
388 974 537 1017 retulit
563 973 649 1016 sed
674 975 874 1014 tantum
903 972 1180 1014 sollemnes
1201 970 1386 1025 uocauit,

41 1037 84 1077 et
114 1034 227 1091 quod
252 1034 407 1077 IVLIVS
433 1033 689 1076 MODESTVS
720 1031 920 1074 adfirmat
945 1030 1169 1072 Messala
1195 1043 1385 1085 augure

40 1094 339 1136 consulente
376 1092 676 1148 pontifices,
722 1105 784 1133 an
819 1090 1165 1132 nundinarum
1202 1088 1384 1131 Roma-

40 1167 216 1195 narum
271 1152 633 1206 Nonarumque
695 1149 803 1192 dies
858 1149 1007 1191 feriis
1063 1150 1383 1203 tenerentur,

40 1211 369 1266 respondisse
436 1225 521 1252 eos
582 1209 840 1251 nundinas
903 1209 1003 1251 sibi
1065 1207 1227 1250 ferias
1283 1222 1384 1250 non

0 1288 22 1313 ιο
41 1269 224 1325 uideri,
245 1272 288 1311 et
306 1269 421 1325 quod
440 1269 704 1311 TREBArivs
724 1268 770 1310 in
787 1267 899 1310 libro
920 1269 1060 1323 primo
1081 1266 1384 1310 Rsmmosvm

42 1330 103 1372 ait
139 1328 381 1371 nundinis
419 1328 780 1383 magistratum
811 1341 963 1381 posse
994 1341 1144 1368 manu
1175 1326 1383 1368 mittere

40 1387 334 1443 iudiciaque
378 1386 622 1429 addicere.
688 1385 762 1427 sed
805 1388 956 1428 contra
997 1385 1157 1428 IVLIVS
1196 1383 1453 1430 CAESAR29

42 1450 163 1490 sexto
214 1446 379 1488 decimo
426 1445 748 1488 AVSPICIORVM
798 1445 910 1486 libro
960 1447 1093 1500 negat
1141 1444 1383 1486 nundinis

41 1505 333 1549 contionem
363 1504 606 1547 aduocari
630 1518 799 1560 posse,
830 1503 873 1545 id
900 1506 967 1545 est
993 1518 1087 1545 cum
1113 1503 1273 1558 populo
1300 1503 1385 1558 agi,

0 1576 22 1623 15
40 1564 255 1620 ideoque
290 1563 533 1606 nundinis
565 1563 912 1605 Romanorum
949 1562 1135 1605 haberi
1173 1561 1385 1604 comitia

38 1637 139 1666 non
169 1637 333 1679 posse.
389 1621 653 1665 CORNEmvs
687 1622 818 1664 etiam
850 1621 1008 1664 LABEO
1040 1621 1182 1677 primo
1208 1620 1384 1664 FAsro-

37 1694 134 1725 RVM
194 1682 305 1724 libro
366 1681 610 1723 nundinis
672 1680 833 1722 ferias
890 1695 1002 1723 esse
1064 1681 1383 1735 pronuntiat.

39 1755 211 1783 causam
260 1755 364 1783 uero
406 1741 534 1782 huius
577 1740 803 1782 uarietatis
847 1739 959 1794 apud
1004 1739 1224 1782 GRANIVM
1268 1739 1382 1781 Lici-
1397 1746 1455 1788 30

37 1811 219 1843 NIANVM
267 1800 379 1842 libro
429 1799 615 1842 secundo
653 1799 837 1854 diligens
874 1799 1011 1842 lector
1053 1799 1254 1841 inueniet.
1321 1799 1385 1840 ait

39 1859 154 1901 enim
214 1859 471 1901 nundinas
526 1858 666 1900 Iouis
725 1859 885 1901 ferias
941 1872 1070 1914 esse,
1131 1857 1384 1913 siquidem

37 1916 324 1961 Flaminica
379 1917 613 1960 omnibus
670 1918 918 1960 nundinis
968 1918 1020 1959 in
1068 1917 1214 1972 regia
1267 1916 1384 1959 Ioui

38 1977 250 2019 arietem
287 1978 456 2019 soleat
492 1977 778 2031 immolare,
817 1977 905 2019 sed
944 1977 1057 2032 lege
1095 1975 1385 2018 Hortensia

38 2035 286 2078 effectum
339 2039 394 2078 ut
448 2036 616 2078 fastae
666 2038 854 2091 essent,
911 2036 987 2077 uti
1036 2036 1243 2091 rustici,
1300 2036 1384 2090 qu'i

133 2144 153 2175 6
199 2142 204 2184 Ι
225 2140 365 2176 *nichil
389 2140 427 2175 P
484 2143 504 2175 '1
532 2139 683 2184 quintus
702 2139 778 2175 BP
842 2143 862 2174 9
889 2139 1030 2175 sextilis
1050 2140 1088 2175 P
1153 2143 1196 2175 10
1222 2140 1382 2175 attinere

37 2186 107 2232 (P)
169 2191 213 2222 14
231 2187 312 2223 niel'
325 2186 372 2222 B'
435 2190 478 2222 15
498 2186 683 2233 rollepnes
697 2187 740 2232 P,
767 2186 950 2222 solemnes
965 2188 1002 2222 B
1065 2191 1107 2222 16
1127 2186 1317 2223 modostul'
1331 2186 1380 2223 P‘

38 2234 199 2270 affirmat
223 2234 261 2269 P
344 2238 390 2270 24
415 2235 454 2269 id
478 2242 525 2260 ὲ
549 2236 591 2270 in
614 2245 688 2270 ras.
715 2236 756 2270 in
780 2234 817 2270 P
892 2238 937 2270 25
964 2234 1101 2270 habere
1128 2232 1179 2270 B‘
1268 2238 1311 2270 27
1338 2235 1382 2269 11-

8 2316 10 2320 ,
37 2279 187 2317 brorum
211 2278 259 2317 P'
334 2285 380 2318 28
404 2282 544 2318 licianii
568 2282 605 2317 P
675 2285 719 2318 29
744 2281 919 2318 inuenit&
943 2279 995 2316 B'

1048 2339 1098 2374 6*
