1526 2444
638 58 672 92 11
702 61 838 94 16—23
1324 56 1409 99 591

1 160 29 228 κ’
66 168 150 212 tria
193 167 392 224 epitritus
435 180 638 209 numerus
682 168 766 221 est,
815 180 867 208 ex
911 165 994 208 hoc
1036 165 1293 221 conponitur
1339 165 1414 208 διὰ

7 271 12 286 ρ
65 227 310 284 τεσσάρων;
334 227 439 268 item
464 228 667 281 quattuor
693 225 747 267 ad
772 239 905 266 unum
931 225 975 266 in
996 224 1225 280 quadrupli
1243 224 1413 267 ratione

7 327 22 336 ,,
67 289 307 341 censentur,
338 300 389 328 ex
420 299 504 341 quo
538 283 796 340 symphonia
827 281 895 334 δὶς
927 283 1002 326 διὰ
1031 290 1186 326 πασῶν
1210 284 1411 327 nascitur.

2 363 26 404 5
67 359 168 401 ergo
194 345 342 387 mundi
368 345 522 398 anima,
548 357 656 398 quae
683 343 736 385 ad
761 344 927 386 motum
954 343 1047 398 hoc,
1073 342 1185 399 quod
1204 342 1413 400 uidemus,
1428 346 1484 389 19

2 415 42 453 j·
67 404 360 446 uniuersitatis
387 417 540 458 corpus
567 402 747 458 inpellit,
774 403 976 444 contexta
994 402 1183 444 numeris
1204 403 1413 445 musicam

67 463 119 505 de
156 477 200 505 se
239 463 486 505 creantibus
525 461 842 504 concinentiam
880 475 1051 503 necesse
1084 463 1167 513 est,
1203 463 1252 503 ut
1282 476 1412 504 sonos

66 522 254 564 musicos
305 521 356 563 de
406 523 543 571 motu,
594 534 720 576 quem
764 520 941 574 proprio
985 519 1159 574 inpulsu
1205 522 1414 575 praestat,

67 580 241 634 efficiat,
273 595 455 636 quorum
488 580 698 634 originem
729 580 776 621 in
805 579 971 621 fabrica
1000 593 1100 620 suae
1126 580 1412 622 contextionis

0 635 25 684 ῗ
66 639 245 681 inuenit.
295 640 356 681 ait
382 639 496 681 enim
515 638 654 693 Plato,
676 639 726 680 ut
752 652 884 693 supra
907 638 1167 693 rettulimus,
1193 641 1414 681 auctorem
1426 640 1485 683 20

0 725 1 730 =
39 716 42 729 ·
67 698 235 741 animae
285 698 409 740 deum
458 700 559 752 post
605 711 883 739 numerorum
931 696 1045 737 inter
1095 710 1139 738 se
1181 697 1413 753 imparium

0 762 22 776 ²
66 757 383 800 contextionem
410 756 626 798 hemioliis
653 755 838 810 epitritis
865 757 909 796 et
928 754 1133 809 epogdois
1154 758 1197 797 et
1216 757 1411 799 limmate

7 825 32 865 q
65 815 231 858 hiantia
268 815 502 858 interualla
537 814 771 869 supplesse.
833 813 928 856 ideo
961 812 1210 856 doctissime
1242 815 1480 859 Tullius21

65 874 111 917 in
152 874 296 917 uerbis
335 876 423 916 suis
463 873 653 915 ostendit
689 873 903 914 Platonici
940 871 1155 928 dogmatis
1194 873 1412 929 profundi-

10 903 31 980 }—
65 935 212 976 tatem.
262 933 410 989 quid?
442 933 542 986 hic,
574 932 798 987 inquam,
830 931 942 986 quis
969 934 1064 987 est,
1094 933 1178 987 qui
1205 934 1413 989 conplet

6 973 48 1176 ς
67 1007 213 1035 aures
256 1007 393 1034 meas
436 994 611 1033 tantus
653 993 703 1032 et
739 993 842 1032 tam
881 990 1046 1032 dulcis
1085 992 1268 1034 sonus?
1328 992 1412 1035 hic

31 1076 33 1078 v
65 1054 158 1104 est,
195 1051 384 1107 inquit,
421 1050 512 1092 ille
551 1050 635 1106 qui
668 1048 967 1092 interuallis
999 1049 1288 1093 disiunctus
1320 1052 1411 1093 im-

0 1110 276 1165 ,paribus
316 1110 400 1152 sed
437 1112 608 1151 tamen
645 1123 735 1163 pro
772 1111 885 1150 rata
922 1111 1065 1162 parte
1101 1110 1305 1152 ratione
1338 1110 1412 1152 di-

12 1174 32 1253 ξ
65 1169 296 1224 stinctis,
332 1169 541 1224 inpulsu
580 1170 628 1209 et
664 1170 803 1209 motu
839 1166 1071 1222 ipsorum
1110 1169 1309 1211 orbium
1342 1170 1411 1211 ef-

14 1227 34 1275 'a'
63 1227 254 1271 ficitur.
322 1228 461 1282 uides,
502 1230 552 1269 ut
588 1227 818 1268 interualla
856 1230 1182 1282 commemorat,
1225 1231 1269 1270 et
1307 1229 1410 1271 haec
1425 1230 1482 1273 22

0 1273 48 1330 ὦ
64 1286 176 1329 inter
200 1301 245 1329 se
264 1287 448 1342 imparia
467 1301 560 1329 esse
580 1287 778 1339 testatur,
804 1300 883 1327 nec
902 1285 1110 1327 diffitetur
1128 1289 1224 1328 rata
1242 1288 1411 1330 ratione

0 1331 35 1413 ἐξ
64 1346 279 1402 distincta,
310 1347 410 1401 quia
442 1344 674 1388 secundum
702 1344 924 1386 Timaeum
951 1343 1148 1387 Platonis
1179 1346 1412 1401 imparium

0 1427 33 1463 33
64 1404 176 1448 inter
220 1419 265 1448 se
306 1405 539 1448 interualla
578 1418 855 1446 numerorum
892 1403 998 1445 ratis
1037 1403 1090 1445 ad
1129 1419 1174 1446 se
1210 1407 1411 1459 numeris,

0 1462 35 1523 {²-
63 1464 279 1506 hemioliis
325 1465 490 1507 scilicet
527 1462 715 1519 epitritis
753 1465 796 1504 et
833 1462 1040 1517 epogdois
1079 1462 1410 1520 hemitoniisque

0 1490 35 1575 ξ,
65 1523 271 1566 distincta
303 1526 420 1576 sunt,
456 1523 611 1578 quibus
644 1521 784 1564 omnis
816 1535 976 1563 canora
1006 1522 1119 1564 ratio
1151 1524 1408 1567 continetur.

0 1575 47 1642 l}
63 1581 165 1625 hinc
195 1582 308 1624 enim
341 1581 718 1635 animaduertitur,
757 1581 859 1636 quia
890 1580 995 1621 haec
1025 1581 1160 1623 uerba
1191 1580 1409 1625 Ciceronis
1423 1584 1480 1626 23

0 1644 36 1711 ἕξ
63 1655 297 1697 numquam
322 1641 518 1697 profecto
545 1641 597 1682 ad
622 1640 888 1682 intellectum
909 1641 1118 1694 paterent,
1144 1641 1228 1682 nisi
1247 1641 1409 1684 hemio-

0 1686 37 1736 ῑὲ
62 1699 220 1743 liorum
254 1700 525 1755 epitritorum
557 1702 600 1741 et
631 1698 925 1754 epogdoorum
957 1699 1127 1740 ratione
1158 1701 1411 1754 praemissa,

37 1759 220 1814 ‚quibus
259 1759 491 1802 interualla
528 1772 802 1801 numerorum
842 1756 1047 1799 distincta
1085 1762 1203 1814 sunt,
1247 1762 1290 1801 et
1325 1760 1411 1802 nisi

12 1823 38 1863 ,ζ’
62 1817 300 1860 Platonicis
331 1819 535 1874 numeris,
567 1817 722 1873 quibus
754 1816 901 1858 mundi
933 1816 1078 1859 anima
1106 1819 1172 1859 est
1197 1821 1410 1873 contexta,

158 1925 177 1955 1
205 1923 440 1967 componitur
465 1921 529 1956 dia
551 1921 748 1957 tessaron*
773 1920 809 1956 P
877 1920 940 1955 dia
964 1920 1126 1956 teffaron
1151 1922 1256 1967 (corr.
1282 1934 1327 1958 ex
1346 1923 1410 1958 dla

35 1995 41 2016 y.
61 1968 236 2012 telTeron)
261 1968 298 2003 Β
371 1973 392 2004 3
418 1968 580 2004 censetia
601 1969 637 2004 Β
710 1967 919 2013 [imphoma
937 1967 973 2002 B
1046 1967 1107 2002 dis
1120 1969 1183 2004 dia
1200 1968 1317 2014 pason
1338 1971 1409 2005 PB

7 2015 20 2059 ss
39 2013 42 2016 ⁴
62 2018 86 2049 4
110 2019 182 2060 que
208 2016 254 2050 ad
281 2015 394 2051 modsi
420 2016 464 2059 P,
489 2017 507 2049 1
531 2027 603 2063 que
630 2014 679 2049 ad
702 2018 847 2050 motum
871 2015 955 2050 add.
977 2026 1007 2060 p
1103 2019 1124 2051 5
1150 2017 1313 2062 impellit
1338 2018 1410 2053 PB

7 2081 10 2089 .
62 2062 250 2099 numer1*1'
270 2063 306 2098 Β
392 2067 411 2098 7
438 2062 596 2108 impulsu
622 2062 689 2097 PB
775 2066 796 2098 8
822 2061 883 2110 sue
908 2072 974 2098 om.
1000 2060 1048 2097 Β’
1135 2065 1155 2097 9
1182 2064 1237 2098 ait
1261 2075 1327 2100 om.
1358 2063 1407 2099 P'

6 2145 10 2151 ,
108 2105 302 2146 rettulnii*
326 2110 371 2155 P,
396 2109 594 2145 retulimus
612 2109 650 2144 Β
721 2112 763 2144 11
788 2109 987 2146 hemioliul¹
1005 2110 1043 2144 Β
1118 2113 1162 2144 14
1187 2112 1352 2156 complet
1376 2112 1414 2147 P

65 2160 108 2192 16
133 2158 264 2202 mquid
290 2155 340 2192 P'
440 2160 484 2192 18
508 2156 669 2203 impulsu
692 2156 730 2191 B
831 2160 877 2191 20
903 2156 1084 2192 diffitetur
1103 2162 1252 2203 praeter
1277 2158 1347 2193 diff
1367 2161 1410 2194 in

61 2214 134 2240 rae.
160 2205 202 2240 in
226 2204 264 2240 P
356 2207 400 2239 22
426 2203 605 2240 numerus
625 2203 788 2239 emiolus
807 2201 856 2240 P'
948 2207 993 2240 25
1020 2216 1117 2240 enim
1143 2215 1210 2242 om.
1237 2206 1274 2241 Β
1363 2209 1408 2241 28

17 2280 21 2287 .
61 2261 299 2287 numerorum
323 2251 476 2288 deletum
501 2252 543 2287 in
566 2251 612 2295 P,
637 2262 703 2287 om.
729 2251 766 2286 Β
886 2254 931 2286 29
958 2262 1084 2287 anima
1110 2252 1241 2288 mundi
1265 2253 1410 2298 (mundi

49 2298 149 2335 add.
175 2299 210 2343 b)
235 2299 272 2334 Β
344 2299 519 2334 contexta
543 2298 596 2334 est
620 2298 658 2334 B
