1526 2444
509 34 579 92 Vn
604 59 743 92 15—-19
774 55 860 92 V111
887 59 977 92 1-3
1335 53 1421 97 397
1478 72 1481 75 ·

73 165 229 209 Accius
259 165 305 207 in
335 164 552 220 Pelopidis
584 164 648 207 ita
681 164 831 207 scribit

132 249 224 290 eius
256 247 468 303 serpentis
501 261 706 303 squamae
739 246 933 302 squalido
967 260 1071 288 auro
1104 247 1148 288 et
1178 259 1368 301 purpura

131 309 390 362 praetextae.

11 424 13 427 ⁴
74 388 278 445 quidquid
321 388 455 444 igitur
494 388 624 431 nimis
661 386 926 430 inculcatum
964 387 1239 443 obsitumque
1276 387 1422 443 aliqua
1438 387 1491 430 19

36 455 54 482 ⁶
75 462 120 490 re
159 451 270 502 erat,
306 450 356 489 ut
385 448 596 490 incuteret
628 447 868 489 uisentibus
900 446 1009 489 faeie
1040 461 1155 489 noua
1186 446 1422 501 horrorem,

72 507 116 549 id
167 507 407 562 squalere
450 506 682 548 dicebatur.
758 506 818 548 sio
861 506 906 547 in
951 505 1202 561 corporibus
1245 505 1421 548 incultis

73 565 399 621 squamosisque
439 565 528 607 alta
558 565 780 621 congeries
814 564 1005 607 sordium
1038 565 1247 620 squalor
1278 565 1421 620 appel-

73 625 199 679 latur,
225 624 346 666 cuius
372 623 702 679 significationis
728 623 866 666 multo
893 623 1152 679 assiduoque
1177 638 1260 665 usu
1278 626 1422 666 totum

75 682 119 724 id
161 683 340 725 uerbum
383 683 447 724 ita
489 682 832 725 contaminatum
877 686 959 737 est,
1003 685 1052 724 ut
1088 683 1176 723 iam
1214 683 1423 737 squalor

19 753 54 780 ιο
74 741 125 784 de
169 757 216 784 re
260 742 346 784 alia
387 742 507 784 nulla
551 756 679 797 quam
725 740 776 783 de
821 741 925 783 solis
962 740 1300 796 inquinamentis
1339 740 1422 783 diei

71 799 287 856 coeperit?

189 881 387 924 ‘Gratum
419 882 525 924 mihi
557 881 638 924 est'
665 882 854 924 Auienus
887 882 949 923 ait
980 881 1235 927 ‘correctum
1261 881 1492 937 quodVIII

71 942 122 984 ‹le
166 941 340 997 optimis
379 941 504 983 dietis
542 942 653 984 male
692 941 914 996 opinabar.
982 941 1056 983 sed
1093 941 1138 983 in
1174 941 1257 983 hoe
1295 956 1422 983 uersu

73 1000 245 1043 uidetur
275 1000 383 1047 mihi
414 1000 562 1042 deesse
594 1000 759 1055 aliquid

18 1094 54 1122 15
133 1083 225 1138 ipse
258 1082 471 1132 Quirinali
501 1083 609 1125 lituo
641 1097 860 1138 paruaque
894 1081 1071 1124 sedebat

133 1142 373 1184 succinctus
404 1142 568 1184 trabea.

75 1224 111 1265 si
144 1224 259 1266 enim
290 1223 401 1266 nihil
434 1224 582 1266 deesse
614 1224 904 1278 concedimus,
934 1226 1071 1266 restat
1101 1227 1151 1265 ut
1179 1225 1257 1266 fiat
1288 1224 1420 1266 lituo

76 1285 126 1324 et
178 1283 362 1325 trabea
415 1283 731 1338 succinctus,
787 1283 901 1338 quod
950 1285 1016 1325 est
1064 1283 1423 1325 absurdissimum

76 1341 234 1397 quippe
266 1356 362 1384 eum
392 1342 526 1384 lituus
560 1342 618 1384 sit
647 1342 774 1398 uirga
804 1341 948 1384 breuis
980 1341 1026 1383 in
1058 1344 1201 1397 parte,
1238 1357 1325 1397 qua
1354 1356 1422 1384 ro-

18 1413 56 1440 so
75 1400 245 1443 bustior
275 1403 358 1455 est,
390 1401 588 1455 inourua,
619 1415 704 1456 qua
735 1414 917 1456 augures
947 1402 1144 1456 utuntur,
1175 1415 1253 1442 nee
1283 1401 1423 1455 uideo,

74 1459 261 1514 qualiter
290 1459 398 1501 lituo
431 1460 673 1502 succinctus
704 1461 845 1514 possit
875 1459 1041 1502 uideri?

192 1518 432 1574 Respondit
458 1518 646 1573 Seruius,
677 1520 738 1561 sic
768 1519 850 1561 hoe
882 1518 1044 1560 dietum
1073 1532 1178 1572 esse,
1209 1521 1259 1560 ut
1283 1519 1463 1573 plera-2

73 1591 154 1632 que
202 1577 286 1619 dici
328 1592 405 1633 per
443 1577 724 1620 defectionem
761 1577 919 1632 solent,
957 1577 1094 1619 ueluti
1131 1592 1227 1620 eum
1266 1577 1423 1620 dieitur

11 1678 17 1683 ἵ
75 1635 133 1677 Μ.
169 1634 350 1679 Cicero
387 1636 536 1679 homo
574 1651 757 1692 magna
795 1637 1091 1692 eloquentia
1129 1639 1174 1678 et
1204 1635 1421 1679 Roscius

19 1707 58 1734 τε
76 1695 268 1737 histrio
295 1709 487 1738 summa
511 1698 807 1750 uenustate,
837 1710 924 1738 non
950 1696 1127 1751 plenum
1152 1696 1235 1739 hoc
1259 1699 1420 1738 utrum-

77 1768 158 1809 que
189 1768 326 1810 neque
357 1754 593 1809 perfectum
626 1757 704 1808 est,
737 1755 809 1797 sed
842 1754 954 1797 enim
986 1769 1065 1810 pro
1096 1755 1224 1810 pleno
1251 1769 1300 1797 ao
1324 1769 1420 1810 per-

77 1812 190 1855 feeto
223 1813 406 1856 auditur.
466 1817 514 1856 ut
544 1813 763 1870 Vergilius
797 1814 884 1856 alio
915 1814 961 1855 in
991 1816 1087 1857 loco
1435 1817 1462 1858 3

132 1894 342 1938 uictorem
372 1895 516 1938 Buten
546 1897 710 1938 inmani
742 1910 922 1952 corpore

74 1977 118 2019 id
151 1980 216 2020 est
247 1992 430 2033 corpus
462 1979 667 2021 inmane
699 1978 989 2035 habentem,
1022 1981 1066 2021 et
1095 1979 1200 2022 item
1232 1978 1338 2021 alibi

168 2121 188 2152 ‘2
215 2128 250 2152 11.
277 2121 345 2152 517
372 2118 428 2153 ed.
454 2121 475 2152 2
501 2117 610 2154 Ribb.
704 2121 747 2153 15
772 2118 863 2155 Aen.
892 2118 960 2154 VII
987 2122 1053 2155 187
1145 2123 1190 2155 28
1215 2119 1265 2155 ib.
1293 2119 1325 2155 V
1350 2124 1417 2155 372

170 2250 188 2281 1
215 2245 405 2292 Pelopidis
433 2246 591 2283 Gellius:
615 2247 856 2294 pelopidibus
876 2248 913 2283 P
1005 2252 1047 2284 11
1075 2250 1221 2297 cepent
1244 2250 1282 2285 P
1374 2253 1421 2284 24

23 2323 27 2326 ,
76 2289 176 2328 maro
201 2293 238 2329 P
314 2298 360 2330 28
385 2305 542 2330 immam
566 2295 603 2330 P
693 2298 738 2331 29
764 2307 926 2332 immane
954 2296 991 2331 P
