1526 2444
635 67 687 103 VI
712 70 851 103 33-41
1243 85 1245 87 ·
1323 66 1412 109 503

4 218 22 234 Ν
68 167 315 234 longitudo*
342 176 527 219 latitudo
575 175 868 232 profunditas:
911 175 1085 218 termini
1127 172 1410 218 adnumerato

8 238 16 254 ‘
67 237 217 280 effectu
253 236 406 278 ultimo
443 237 666 290 quattuor,
702 238 909 291 punctum
942 235 1057 277 linea
1090 234 1334 290 superficies
1367 237 1411 276 et

66 296 160 351 ipsa
190 294 400 338 soliditas.
461 295 565 337 item
604 309 701 337 cum
741 296 944 349 quattuor
983 293 1071 336 sint
1109 294 1323 336 elementa
1359 308 1410 336 ex

67 355 220 409 quibus
269 355 470 400 constant
519 367 724 409 corpora:-
768 356 886 395 terra
930 367 1041 407 aqua
1085 366 1157 395 aer
1200 354 1243 394 et
1284 352 1411 408 ignis,

31 425 49 452 5
67 414 202 456 tribus
219 413 320 464 sine
346 412 476 455 dubio
495 412 740 454 interstitiis
761 414 1026 467 separantur.
1077 425 1259 466 quorum
1276 425 1410 454 unum

0 468 5 475 ²
68 475 133 514 est
163 487 188 514 a
219 474 334 514 terra
364 486 498 526 usque
531 471 584 513 ad
611 485 789 526 aquam,
810 471 864 512 ab
892 485 1004 526 aqua
1029 484 1163 526 usque
1189 470 1242 512 ad
1269 483 1410 512 aerem

67 544 260 586 sequens,
291 531 465 572 tertium
498 530 552 572 ab
585 544 681 572 aere
713 544 846 584 usque
878 529 931 571 ad
962 529 1120 585 ignem.
1172 531 1216 571 et
1246 544 1272 570 a
1296 531 1411 571 terra
1425 530 1480 574 37

66 589 236 644 quidem
290 603 425 644 usque
482 588 535 631 ad
586 603 741 655 aquam
794 587 986 644 spatium
1034 587 1075 630 N
1083 587 1336 630 ecessltas
1387 587 1413 630 a

64 647 254 702 physicis
281 647 450 702 dicitur,
475 648 574 703 quia
599 647 762 689 uincire
789 650 833 689 et
858 646 1044 689 solidare
1070 647 1270 701 creditur,
1298 647 1412 702 quod

7 720 48 758 ,10
67 708 133 749 est
161 706 207 748 in
239 706 491 760 corporibus
522 707 818 762 lutulentum,
833 705 945 747 unde
977 704 1233 747 Homericus
1259 719 1412 748 censor

65 779 161 807 cum
179 764 352 807 Graecis
373 765 665 820 inprecaretur
683 778 773 806 uos
795 778 967 817 omnes
988 763 1130 820 inquit
1148 763 1199 805 in
1218 766 1410 806 terram

65 826 114 865 et
149 825 331 878 aquam
366 823 725 877 resoluamini,
761 822 807 864 in
843 822 887 864 id
919 822 1082 877 dicens,
1121 822 1234 878 quod
1267 825 1334 865 est
1365 823 1410 864 in

6 881 15 889 '
62 883 219 924 natura
249 882 440 924 humana
469 881 704 936 turbidum,
736 895 819 936 quo
844 881 962 923 facta
987 882 1053 924 est
1077 881 1245 923 homini
1269 882 1411 936 prima

64 941 290 983 concretio.
329 940 457 983 illud
487 955 592 984 uero
626 940 739 995 quod
771 943 838 982 est
868 940 980 982 inter
1011 955 1168 995 aquam
1201 942 1244 982 et
1269 942 1481 984 aerem38

0 1013 46 1058 2²⁵
64 998 344 1042 Harmonia
387 999 561 1053 dicitur,
604 999 649 1041 id
693 1001 759 1041 est
803 1001 905 1054 apta
948 1001 991 1041 et
1031 1013 1274 1041 consonans
1313 1013 1410 1042 con-

0 1082 4 1087 >
64 1053 298 1113 uenientia,
341 1058 440 1114 quia
482 1058 564 1101 hoc
605 1059 794 1113 spatium
832 1060 915 1114 est,
960 1058 1074 1113 quod
1115 1058 1409 1113 superioribus

63 1116 267 1160 inferiora
310 1117 512 1160 conciliat
557 1119 599 1159 et
634 1116 740 1170 facit
776 1116 952 1159 dissona
989 1117 1238 1159 conuenire.
1295 1117 1410 1160 inter
1424 1118 1480 1160 39

64 1190 208 1218 aerem
240 1190 342 1219 uero
371 1178 415 1218 et
437 1176 583 1232 ignem
610 1174 952 1220 Oboedientia
978 1175 1145 1231 dicitur,
1171 1176 1272 1232 quia
1298 1177 1410 1219 sicut

0 1253 2 1255 >
62 1234 280 1277 lutulenta
312 1237 354 1276 et
386 1235 537 1290 g'rauia
563 1235 852 1290 superioribus
877 1235 1132 1278 necessitate
1158 1235 1410 1291 iunguntur,

6 1293 127 1347 mita
170 1294 392 1349 superiora
435 1293 661 1335 lutulentis
707 1293 981 1336 oboedientia
1018 1294 1276 1349 copulantur
1311 1295 1409 1336 har-

31 1342 210 1395 ffionia
240 1352 382 1394 media
414 1352 756 1395 coniunctionem
789 1353 1013 1407 utriusque
1042 1355 1302 1408 praestante.
1359 1367 1408 1396 ex
1422 1354 1482 1396 40

0 1386 56 1475 N
64 1413 271 1466 quattuor
307 1411 442 1466 igitur
480 1403 702 1453 elementis
738 1413 781 1458 et
811 1411 951 1453 tribus
984 1425 1131 1454 eorum
1162 1411 1422 1454 interstitiis

2 1511 8 1516 ,
63 1470 380 1537 absolthem
406 1484 632 1525 corporum
660 1473 857 1515 constare
883 1470 1162 1512 manifestum
1182 1472 1258 1513 est.
1306 1484 1409 1526 ergo

6 1528 17 1546 “·“
63 1527 109 1570 hi
141 1528 223 1571 duo
254 1529 440 1584 numeri,
476 1530 564 1571 tria
596 1529 689 1572 dico
723 1531 765 1571 et
797 1531 1020 1585 quattuor,
1056 1531 1146 1571 tam
1178 1529 1410 1583 multiplici
1454 1554 1458 1558 ·

7 1601 46 1635 με
63 1589 175 1630 inter
200 1601 245 1629 se
272 1562 543 1644 cognationis
568 1586 825 1630 necessitate
852 1588 1004 1631 sociati
1030 1587 1263 1630 efficiendis
1283 1588 1435 1630 utris„

63 1660 145 1701 que
176 1647 429 1701 corporibus
462 1660 674 1689 consensu
705 1646 895 1688 ministri
925 1646 1110 1689 foederis
1137 1647 1408 1689 obsecuntur.
1443 1650 1457 1665 “’

62 1718 142 1747 nec
174 1705 313 1747 solum
346 1705 610 1760 explicandis
641 1705 892 1760 corporibus
917 1706 968 1749 ⁴hi
1001 1706 1084 1748 duo
1116 1706 1282 1748 numeri
1312 1708 1479 1749 con-41.

63 1763 246 1806 latinum
277 1767 503 1819 praestant
532 1764 752 1820 fauorem‚·
777 1764 849 1807 sed
882 1764 1204 1820 quaternarium
1237 1765 1408 1820 quidem

158 1941 179 1972 2
205 1941 290 1973 ante
312 1938 498 1982 punctum·
517 1938 603 1974 aad.
629 1938 714 1973 funt
737 1938 774 1973 B
875 1943 896 1974 3
922 1938 996 1975 1ta1'
1015 1939 1057 1974 in
1081 1937 1251 1974 sohthtas
1270 1939 1312 1974 in
1336 1949 1410 1975 ras.

62 1984 105 2019 in
127 1984 164 2019 Β
237 1995 322 2020 cum
346 1995 413 2020 om.
438 1982 485 2020 B'
560 1989 583 2020 4
609 1985 752 2022 constat
776 1985 822 2021 P'
899 1989 919 2020 9
945 1985 1059 2021 filicis
1077 1986 1150 2020 B
1188 1989 1232 2022 10
1251 1985 1410 2022 homen-

0 2038 20 2077 ᾖ
63 2042 148 2066 cum
177 2032 221 2067 ni
249 2032 362 2076 fallor
393 2029 439 2068 B'
555 2032 630 2068 scil.
666 2033 859 2070 Menelaus
882 2034 932 2069 Il.
966 2033 1055 2068 VII
1075 2037 1124 2069 99
1148 2033 1196 2077 cf.
1221 2034 1412 2070 Bentleius

0 2087 2 2126 g
63 2070 547 2125 <Mus.Rhen.1ss,325)
622 2083 664 2115 13
691 2080 792 2125 quod
816 2081 918 2116 facta
936 2081 1008 2116 PB
1083 2083 1126 2115 15
1147 2091 1316 2116 armoma
1338 2081 1413 2117 PB

0 2127 2 2134 '
65 2127 110 2160 16
134 2125 235 2170 quod
260 2136 326 2162 om
353 2126 390 2161 B
480 2129 524 2162 18
539 2126 766 2175 ·obed1ent1a
792 2127 839 2173 P,
864 2127 1079 2163 obed1ent1a
1103 2128 1139 2163 Β
1228 2131 1274 2162 20
1300 2129 1410 2164 oboe-

64 2171 206 2211 dientia
233 2172 289 2207 P:
314 2173 535 2209 obed1ent1a.
551 2174 589 2209 B
715 2178 884 2211 armo'ma
911 2175 985 2211 PB
1119 2177 1161 2209 21
1189 2174 1304 2220 utrisq
1305 2186 1351 2211 ue
1379 2176 1416 2210 P

64 2221 109 2253 22
131 2222 167 2255 et
191 2222 239 2254 24
264 2221 424 2264 quatuor
449 2220 487 2255 P
583 2225 627 2257 23
647 2221 785 2258 cstrare
811 2222 848 2258 B
943 2226 989 2258 26
1015 2221 1157 2277 federis
1175 2222 1211 2256 B
1280 2187 1410 2258 qobse-

63 2266 227 2309 quantur
251 2266 289 2302 P
371 2270 416 2303 27
442 2267 674 2314 exphcandff
694 2289 738 2295 —
765 2272 810 2307 28
837 2270 1116 2318 quaternanum
1141 2269 1184 2305 in
1207 2280 1280 2306 ras.
1307 2270 1348 2304 icn
1374 2270 1412 2303 Β

43 2314 110 2346 -27
135 2312 317 2350 collat-iusi
341 2313 378 2349 Β
