1526 2444
133 128 188 170 70
643 129 743 165 SAT.
768 128 897 163 LIBRI
920 129 936 163 Ι

130 235 385 277 consulem
418 235 520 277 dicit
552 235 610 277 ab
646 236 768 277 urbe
805 235 1009 277 condita
1045 249 1172 276 anno
1207 234 1454 290 quingen·

129 293 310 335 tesimo
355 293 670 348 sexagesimo
714 294 948 346 secundo,
990 293 1119 334 inito
1163 307 1275 333 mox
1317 293 1452 334 bello
1508 313 1513 338 ς

88 364 91 366 ’
130 351 379 392 Aetolico.
446 350 519 391 sed
561 351 641 392 hoc
678 352 821 405 arguit
857 351 1021 392 VARRO
1059 350 1279 391 scribendo
1323 350 1453 391 anti·
1503 361 1506 395 s

132 409 427 463 quissimam
470 409 630 462 legem
672 409 830 450 fuisse
873 409 1084 450 incisam
1126 408 1176 449 in
1219 408 1454 449 columna
1506 427 1526 448 a

132 480 276 508 aerea
319 481 344 507 a
383 466 428 508 L.
467 465 673 508 Pinario
724 469 772 507 et
813 466 964 507 Furio
1013 465 1330 519 consulibus,
1378 466 1524 513 cuis&

133 524 320 565 mensis
356 523 689 565 intercalaris
727 524 1050 565 adscribitur.
1109 523 1213 564 haec
1246 523 1296 563 de
1327 523 1455 563 inter·

133 582 300 623 calandi
330 581 540 635 principio
573 582 676 623 satis
708 582 843 623 relata
875 583 984 622 sunt.
1501 618 1509 625 ⁷.

62 639 190 682 XIIII
248 639 408 680 Verum
438 640 521 681 fuit
551 642 731 693 tempus,
763 654 857 680 cum
887 641 1063 693 propter
1094 637 1438 692 superstitionem
1511 642 1519 673 ἰ

131 698 396 739 intercalatio
441 697 577 738 omnis
621 698 779 738 omissa
821 700 904 750 est,
952 711 1039 738 non
1082 710 1311 750 numquam
1354 709 1455 736 uero
1502 692 1519 738 f

131 770 205 810 per
241 756 420 810 gratiam
462 755 744 807 sacerdotum,
787 756 859 809 qui
895 754 1131 808 publicanis
1169 753 1349 807 proferri
1387 753 1455 794 uel
1473 751 1520 806 ιτῇ»

131 814 324 855 imminui
367 814 560 854 consulto
603 814 700 854 anni
746 813 834 854 dies
878 813 1099 866 uolebant,
1147 810 1271 852 modo
1316 811 1455 851 auctio
1497 807 1524 858 434⁷

132 871 256 913 modo
287 871 487 912 retractio
519 871 682 912 dierum
712 870 1002 925 proueniebat,
1034 872 1076 910 et
1107 869 1184 910 sub
1217 869 1355 922 specie
1384 868 1456 909 ob·
1479 875 1483 877 ”
1503 908 1506 910 ,

91 929 386 971 2seruationis
418 929 662 983 emergebat
692 929 827 970 maior
857 927 1116 969 confusionis
1149 927 1325 968 occasio.
1384 924 1456 967 sed
1507 926 1518 968 ἦ

132 989 282 1041 postea
320 986 364 1028 O.
402 985 587 1028 Caesar
630 1000 796 1027 omnem
838 986 949 1027 hanc
983 984 1315 1027 inconstantiam
1352 986 1456 1024 tem·
1505 1023 1509 1034 ξ

132 1060 282 1100 porum
320 1058 475 1099 uagam
517 1044 652 1085 adhuc
689 1047 731 1085 et
768 1044 973 1085 incertam
1010 1044 1053 1084 in
1091 1042 1281 1083 ordinem
1320 1043 1456 1082 statae

87 1139 90 1143 .
134 1103 390 1144 definitionis
428 1103 587 1157 coegit,
623 1102 838 1143 adnitente
877 1102 958 1143 sibi
994 1100 1049 1142 M.
1086 1100 1265 1141 Flauio
1305 1099 1457 1153 scriba,
1505 1146 1507 1150 ‚

135 1161 206 1215 qui
250 1161 431 1214 scriptos
469 1160 556 1201 dies
595 1159 786 1214 singulos
822 1161 885 1200 ita
924 1159 976 1200 ad
1015 1158 1263 1199 dictatorem
1299 1156 1456 1207 retulit,
1500 1159 1524 1204 J

134 1222 184 1260 ut
214 1221 257 1260 et
287 1219 389 1260 ordo
422 1232 567 1259 eorum
592 1217 775 1258 inueniri
800 1217 1001 1259 facillime
1026 1217 1182 1270 posset,
1214 1217 1256 1255 et
1281 1215 1456 1255 inuento
1497 1239 1503 1262 3

95 1278 274 1319 3certus
313 1279 449 1318 status
487 1278 783 1327 perseueraret.
844 1288 944 1328 ergo
977 1272 1023 1315 C.
1059 1272 1216 1315 Caesar
1241 1271 1458 1313 exordium
1502 1291 1504 1295 ’

138 1348 275 1376 nouae
301 1333 582 1376 ordinationis
606 1333 790 1374 initurus
817 1332 903 1373 dies
927 1346 1086 1383 omnes,
1110 1331 1183 1385 qui
1207 1330 1342 1371 adhuc
1362 1343 1458 1370 con·

137 1393 348 1434 fusionem
373 1394 572 1445 poterant
596 1391 745 1444 facere,
776 1391 1050 1443 consumpsit,
1077 1403 1207 1442 eaque
1232 1402 1277 1428 re
1301 1387 1460 1428 factum
1500 1391 1502 1394 ’

139 1453 222 1504 est,
264 1452 312 1491 ut
355 1464 489 1491 annus
533 1448 791 1490 confusionis
833 1448 1010 1488 ultimus
1047 1447 1093 1488 in
1129 1445 1459 1500 quadringentos
1491 1442 1517 1497 ,·

140 1507 424 1562 quadraginta
448 1511 534 1548 tres
560 1507 648 1547 dies
674 1506 1006 1560 protenderetur.
1048 1504 1245 1559 posthoc
1269 1504 1460 1544 imitatus
1494 1505 1505 1558 ζ

140 1566 393 1621 Aegyptios,
437 1565 550 1607 solos
594 1564 832 1605 diuinarum
871 1577 1011 1604 rerum
1049 1562 1235 1604 omnium
1271 1560 1460 1611 conscios
1492 1559 1506 1586 ἶ·

139 1626 192 1666 ad
222 1638 445 1666 numerum
477 1623 590 1676 solis,
622 1623 693 1676 qui
723 1622 870 1662 diebus
895 1621 1065 1662 tricenis
1092 1619 1315 1672 sexaginta
1340 1618 1460 1672 quin·

140 1697 220 1738 que
247 1685 290 1723 et
314 1681 546 1736 quadrante
571 1694 738 1721 cursum
764 1679 944 1732 conficit,
976 1692 1132 1719 annum
1157 1676 1337 1731 dirigere
1364 1689 1460 1717 con-

99 1740 290 1782 4tendit.
337 1753 437 1779 nam
469 1738 576 1780 sicut
605 1738 764 1778 lunaris
793 1751 926 1777 annus
950 1735 1107 1776 mensis
1134 1737 1208 1787 est,
1239 1734 1336 1788 quia
1360 1733 1462 1774 luna
1496 1747 1519 1780 ·,

140 1799 266 1853 paulo
309 1797 449 1838 minus
491 1809 615 1849 quam
660 1809 847 1836 mensem
889 1795 934 1835 in
977 1792 1137 1834 zodiaci
1174 1791 1462 1833 circumitione
1494 1798 1502 1841 j

142 1855 364 1908 consumit,
398 1855 458 1895 ita
483 1854 584 1895 solis
611 1867 744 1894 annus
770 1853 851 1894 hoc
877 1852 1037 1893 dierum
1062 1865 1237 1892 numero
1264 1849 1463 1903 colligen-
1494 1847 1507 1896 s'

237 1962 257 1991 3
278 1960 445 1992 aetomco
464 1955 524 1990 sed
543 1955 640 1989 hunc
659 1955 696 1989 P
763 1958 784 1988 4
803 1965 841 1988 m
859 1964 881 1989 2⁴<
901 1955 937 1989 P
1005 1953 1135 1987 51u010
1155 1952 1234 1987 BP
1309 1961 1463 1995 ponano
1496 1978 1498 1984 ,

142 2003 193 2040 Β’
272 2004 372 2038 fumo
401 2003 436 2037 P
512 2006 533 2036 6
558 2000 692 2036 mensis
717 2001 894 2036 Zeum'us:
917 2001 1055 2035 mentm
1080 1999 1160 2034 BP
1233 1995 1468 2032 mter-kalarzs

142 2052 179 2086 P
245 2048 493 2084 1nterkaland1
526 2048 560 2082 P
632 2052 650 2082 7
677 2046 747 2081 smt
771 2047 808 2081 P
875 2051 895 2081 9
920 2045 1160 2081 mterkalatlo
1184 2045 1221 2078 P
1265 2043 1393 2078 amss'sa
1415 2041 1461 2078 B'
1479 2075 1482 2077 ,

145 2101 188 2132 10
212 2095 431 2142 pubhcanus
450 2094 495 2129 B'
599 2097 640 2128 11
666 2093 775 2127 modo
800 2094 922 2128 auctio
948 2104 1014 2127 om.
1039 2091 1084 2127 B'
1190 2094 1234 2124 14
1259 2090 1365 2134 galus
1385 2089 1466 2124 BP
1483 2102 1488 2117 r1

145 2148 188 2179 16
213 2153 336 2178 marco
361 2141 441 2176 BP
532 2143 575 2175 18
599 2140 808 2174 f*acllllme
833 2140 889 2183 (ut
911 2140 987 2174 uid.
1012 2138 1040 2182 1)
1066 2139 1101 2172 Β
1195 2141 1238 2171 19
1263 2135 1370 2180 galus
1389 2135 1468 2171 BP

144 2194 188 2225 22
214 2188 327 2224 annos
348 2186 575 2223 confufiones
593 2191 635 2221 ut
657 2187 732 2220 uid.
758 2183 803 2220 B'
900 2183 1164 2230 quadragmtos
1185 2183 1222 2218 P
1314 2186 1357 2217 23
1383 2180 1471 2217 dees
1481 2181 1485 2191 ¹

144 2235 192 2271 P'
253 2235 531 2280 protenderetur
548 2234 627 2278 (ult.
648 2242 667 2266 e
686 2233 727 2266 in
744 2233 832 2277 ras.)
851 2232 887 2267 P
953 2230 1107 2266 mltatus
1121 2227 1166 2264 B'
1244 2233 1289 2263 24
1309 2226 1488 2275 egiptiofs

145 2284 182 2318 P
263 2286 307 2317 25
332 2280 484 2325 smguhs
497 2283 580 2325 post
604 2278 733 2313 diebus
752 2280 834 2313 add.
863 2279 900 2312 P
988 2276 1146 2312 trecemr
1165 2276 1208 2319 P,
1233 2274 1410 2311 trecentls
1429 2273 1482 2309 B

145 2333 189 2364 27
216 2338 314 2372 qui*
339 2329 426 2372 (fuit
451 2328 486 2371 a)
512 2327 558 2370 Β,
586 2336 608 2359 a
630 2326 719 2360 luna
743 2324 826 2360 add.
855 2326 874 2360 b
947 2328 992 2359 29
1016 2323 1085 2358 hoc
1111 2324 1142 2367 b,
1166 2321 1226 2356 his
1245 2322 1282 2356 B
1475 2335 1485 2347 =·:
