1526 2444
183 69 268 110 622
480 70 628 106 COMM.
652 71 704 107 IN
729 70 869 108 SOMN.
897 72 1006 108 SCIP.
1033 73 1159 110 LIBRI
1178 74 1213 108 II

182 176 277 218 loco
315 176 367 218 ad
415 176 592 217 eundem
636 177 774 219 locum
818 179 879 220 ita
921 180 1201 222 remeauerint
1242 183 1290 222 ut
1330 195 1383 222 ne
1421 196 1506 224 una

183 233 353 288 quidem
389 234 494 275 caeli
533 234 655 275 stella
699 235 743 276 in
779 236 862 277 alio
905 237 999 279 loco
1043 238 1118 292 sit,
1160 252 1285 292 quam
1335 238 1381 280 in
1423 253 1504 293 quo

181 291 275 346 fuit,
307 305 401 332 oum
428 305 574 332 omnes
603 291 709 333 aliae
741 307 791 334 ex
822 307 870 335 eo
895 294 988 337 loeo
1013 297 1153 336 motae
1179 298 1278 337 sunt
1303 297 1355 337 ad
1381 311 1504 351 quem

181 363 375 390 reuersae
395 363 504 390 anno
532 363 607 390 suo
627 349 754 391 finem
775 350 990 403 dederunt,
1014 352 1075 394 ita
1094 355 1142 394 ut
1159 354 1318 394 lumina
1339 368 1504 408 quoque

183 420 278 448 cum
310 407 499 448 erraticis
531 407 714 462 quinque
744 409 787 449 in
812 409 946 450 isdem
977 410 1080 451 locis
1111 413 1153 452 et
1182 412 1375 465 partibus
1407 413 1504 466 sint,

115 465 227 507 llin
277 465 428 519 quibus
476 465 704 518 incipiente
753 467 966 509 mundano
1017 482 1125 509 anno
1173 468 1354 510 fuerunt.
1424 469 1504 512 hoc

183 525 344 575 autem,
380 525 428 563 ut
469 522 635 576 physici
671 523 838 578 uolunt,
879 527 977 578 posi:
1019 539 1223 567 annorum
1267 527 1504 580 quindecim

182 581 300 622 milia
353 583 524 634 peraoba
578 581 798 636 confingit.
878 596 978 638 ergo
1029 583 1139 625 siout
1195 598 1329 625 annus
1378 585 1503 626 lunae

182 638 339 680 mensis
372 641 455 691 est,
496 641 538 679 et
570 652 702 680 annus
734 639 836 680 solis
869 640 1085 682 duodecim
1116 655 1299 695 menses,
1330 645 1372 693 et
1402 642 1502 684 alia-

181 711 276 738 rum
314 696 534 738 stellarum
572 696 617 736 hi
656 699 755 738 sunt
791 698 908 748 anni,
946 712 1049 751 quos
1087 713 1214 753 supra
1249 700 1526 754 rettulimus‚1

185 756 246 796 ita
276 754 534 795 mundanum
565 767 722 795 annum
753 756 987 808 quindecim
1012 756 1132 798 milia
1157 771 1374 811 annorum,
1404 772 1502 811 qua-

122 814 246 856 12les
271 827 381 854 nuno
406 813 709 866 computamus,
739 812 937 855 efficium.
986 814 1057 855 ille
1088 828 1188 868 ergo
1214 829 1328 856 uere
1366 829 1500 856 annus

180 874 384 912 uertens
414 869 627 911 uocandus
660 873 741 924 est,
772 885 894 925 quem
933 886 1020 913 non
1053 873 1171 926 solis,
1202 873 1244 913 id
1281 876 1346 914 esi]
1377 873 1500 914 unius

170 929 303 983 astri,
338 928 477 968 reditu
520 927 736 981 metimur,
775 929 846 970 sed
883 943 1006 983 quem
1044 930 1261 971 stellarum
1299 931 1501 985 omnium,

142 977 287 1040 ''quae
336 986 380 1026 in
428 998 690 1039 quocumque
733 986 848 1027 caelo
890 989 1006 1040 sunt,
1050 987 1102 1028 ad
1144 988 1320 1028 eundem
1360 988 1526 1029 locum]

179 1044 339 1085 reditus
365 1043 442 1084 sub
474 1042 642 1083 eadem
674 1043 804 1084 caeli
836 1045 996 1085 totius
1029 1045 1373 1099 desnnpfione
1404 1059 1500 1087 con-

180 1102 323 1155 cludit,
347 1100 457 1142 unde
482 1102 525 1141 ei:
548 1101 783 1142 mundanus
809 1101 972 1155 dicitur,
1002 1102 1100 1156 quia
1126 1103 1304 1144 mundus
1329 1103 1499 1156 proprie

113 1160 166 1202 13
180 1160 342 1201 caelum
373 1160 559 1200 uocatur.
618 1158 750 1212 igitur
788 1159 896 1200 siout
927 1174 1083 1201 annum
1115 1161 1215 1202 solis
1245 1175 1332 1201 non
1363 1160 1500 1202 solum

180 1231 206 1258 a
236 1216 438 1258 Kalendis
475 1215 683 1257 Ianuariis
719 1231 852 1271 usque
892 1217 943 1258 ad
975 1218 1141 1259 easdem
1172 1232 1389 1271 uoeamus,
1427 1218 1498 1259 sed

180 1277 223 1316 et
259 1289 284 1316 a
321 1276 520 1328 sequente
557 1277 654 1328 post
690 1274 904 1316 Kalendas
943 1275 1008 1316 die
1051 1290 1182 1329 usque
1225 1276 1277 1317 ad
1320 1275 1526 1318 eundem!

180 1332 289 1374 diem
322 1335 364 1373 et
396 1347 420 1373 a
458 1345 719 1385 quocumque
751 1333 974 1374 cuiuslibet
1004 1334 1159 1375 mensis
1197 1333 1263 1374 die
1293 1347 1426 1387 usque
1455 1334 1499 1375 in

182 1390 292 1432 diem
325 1389 502 1431 eundem
533 1389 689 1431 reditus
727 1405 862 1431 annus
894 1394 1086 1444 uocatur,
1122 1392 1184 1432 ilza
1220 1391 1343 1433 huius
1381 1405 1524 1435 mun-,

179 1448 278 1490 dani
309 1448 408 1489 anni
437 1448 605 1488 initium
638 1447 720 1488 sibi
751 1449 926 1503 quisque
956 1449 1077 1502 faoiss,
1108 1449 1399 1503 quodcumque
1431 1449 1498 1491 de-

179 1506 369 1559 creuerit,
399 1507 447 1546 ub
478 1519 572 1547 ecce
602 1519 713 1547 nuno
745 1505 890 1548 Cicero
923 1521 947 1548 a
978 1506 1142 1548 defectu
1174 1507 1286 1561 solis,
1317 1507 1388 1561 qui
1419 1507 1496 1548 sub

177 1563 352 1606 Romuli
387 1563 468 1604 fine
505 1563 700 1618 contigib,
739 1564 940 1606 mundani
977 1565 1077 1606 anni
1118 1564 1371 1618 principium
1415 1564 1526 1606 sibi:

113 1622 165 1663 14
178 1622 268 1676 ipse
293 1621 528 1664 consti'nuit.
571 1623 613 1662 et
638 1621 740 1663 licet
758 1622 843 1664 iam
869 1623 1113 1676 saepissime
1134 1625 1285 1676 postea
1310 1621 1495 1664 defectus
1515 1630 1518 1635 '

179 1679 280 1721 solis
319 1679 524 1732 eueneri’c,
561 1693 645 1720 non
683 1679 837 1721 dicitur
873 1683 1016 1721 tamen
1047 1680 1302 1721 mundanum
1340 1694 1496 1721 annum

177 1738 356 1791 repetita
393 1737 573 1779 defectio
611 1737 712 1778 solis
748 1738 963 1791 implesse,
1001 1737 1072 1779 sed
1103 1740 1203 1778 tune
1240 1738 1526 1793 implebitur„

177 1809 271 1836 oum
311 1795 375 1836 sol
407 1794 605 1836 deficiens
642 1795 684 1836 in
722 1795 855 1837 isdem
885 1796 989 1837 locis
1025 1798 1068 1836 et
1103 1795 1294 1849 partibus
1332 1797 1374 1836 et
1403 1795 1495 1849 ipse

177 1853 273 1906 erit,
316 1855 358 1893 et
394 1866 539 1894 omnes
576 1853 681 1894 caeli
723 1854 866 1895 stellas
909 1853 1134 1907 omniaque
1174 1852 1311 1894 sidera
1351 1863 1526 1894 rursust

176 1910 378 1964 inueniet,
406 1911 451 1951 in
482 1910 631 1964 quibus
662 1910 848 1964 fuerant,
879 1925 974 1953 oum
1006 1910 1084 1952 sub
1114 1910 1284 1952 Romuli
1313 1910 1397 1952 fine
1428 1910 1493 1952 de-

109 1967 162 2010 15
175 1968 330 2008 ficereb.
390 1968 521 2022 igitur
553 1982 577 2009 a
602 1968 787 2010 discessu
812 1969 982 2010 Romuli
1012 1970 1111 2022 post
1136 1982 1343 2009 annorum
1373 1968 1492 2022 quin-

268 2086 288 2116 2
314 2081 384 2115 I'mb
407 2082 444 2116 B
527 2083 547 2114 5
572 2080 710 2116 h1rdem
736 2081 805 2116 PB
887 2085 906 2117 7
932 2081 1062 2126 phisici
1085 2081 1154 2116 PB
1233 2085 1254 2116 8
1280 2081 1435 2125 conligit
1458 2081 1496 2115 P

176 2130 220 2162 10
243 2126 437 2162 retuhmuf
455 2126 492 2162 Β
610 2130 654 2162 14
683 2127 778 2162 astra
803 2124 862 2171 P‘,
893 2126 1003 2162 ausen
1032 2127 1068 2162 Β
1188 2130 1231 2162 14
1261 2130 1292 2163 et
1323 2129 1366 2161 19
1390 2130 1423 2162 et
1447 2129 1491 2161 28

175 2173 227 2209 set
250 2174 287 2209 Β
354 2169 360 2174 ’
395 2175 436 2207 15
463 2183 556 2218 quae
580 2183 645 2209 om.
671 2174 707 2209 B
814 2184 968 2217 quocuq.
994 2174 1030 2208 B
1133 2176 1174 2208 16
1200 2173 1412 2208 desei-itione
1440 2171 1489 2207 P'
1513 2182 1526 2216 g

176 2223 218 2255 18
243 2219 339 2254 solus
358 2219 407 2254 P'
503 2223 547 2254 26
571 2219 734 2267 sepifime
759 2218 806 2254 P'
897 2223 940 2255 27
959 2219 1196 2255 mumdanum
1219 2217 1266 2254 P'
1357 2222 1401 2254 28
1424 2231 1492 2254 im·
1515 2219 1526 2253 ’ἶ

174 2265 287 2311 plesse
311 2266 348 2301 Β
418 2265 631 2311 lmplebitur
654 2266 690 2300 Β
761 2269 804 2301 29
829 2266 928 2303 idem
952 2263 1013 2310 P',
1038 2265 1177 2301 hisdem
1201 2266 1238 2301 Β
