1526 2444
155 54 241 94 114
677 54 773 93 SAT.
798 56 925 92 LIBRI
950 58 966 92 Ι
1483 0 1526 183 ἶ

120 160 143 201 7
162 160 318 202 meruit
353 174 507 202 nomen
545 160 612 202 dei
649 161 852 204 uirtutem
891 164 1091 218 regentis.
1158 166 1344 206 ceterum
1381 165 1520 218 deus-1²

158 218 363 260 Hercules
412 218 611 272 religiose
659 221 828 273 quidem
878 224 920 262 et
969 222 1079 276 apud
1128 221 1271 276 Tyron
1321 223 1482 279 colitur,
1500 185 1526 273 Ξ

156 290 306 317 uerum
357 276 644 318 sacratissima
693 280 735 320 et
784 279 1088 334 augustissima
1136 279 1339 335 Aegyptii
1388 295 1482 323 eum
1508 275 1526 350 ’ᾗ

155 334 363 389 religione
394 336 668 389 uenerantur,
705 336 900 391 ultraque
932 337 1198 392 memoriam,
1235 353 1341 392 quae
1373 338 1526 393 apud

157 392 255 433 illos
292 397 404 433 retro
442 392 694 447 longissima
730 397 812 448 est,
849 397 897 436 ut
929 398 1143 437 carentem
1174 396 1295 437 initio
1328 397 1511 446 coluntsp

118 450 249 503 8ipse
282 450 465 491 creditur
496 453 538 492 et
569 449 774 505 Gigantas
805 452 1081 507 interemisse,
1113 468 1210 495 cum
1241 454 1359 496 caelo
1389 469 1482 508 pro·

156 511 369 563 pugnaret
409 509 529 562 quasi
566 509 702 551 uirtus
734 510 918 552 deorum.
974 510 1182 566 Gigantas
1213 514 1354 553 autem
1385 512 1482 566 quid
1510 531 1515 562 ¹.

157 566 271 607 aliud
302 565 433 607 fuisse
465 566 713 609 credendum
746 571 827 623 est,
863 582 990 622 quam
1020 569 1241 611 hominum
1273 571 1482 624 quandam

156 623 333 677 impiam
371 626 542 679 gentem
579 624 679 667 deos
722 629 951 681 negantem
994 629 1037 668 et
1078 627 1172 669 ideo
1216 628 1514 684 aestimatam(

117 681 260 724 9deos
293 682 448 735 pellere
479 683 528 724 de
560 683 734 724 caelesti
766 683 862 725 sede
895 685 1107 726 uoluisse?
1167 686 1318 727 horum
1355 686 1506 740 pedes

157 740 200 780 in
245 740 476 782 draconum
520 741 738 783 uolumina
786 742 1056 797 desinebant,
1105 744 1215 797 quod
1259 744 1484 799 significat,
1502 739 1526 782 ¹

156 797 263 838 nihil
294 812 365 839 eos
397 800 560 840 rectum
590 799 698 840 nihil
731 813 928 854 superum
959 802 1181 855 cogitasse,
1211 803 1342 843 totius
1368 802 1482 844 uitae
1515 824 1523 850 ,3

158 869 302 896 eorum
335 869 484 910 gressu
517 859 643 910 atque
668 871 870 911 processu
895 859 941 899 in
965 858 1129 900 inferna
1154 862 1379 914 mergente.
1430 861 1481 902 ab

157 913 239 955 hac
255 916 393 967 ,gente
419 914 484 956 sol
509 928 666 969 poenas
693 915 856 958 debitas
880 917 925 957 ui
949 916 1140 971 pestiferi
1160 918 1311 959 caloris
1332 918 1482 972 exegit.
1505 915 1524 962 T?

88 972 146 1012 10
159 973 202 1011 et
231 985 276 1012 re
306 985 409 1013 uera
433 971 660 1014 Herculem
692 974 824 1015 solem
856 988 948 1016 esse
977 975 1047 1016 uel
1073 989 1122 1016 ex
1146 976 1316 1016 nomine
1342 976 1480 1018 claret.
1504 975 1512 1020 j

152 1028 368 1082 Ἡρακλῆς
405 1029 517 1071 enim
555 1030 654 1085 quid
693 1032 806 1073 aliud
840 1034 905 1073 est
934 1033 1018 1074 nisi
1036 1031 1177 1088 ’Ήρας
1206 1033 1247 1074 id
1279 1035 1343 1075 est
1375 1034 1483 1076 aeris
1508 1031 1521 1088 ’ᾗ

157 1085 308 1136 κλέοςῗ
375 1102 482 1142 quae
523 1102 652 1143 porro
695 1090 779 1130 alia
822 1090 933 1131 aeris
977 1091 1113 1145 gloria
1156 1093 1221 1133 est
1259 1092 1343 1132 nisi
1380 1092 1518 1134 solis

156 1145 438 1200 inluminatio,
470 1146 588 1187 cuius
621 1160 790 1189 recessu
820 1148 1112 1202 profunditate
1139 1149 1345 1190 occulitur
1368 1151 1503 1195 tene-⁷

90 1203 360 1244 librarum?
426 1206 647 1257 praeterea
690 1219 906 1247 sacrorum
945 1206 1333 1248 administrationes
1372 1207 1483 1261 apud
1500 1211 1501 1215 ’

157 1259 393 1315 Aegyptios
437 1262 666 1316 multiplici
715 1265 810 1304 actu
852 1264 1132 1318 multiplicem
1175 1265 1241 1306 dei
1283 1264 1503 1307 adserunt

156 1320 429 1372 potestatem,
466 1320 757 1375 significantes
789 1321 1016 1364 Herculem
1052 1323 1166 1364 hunc
1203 1337 1294 1364 esse
1327 1324 1404 1365 τὸν
1435 1322 1508 1366 ἐν

90 1377 144 1417 12
157 1381 263 1417 πᾶσι
294 1375 365 1417 καὶ
399 1377 472 1418 διὰ
507 1377 681 1420 πάντων
718 1379 856 1432 ἥλιον.
916 1394 966 1421 ex
997 1395 1040 1421 re
1072 1394 1236 1434 quoque
1269 1381 1372 1422 alibi
1401 1383 1482 1423 ter·
1505 1379 1515 1421 ζ

157 1448 299 1475 rarum
344 1437 465 1488 gesta
503 1439 799 1490 argumentum
841 1451 927 1478 non
969 1438 1053 1480 uile
1091 1438 1317 1494 colligitur.
1383 1453 1501 1481 nam=

157 1491 328 1533 Theron
359 1507 432 1534 rex
455 1492 688 1547 Hispaniae
720 1495 927 1537 citerioris
959 1509 1053 1537 cum
1081 1496 1133 1537 ad
1159 1495 1509 1554 expugnandum

157 1548 354 1591 Herculis
384 1552 591 1605 templum
624 1555 819 1607 ageretur
848 1553 1000 1607 furore,
1033 1553 1266 1595 instructus
1298 1555 1480 1597 exercitu

156 1607 341 1659 nauium,
360 1606 563 1650 Gaditani
587 1624 636 1651 ex
662 1610 839 1652 aduerso
864 1613 1070 1652 uenerunt
1094 1612 1283 1665 prouecti
1300 1613 1480 1655 nauibus
1501 1639 1505 1655 ι

156 1666 316 1720 longis,
353 1667 661 1722 commissoque
691 1668 854 1722 proelio
887 1669 1022 1710 adhuc
1054 1683 1186 1723 aequo
1218 1669 1354 1712 Marte
1386 1669 1505 1712 con-²

158 1723 333 1764 sistente
375 1737 520 1778 pugna
563 1725 703 1767 subito
746 1726 791 1767 in
832 1726 980 1782 fugam
1016 1741 1162 1768 uersae
1200 1730 1300 1769 sunt
1339 1729 1480 1783 regiae
1498 1736 1500 1754 ³

155 1794 287 1822 naues
331 1781 541 1836 simulque
584 1783 801 1838 inprouiso
844 1785 943 1839 igne
987 1787 1205 1840 correptae
1249 1786 1509 1842 conflagrat-0,

155 1841 320 1880 uerunt.
380 1840 646 1895 paucissimi,
683 1842 754 1895 qui
791 1841 1102 1898 superfuerant,
1140 1843 1328 1885 hostium
1366 1845 1478 1899 capti

252 1979 269 2009 1
296 1975 371 2021 dre1
394 1976 430 2010 B
533 1978 670 2012 uirtute
696 1982 842 2023 praeter
875 1979 894 2013 ἐ
918 1980 958 2014 in
987 1990 1058 2014 ras.
1091 1980 1132 2014 in
1156 1981 1192 2015 P
1282 1985 1302 2015 2
1329 1981 1426 2016 tiron
1449 1981 1486 2015 P
1494 2012 1498 2019 ,,

155 2025 176 2055 3
203 2021 333 2068 eglptij
363 2022 399 2056 P
487 2034 570 2058 eum
595 2025 740 2069 scripsi:
769 2036 851 2060 cum
875 2025 950 2060 BP
1029 2029 1070 2060 11
1095 2038 1134 2060 m
1159 2037 1223 2062 om.
1249 2027 1286 2061 P
1366 2030 1408 2062 13
1435 2028 1479 2062 ab
1489 2032 1500 2050 <-

153 2067 224 2102 hac
249 2070 359 2111 gente
383 2078 448 2104 om.
474 2069 511 2103 P
577 2073 621 2104 14
646 2071 761 2118 penas
780 2073 817 2106 P
887 2076 928 2107 16
954 2071 1120 2107 heraclei*
1142 2073 1218 2107 BP
1286 2073 1394 2108 heras
1407 2073 1498 2111 BP

156 2113 227 2148 eris
253 2114 290 2148 B
398 2118 439 2149 17
473 2115 572 2151 cleos
598 2117 649 2151 B:
689 2117 807 2154 cleros
829 2118 865 2152 P
966 2118 1060 2153 aliae
1092 2118 1185 2154 ceris
1210 2129 1300 2154 corr.
1331 2120 1373 2154 in
1406 2120 1492 2154 alia*

155 2159 252 2194 aens
265 2160 301 2195 B
375 2163 416 2195 18
442 2162 665 2198 illummatio
693 2164 729 2198 P
797 2168 843 2200 20
863 2163 1036 2211 egipltios
1057 2164 1093 2199 P
1160 2168 1204 2199 22
1225 2166 1364 2200 ΗΛΙΟΟΝ
1386 2185 1392 2192 ·
1412 2167 1425 2210 ΙΙ
1444 2165 1498 2202 P.

155 2209 201 2240 24
230 2207 432 2251 pugnandfi
468 2207 519 2242 B'
615 2213 660 2244 27
690 2212 829 2254 praelio
860 2212 896 2246 B
997 2210 1171 2246 existente
1203 2211 1240 2245 P
1337 2216 1381 2247 29
1412 2223 1479 2246 im-

153 2252 297 2296 prou1f0
322 2254 358 2288 P
1486 2279 1490 2282 ·
