1526 2444
135 66 220 108 330
664 65 763 101 SAT.
788 65 915 100 LIBRI
939 64 971 99 V

135 172 306 214 laeuum
337 171 487 225 pedem
517 171 673 212 habere
703 171 862 213 nudum
895 171 968 212 sed
1000 171 1204 213 dextrum.
1261 169 1370 224 quod
1399 184 1452 212 ne
1523 166 1526 188 ³

137 229 355 271 adfirmem
403 228 544 283 potius
594 243 721 283 quam
770 229 964 283 probem,
1012 228 1105 282 ipsa
1146 228 1453 270 ARISTOTELIS

136 288 266 329 uerba
302 301 457 341 ponam
495 301 546 328 ex
582 286 711 340 libro,
755 300 878 340 quem
915 297 976 327 DE
1014 297 1175 328 POETIS
1214 297 1456 328 SECVNDVM

67 346 124 387 20
139 344 326 398 scripsit,
363 345 407 385 in
444 358 525 398 quo
563 344 613 385 de
643 343 846 398 Euripide
883 345 1059 398 loquens
1098 345 1157 385 sic
1188 345 1248 385 ait
1277 345 1378 392 τοὺς
1409 341 1456 384 δὲ

139 404 322 444 Θεστίου
341 403 499 456 κόρους
517 403 593 444 τὸν
609 399 689 455 μὲν
702 401 930 456 ἀριστερὸν
943 402 1056 443 πόδα
1069 400 1204 456 φησὶν
1218 401 1456 455 Εὐριπίδης
1492 419 1508 446 5

138 461 287 502 ἐλθεῖν
318 462 494 515 ἔχοντας
524 459 810 501 ἀνυπόδετον·
843 457 992 514 [λέγει]

194 542 243 582 τὸ
274 542 398 582 λαιὸν
431 544 548 595 ἴχνος
576 537 686 594 ἦσαν
718 539 957 594 ἀνάρβυλοι
987 540 1138 593 ποδός,

195 599 242 669 τὸ
276 594 315 639 δ’
345 597 393 639 ἐν
423 599 634 650 πεδίλοις,
666 597 723 646 ὡς
755 596 983 652 ἐλαφρίζον
1013 599 1121 650 γόνυ

197 671 356 710 εχοιεν,

139 737 197 786 ὡς
234 737 287 789 δὴ
325 742 411 777 πᾶν
448 736 704 777 τούναντίον
735 737 838 784 ἔθος
869 742 959 784 τοῖς
989 736 1213 784 Αἰτωλοῖς.
1273 736 1349 776 τὸν
1380 732 1458 788 μὲν
1480 755 1526 783 ιοψ,

139 796 219 847 γὰρ
235 794 461 848 ἀριστερὸν
474 792 773 847 ὑποδέδενται,
793 795 868 834 τὸν
883 790 931 834 δὲ
946 792 1088 843 δεξιὸν
1102 792 1459 835 ἀνυποδετοῢσιν·
1524 803 1526 810 ’

141 853 210 893 δεῖ
238 853 335 906 γάρ,
367 848 499 905 οἶμαι,
530 852 607 892 τὸν
631 851 878 905 ἡγούμενον
907 852 1019 905 ἔχειν
1046 850 1252 906 ἐλαφρόν,
1283 848 1374 892 ἀλλ’
1407 850 1459 891 οὐ

70 911 125 951 21
141 911 218 951 τὸν
247 908 497 963 ἐμμένοντα.
541 923 634 950 cum
660 910 764 950 haec
788 909 849 950 ita
874 909 971 961 sint,
1002 909 1153 949 uidetis
1179 913 1333 962 tamen,
1357 907 1459 948 Ver-

142 967 294 1022 gilium
319 967 521 1021 Euripide
553 968 722 1008 auctore
750 981 877 1021 quam
903 965 1135 1008 Aristotele
1160 966 1225 1007 uti
1249 965 1460 1019 maluisse,

142 1039 244 1066 nam
275 1027 324 1066 ut
347 1024 452 1066 haec
476 1024 740 1079 ignorauerit
764 1025 830 1065 uir
854 1026 944 1065 tam
970 1024 1090 1065 anxie
1116 1024 1262 1065 doctus
1287 1022 1461 1064 minime
1481 1041 1514 1067 15

143 1082 401 1124 crediderim.
450 1082 541 1123 iure
567 1084 706 1123 autem
731 1081 936 1136 praetulit
959 1081 1225 1134 Euripidem:
1257 1083 1321 1122 est
1351 1081 1462 1122 enim

145 1141 295 1195 ingens
333 1141 372 1181 ei
409 1154 503 1181 cum
540 1139 797 1180 Graecarum
834 1138 1148 1193 tragoediarum
1187 1138 1462 1192 scriptoribus

142 1197 432 1252 familiaritas,
470 1197 581 1251 quod
617 1197 686 1238 uel
723 1211 773 1237 ex
806 1196 1152 1250 praecedentibus
1182 1196 1282 1238 licet
1310 1196 1380 1237 uel
1412 1209 1462 1237 ex

144 1255 233 1310 his,
263 1269 370 1309 quae
402 1269 501 1296 mox
532 1255 738 1307 dicentur,
770 1254 945 1308 opinari.

70 1312 239 1354 XVIIII
288 1312 338 1353 In
380 1313 488 1353 libro
533 1315 683 1367 quarto
726 1313 771 1353 in
818 1311 1092 1353 describenda
1122 1310 1290 1353 Elissae
1328 1312 1462 1353 morte
1481 1328 1516 1354 20

142 1371 221 1426 ait,
252 1371 361 1424 quod
394 1371 432 1411 ei
465 1370 591 1411 crinis
623 1370 811 1411 abscisus
843 1372 970 1424 esset,
1001 1369 1068 1410 his
1101 1369 1292 1410 uersibus

197 1450 385 1493 nondum
415 1450 480 1491 illi
509 1450 668 1492 flauum
698 1450 953 1504 Proserpina
983 1450 1140 1491 uertice
1172 1449 1326 1491 crinem

200 1509 437 1551 abstulerat
469 1507 700 1563 Stygioque
731 1510 858 1562 caput
889 1508 1166 1549 damnauerat
1196 1505 1316 1548 Orco.

141 1589 288 1631 deinde
318 1589 402 1630 Iris
440 1603 464 1630 a
494 1588 656 1630 Iunone
692 1589 823 1630 missa
860 1588 1040 1630 abscidit
1077 1588 1115 1629 ei
1147 1587 1305 1629 crinem
1336 1589 1378 1627 et
1408 1585 1461 1627 ad

100 1647 296 1689 20rcum
326 1647 468 1688 refert.
521 1647 632 1688 hanc
661 1646 876 1701 Vergilius
907 1660 993 1688 non
1024 1645 1073 1686 de
1104 1645 1239 1686 nihilo
1271 1644 1459 1685 fabulam
1479 1660 1513 1688 25

140 1796 210 1829 ΠΗ
233 1749 384 1830 ἓθὲοείἰ
407 1748 560 1784 Aristot.
585 1748 817 1793 pseudepigr.
844 1760 877 1793 p.
904 1750 950 1782 84
973 1759 1008 1784 n.
1035 1751 1078 1782 58
1168 1747 1211 1782 '22
1236 1746 1346 1792 Verg.
1371 1746 1459 1782 Aen.

236 1892 254 1921 1
280 1887 418 1921 nudum
442 1887 577 1922 habere
606 1887 641 1920 P
704 1890 724 1920 3
752 1886 950 1920 secundum
969 1885 1117 1930 scripsit
1135 1885 1282 1928 scripsi.-
1305 1884 1460 1920 secundo

141 1933 346 1978 subscnpsit
375 1933 411 1967 P
503 1936 523 1966 5
549 1931 917 1978 ΘΕΕΤΥΟΙΚΙΘΡΕΥΕ
942 1932 979 1967 Ρ
1069 1935 1089 1966 6
1115 1931 1402 1966 ΔΝΙΠΟΔΕΤΟΝ
1428 1931 1464 1965 Ρ

142 1980 256 2014 ΛΕΓΕΙ
288 1980 404 2014 deleui
518 1983 600 2022 post
635 1980 730 2020 λέγει
761 1979 844 2014 add.
875 1982 965 2020 γοῦν
996 1979 1052 2013 ὅτι
1081 1979 1198 2012 nescio
1228 1978 1323 2012 unde
1351 1978 1461 2022 uulyo

143 2030 162 2061 ’1
194 2025 404 2070 ἀνάρβυλοι]
436 2025 649 2060 ΔΡΕΥΛΑΟΙ
681 2025 717 2058 P
830 2029 851 2059 8
886 2025 1126 2059 ΠΕΔΕΙΔΟΙΕ
1156 2023 1193 2058 Ρ
1307 2023 1398 2058 ΓΟΝΙ
1428 2022 1464 2057 Ρ
1518 2038 1520 2041 v

144 2076 186 2107 10
210 2072 307 2117 ἔθος]
332 2072 440 2106 ΕΕΟ(
467 2072 503 2104 Ρ
571 2070 789 2115 ΔΙΤΟΙΛωΙ(
814 2070 850 2104 Ρ
918 2075 960 2105 12
985 2071 1070 2114 γάρ]
1088 2071 1179 2104 -ΤΔΡ
1201 2070 1237 2105 Ρ
1306 2073 1347 2104 16
1372 2072 1404 2104 it
1421 2069 1462 2104 in
1516 2075 1521 2092 2

142 2118 254 2161 sstuht
274 2118 280 2162 1
301 2119 342 2152 in
365 2128 438 2152 ras.
463 2118 504 2151 in
527 2117 564 2151 P
655 2119 698 2150 19
724 2116 861 2162 h1s**l
884 2116 920 2150 Ρ
994 2120 1039 2150 20
1063 2118 1105 2151 in
1128 2117 1191 2151 hoc
1215 2115 1373 2160 capitulo
1398 2114 1461 2150 ad·
1516 2112 1520 2117 '

141 2165 296 2199 scribam
320 2164 481 2198 lectionis
499 2163 710 2198 uarietatem
727 2174 771 2197 eoe
790 2163 906 2198 codice
929 2161 1105 2197 Vaticano
1123 2162 1344 2207 R(e9ine¹nsz)
1362 2163 1460 2197 2043
1507 2171 1510 2174 ·

141 2211 280 2245 saeculo
319 2211 388 2244 XI
421 2210 479 2245 uel
519 2210 616 2243 XII
646 2210 778 2252 scripto
815 2209 861 2244 ab
893 2208 1052 2243 Henrico
1083 2209 1248 2243 Iordano
1283 2210 1460 2242 enotatam

142 2261 185 2291 23
206 2256 360 2302 stigiolq.
382 2255 419 2290 P
473 2255 740 2300 dampnauerat
757 2255 827 2289 PR
875 2258 920 2288 24
940 2255 1070 2289 demde
1092 2275 1132 2280 —
1153 2257 1197 2289 25
1216 2253 1328 2288 refert
1346 2264 1410 2289 om.
1427 2252 1463 2287 P
