1526 2444
643 76 713 112 VII
738 80 854 112 6—16
1329 73 1417 117 435

69 187 184 244 quod
215 187 302 230 cito
334 186 618 229 admonentur
649 185 954 242 generationis,
985 198 1073 226 non
1102 182 1228 226 nimii
1257 183 1413 226 caloris
1434 183 1486 224 11

68 247 141 289 sed
184 248 363 289 naturae
408 245 657 288 infirmioris
695 246 779 300 est,
822 247 872 287 ut
910 244 1037 286 exilia
1072 257 1202 298 poma
1238 243 1417 285 celerius

0 345 3 348 .
67 307 361 348 maturescunt
397 304 577 346 robusta
612 303 760 346 serius.
823 303 896 348 sed
928 303 966 346 si
996 302 1062 345 uis
1093 302 1342 370 intellegere
1373 302 1419 344 in

66 365 344 421 generatione
380 378 528 406 ueram
564 363 780 405 rationem
818 362 994 418 caloris,
1038 361 1262 404 considera
1300 362 1417 404 uiros

0 408 196 480 Ξ11101130
227 423 388 466 diutius
419 437 696 478 perseuerare
721 423 768 464 in
794 420 1037 478 generando
1065 435 1193 476 quam
1218 421 1418 463 mulieres

66 484 111 526 in
147 482 372 538 pariendo,
416 485 459 524 et
500 481 583 524 hoe
623 481 706 523 tibi
748 481 806 523 sit
850 480 1094 523 indubitata
1133 480 1334 534 probatio
1372 479 1419 522 in

66 546 249 597 utroque
282 556 386 584 sexu
416 541 486 583 uel
517 541 691 596 frigoris
723 541 793 582 uel
825 540 991 582 caloris.
1041 554 1143 581 nam
1173 540 1241 581 uis
1268 539 1417 581 eadem

66 601 111 643 in
143 600 366 656 frigidiore
397 614 574 655 corpore
606 599 784 642 celerius
817 599 1103 666 extinguitur,
1135 599 1180 640 in
1212 598 1416 641 calidiore

66 660 226 702 diutius
258 661 518 715 perseuerat.
573 658 686 714 quod
712 658 848 714 frigus
876 659 986 700 aeris
1011 657 1282 700 tolerabilius
1308 658 1414 700 uiris
1433 657 1486 699 12

14 738 50 764 ιο
67 719 229 775 ferunt,
265 719 372 761 facit
400 719 484 761 hoc
516 733 641 760 suurn
671 717 824 773 frigus,
864 717 1080 759 similibus
1113 717 1228 758 enim
1261 716 1418 759 similia

67 778 269 835 gaudent
327 778 423 820 ideo
460 791 514 819 ne
545 790 699 831 corpus
733 790 879 818 earum
911 775 1049 831 frigus
1081 775 1274 829 horreat,
1311 774 1418 817 facit

66 837 329 880 consuetudo
373 838 571 887 naturae,
610 850 738 890 quam
776 835 957 877 sortitae
996 837 1097 877 sunt
1134 808 1415 890 frigidiorem.

186 895 270 939 Sed
300 895 352 938 de
382 895 452 937 his
484 895 655 950 singuli,
686 896 735 936 ut
766 893 927 949 uolent,
957 894 1158 936 iudicent.
1203 907 1283 950 ego
1311 908 1414 936 uero
1435 894 1487 935 13

66 955 120 997 ad
165 957 326 998 sortem
369 954 495 996 uenio
540 953 812 1008 consulendi,
855 955 899 995 et
938 953 1050 1008 quod
1088 953 1199 995 scitu
1238 953 1416 1008 dignum

0 1020 49 1063 {15
67 1015 268 1069 aestimo,
305 1014 359 1056 ab
398 1013 548 1056 eodem
578 1013 752 1055 Disario
789 1026 947 1068 quaero
981 1014 1024 1054 et
1054 1012 1163 1054 mihi
1194 1026 1330 1067 usque
1362 1012 1416 1054 ad

11 1070 19 1076 ⁹
66 1073 267 1116 affectum
298 1072 479 1115 nimium
512 1071 652 1115 amieo
685 1074 728 1114 et
759 1086 856 1114 cum
887 1072 932 1113 in
964 1071 1117 1114 ceteris
1148 1074 1240 1113 tum
1271 1071 1316 1113 in
1343 1071 1412 1112 his

66 1133 228 1187 optime
279 1132 419 1174 docto.
491 1145 628 1186 nuper
670 1131 715 1173 in
758 1131 1002 1173 Tusculano
1047 1145 1141 1173 meo
1187 1130 1267 1186 fui,
1317 1144 1412 1173 cum
1433 1132 1487 1174 14

64 1191 346 1234 uindemiales
374 1191 540 1232 fructus
566 1204 643 1246 pro
670 1205 812 1232 annua
838 1190 1130 1233 sollemnitate
1157 1190 1415 1244 legerentur.

65 1253 158 1293 erat
193 1250 338 1292 uidere
377 1250 614 1306 permixtos
651 1249 826 1292 rusticis
865 1263 1012 1292 seruos
1049 1249 1220 1291 haurire
1256 1250 1326 1291 uel
1365 1249 1416 1291 de

7 1319 48 1355 fao
66 1324 268 1364 expresso
312 1310 382 1351 uel
422 1308 474 1351 de
520 1310 674 1364 sponte
718 1308 879 1350 fluente
924 1310 1114 1350 mustum
1152 1323 1232 1350 nec
1269 1310 1416 1350 tamen

66 1369 273 1411 ebrietate
324 1368 431 1423 capi.
507 1367 621 1435 quod
663 1367 708 1409 in
753 1367 844 1409 illis
888 1367 1115 1422 praecipue
1159 1367 1416 1419 admirabar,

65 1442 172 1484 quos
234 1427 399 1483 impelli
459 1427 515 1468 ad
575 1427 791 1469 insaniam
845 1441 980 1481 paruo
1037 1426 1139 1468 uino
1195 1440 1415 1469 noueram.

63 1501 240 1543 quaero,
278 1501 387 1542 quae
424 1485 537 1528 ratio
576 1486 628 1528 de
666 1488 810 1528 musto
849 1485 1106 1528 ebrietatem
1139 1488 1214 1528 aut
1244 1484 1414 1528 tardam

62 1546 158 1588 fieri
187 1545 321 1588 faciat
353 1548 428 1588 aut
457 1543 676 1587 nullam?'

6 1614 45 1656 ἦε
182 1604 251 1647 Ad
295 1605 400 1647 haec
436 1603 634 1646 Disarius
674 1603 834 1657 ‘omne,
879 1603 992 1659 quod
1037 1603 1159 1646 dulce
1198 1606 1283 1659 est,
1326 1603 1413 1646 cito
1431 1605 1485 1647 15

49 1664 212 1718 satiat,
253 1678 332 1707 nec
368 1663 614 1706 diuturnam
655 1663 857 1705 desiderii
896 1663 962 1704 sui
999 1662 1128 1704 fidem
1165 1664 1302 1716 tenet,
1341 1662 1415 1704 sed

60 1723 106 1765 in
143 1723 285 1766 locum
321 1723 534 1765 satietatis
567 1722 757 1765 succedit
787 1722 953 1765 horror.
1014 1722 1060 1763 in
1092 1723 1236 1764 musto
1270 1723 1414 1764 autem

62 1782 155 1824 sola
196 1782 372 1825 dulcedo
414 1784 497 1836 est,
541 1782 731 1824 suauitas
776 1781 907 1823 nulla.
973 1795 1076 1823 nam
1120 1780 1270 1822 uinum
1316 1795 1414 1824 cum

24 1878 29 1884 s
59 1841 105 1883 in
128 1841 312 1884 infantia
337 1844 414 1893 est,
439 1841 575 1895 dulce,
600 1855 695 1883 eum
722 1840 929 1895 pubescit,
956 1840 1096 1896 magis
1121 1854 1254 1882 suaue
1280 1854 1411 1895 quam

17 1895 183 1952 Jdulce
222 1903 299 1943 est.
360 1914 453 1942 esse
491 1902 636 1942 autem
673 1900 828 1941 harum
859 1899 1042 1941 duarum
1073 1913 1216 1941 rerum
1248 1899 1411 1942 distan-
1430 1902 1484 1944 16

8 1997 11 2012 A
63 1958 168 2001 tiam
201 1961 316 2002 certe
348 1959 560 2001 Homerus
592 1959 718 2000 testis
751 1961 830 2012 est,
861 1959 932 2013 qui
967 1959 1028 2001 ait

345 2029 487 2085 μέλιτι
517 2030 716 2086 γλυκερῷ
749 2027 821 2071 καὶ
852 2027 950 2083 ἡδέι
982 2032 1102 2087 οἴνῳ.

157 2135 200 2168 32
228 2133 295 2168 od.
321 2145 343 2168 υ
370 2137 415 2169 69

159 2231 199 2262 11
227 2239 294 2263 1100
318 2228 356 2263 P
445 2231 488 2262 15
515 2227 652 2275 estemo
677 2227 726 2264 P'
821 2232 863 2264 16
890 2231 1007 2262 mmn’i
1033 2238 1099 2263 om.
1129 2225 1177 2262 P'
1274 2232 1316 2264 18
1342 2228 1411 2263 sol-

16 2315 18 2318 *
62 2273 243 2320 lepmtate
267 2274 304 2309 P
368 2279 412 2311 22
432 2286 550 2321 parua
569 2274 617 2311 P'
693 2279 738 2311 30
759 2275 935 2311 distantia
949 2279 1097 2320 praeter
1116 2275 1154 2310 d1
1172 2276 1214 2311 in
1232 2286 1305 2312 ras.
1321 2276 1363 2310 in
1379 2276 1415 2309 P

18 2374 19 2379 1
63 2324 106 2357 31
134 2321 301 2358 homerul
329 2322 380 2358 P'
455 2325 499 2358 32
526 2323 736 2358 ΜΕΛΙΤΙΔΥ
759 2325 974 2369 (squtmtur
995 2323 1143 2367 ΚΕΡΕΟΙ)
1162 2324 1204 2358 in
1222 2334 1295 2359 ras.
1315 2324 1357 2358 in
1378 2323 1415 2357 P

1053 2381 1127 2416 28*
