1526 2444
128 84 211 125 184
629 85 728 122 SAT.
754 85 880 122 LIBRI
903 86 954 122 111

127 189 326 233 adfirmat
374 204 481 232 esse
530 190 697 233 lunam
746 194 795 233 eb
843 193 887 234 ei
929 193 1242 235 sacrificium
1283 194 1447 238 facere
1508 184 1510 187 Ι

127 247 266 290 uiros
294 262 401 289 cum
425 250 567 289 ueste
598 249 852 304 muliebri,
883 251 1119 292 mulieres
1151 266 1257 293 cum
1288 253 1448 308 uirili,

129 305 258 360 quod
289 305 458 347 eadem
490 308 538 347 et
567 321 670 348 mas
703 307 1005 350 aestimatur
1036 310 1083 350 et
1113 309 1308 352 femina.

85 364 113 403 4
245 362 338 405 Hoc
379 377 546 418 quoque
588 364 638 405 de
679 365 905 418 prudentia
944 366 1162 421 religionis
1201 383 1225 410 a
1257 368 1447 424 Vergilio

128 420 290 462 dictum
321 423 386 462 est
1482 445 1511 472 5>

186 501 344 543 decidit
375 501 599 557 exanimis,
631 503 845 558 uitamque
875 504 1047 558 reliquit
1076 505 1122 546 in
1154 506 1279 547 astris

186 559 324 601 aeriis.

128 639 338 682 HYemvs
377 641 488 682 enim
524 653 585 682 DE
615 653 1008 685 PROPRIETATIBVS
1039 654 1231 686 DEORVM
1268 659 1363 686 cum
1398 646 1449 687 de
1506 673 1508 678 ·

128 698 284 739 astris
323 712 371 740 ac
409 698 459 740 de
498 699 667 740 stellis
704 700 965 754 loqueretur,
1009 701 1070 742 ait
1107 704 1340 756 oportere
1371 703 1449 744 his
1504 734 1507 735 ν

127 756 359 798 uolucres
407 755 677 799 immolari.
756 757 875 799 docte
925 772 1026 814 ergo
1068 759 1282 815 Vergilius
1331 760 1448 814 dixit,
1467 778 1503 805 10

128 813 241 867 apud
272 828 321 855 ea
351 814 527 856 numina
558 815 744 856 animam
774 815 959 857 uolucris
990 818 1263 872 remansisse,
1300 818 1450 873 quibus

128 871 181 912 ad
211 871 419 917 litandum
449 872 548 913 data
579 874 655 914 est.
1508 919 1511 923 ,

86 928 114 969 ὃ
243 927 333 971 Nec
357 943 514 971 nomen
538 929 648 984 apud
674 943 732 985 se,
761 931 872 985 quod
897 931 1122 974 fortuissum
1147 947 1238 974 esse
1269 935 1451 988 poteral:‚

129 1000 278 1028 uacare
309 987 520 1041 permittit

576 1045 808 1100 martisque
839 1047 1009 1088 uocauit
1469 1065 1511 1092 15·

269 1102 439 1144 nomine
472 1100 699 1145 Casmillae
730 1105 895 1145 mutata
925 1107 1046 1159 parte
1077 1104 1310 1148 Camillam.

89 1184 115 1224 6
134 1197 232 1224 nam
260 1182 455 1225 STATIVS
481 1183 747 1226 TVLLIANVS
779 1196 840 1225 DE
867 1195 1119 1228 vocAvas
1151 1198 1310 1229 RERVM
1339 1187 1450 1230 libro
1503 1231 1505 1234 Α

128 1253 268 1283 PRIMO
309 1242 370 1282 ait
407 1241 597 1283 dixisse
635 1241 999 1284 Callimachum
1040 1243 1230 1286 Tuscos
1268 1243 1450 1287 Camil·
1504 1286 1506 1292 ,

129 1299 228 1340 lum
254 1299 517 1354 appellare
541 1298 844 1341 Mercurium
871 1314 954 1354 quo
979 1301 1186 1343 uocabulo
1212 1302 1450 1356 significant

129 1357 542 1410 praeministrum
573 1357 790 1399 deorum.
842 1358 951 1399 unde
969 1357 1205 1414 Vergilium
1231 1360 1293 1401 ait
1317 1359 1449 1403 Meta·
1468 1378 1484 1403 2

130 1415 231 1455 bum
275 1412 541 1456 Camillam
591 1415 830 1470 appellasse
878 1416 1030 1471 filiam,
1079 1417 1240 1459 Dianae
1289 1418 1452 1461 scilicet:

91 1474 114 1514 7
131 1473 485 1526 praeministram.
556 1487 657 1514 nam
706 1476 749 1515 et
796 1473 1007 1516 Pacuuius
1059 1489 1154 1516 cum
1203 1475 1254 1517 de
1302 1475 1452 1519 Medea
1502 1495 1504 1506 =

129 1531 372 1584 loqueretur

188 1610 386 1652 caelitum
417 1611 608 1665 camilla,
647 1614 868 1665 expectata
898 1613 1089 1667 aduenis,
1121 1613 1238 1655 salue
1269 1614 1452 1669 hospita.
1504 1614 1507 1639 ⁵

130 1690 312 1733 Romani
351 1705 517 1746 quoque
547 1705 700 1745 pueros
732 1693 774 1733 el:
804 1692 965 1746 puellas
996 1693 1160 1735 nobiles
1193 1696 1236 1736 et
1264 1695 1449 1737 inuestes
1468 1713 1484 1737 ε

130 1748 364 1790 camillos
396 1751 444 1789 et
474 1749 705 1790 camillas
745 1750 965 1804 appellaui,
1000 1751 1376 1794 flaminicarum
1407 1756 1449 1794 eh

89 1806 395 1849 8flaminum
437 1806 839 1860 praeministros.
898 1808 1007 1850 hanc
1050 1823 1216 1864 quoque
1256 1811 1451 1852 obserua-

131 1864 290 1906 tionem
322 1864 409 1905 eius
440 1878 526 1905 non
558 1865 758 1906 conuenit
787 1867 1017 1920 praeterire

224 1991 244 2023 6
269 1988 362 2023 Aen.
387 1989 422 2025 V
446 1991 512 2025 517
595 1993 637 2025 15
663 1990 712 2025 ib.
735 1990 786 2024 XI
812 1994 878 2026 542
956 1995 1001 2026 24
1025 2004 1059 2027 u.
1085 1995 1152 2027 232
1178 1992 1234 2029 ed.
1258 1991 1452 2028 Ribbeckii

223 2107 243 2138 2
269 2104 445 2140 muneres
458 2102 504 2139 B'
573 2108 593 2139 6
619 2105 778 2150 rehqmd
797 2106 834 2141 P
903 2110 922 2141 7
943 2106 1060 2142 aereis
1074 2107 1110 2141 B
1181 2111 1201 2142 8
1220 2107 1366 2151 ngul'
1379 2108 1454 2142 BP
1495 2149 1498 2150 ⁷

127 2149 210 2185 *de
235 2149 272 2184 P
386 2154 429 2186 13
461 2162 527 2186 nec
557 2162 623 2187 om.
652 2150 701 2187 P'
824 2156 865 2187 17
898 2163 948 2188 an
979 2152 1024 2187 de
1054 2152 1245 2189 uocabulis
1277 2154 1451 2190 deorum?

132 2234 174 2265 19
200 2240 358 2266 mercum
382 2233 537 2276 (mercur
561 2233 603 2267 in
626 2234 714 2277 ras.)
741 2233 778 2267 P
844 2237 889 2268 20
915 2233 1084 2278 mrgssms
1105 2234 1142 2268 P
1204 2235 1396 2270 maetabus
1409 2246 1450 2279 p,

128 2276 302 2313 matabus
308 2277 345 2312 P
401 2282 444 2314 22
464 2277 671 2323 pachubiuf
687 2279 732 2323 P,
751 2279 929 2324 paoubms
943 2280 980 2316 B
1033 2283 1077 2316 25
1095 2280 1229 2326 pueros
1238 2299 1246 2308 ·
1258 2280 1402 2326 puellas
1416 2281 1453 2316 B
