1526 2444
0 0 18 110 ἒ
636 64 705 100 IIII
731 67 847 101 3—15
1330 63 1418 105 233

354 174 428 229 qui
459 173 667 229 sanguine
697 173 824 215 nobis

127 234 238 277 hano
268 232 456 289 patriam
486 246 689 289 peperere
722 246 811 274 suo.

2 338 6 342 Δ
69 331 148 359 nec
184 330 270 358 non
309 318 351 358 et
380 314 622 371 indignatio
654 315 975 357 demonstratur
1007 330 1032 357 a
1064 329 1212 370 causa,
1250 316 1298 356 ut
1328 313 1419 356 illie
1435 312 1491 355 10

132 399 268 441 multa
299 412 474 455 gemens
505 397 790 454 ignominiam
821 397 1059 452 plagasque
1092 396 1266 452 superbi

0 509 3 512 ‚
35 481 52 507 5
130 457 327 512 uictoris,
357 459 450 499 tum
482 471 588 512 quos
621 457 769 499 amisit
799 456 963 499 inultus
997 470 1176 499 amores.

0 602 6 609 ,
71 542 114 582 et
145 539 252 581 illud
284 554 309 582 a
341 554 469 582 causa
500 541 566 582 est
596 554 645 582 ex
678 538 834 582 affeetu
865 539 1135 595 indignantis
1436 537 1488 579 11

356 636 412 664 an
444 623 558 664 solos
590 621 735 678 tangit
764 621 941 663 Atridas

131 681 213 723 iste
245 680 377 736 dolor,
410 681 598 737 solisque
629 681 729 723 licet
760 694 911 736 capere
944 694 1064 722 arma
1095 679 1318 735 Mycenis?

71 766 115 806 elz
144 763 251 805 illud

0 841 54 874 >10
358 824 403 864 al
433 824 482 864 {zu
513 821 651 874 dialis,
684 819 867 876 Albane,
897 835 1105 863 maneres.

7 927 9 930 ⁴
73 907 115 947 et
145 905 223 946 illa
254 903 398 946 omnia.

356 985 549 1028 uendidit
579 985 650 1028 hie
682 1000 786 1028 auro
818 986 1023 1041 patriam,

358 1045 512 1100 quique
544 1045 599 1088 ob
633 1044 890 1088 adulterium
922 1045 1053 1100 eaesi,

356 1118 434 1146 nec
464 1106 633 1158 partem
662 1118 845 1160 posuere
877 1105 978 1147 suis.

20 1204 55 1232 15
75 1187 127 1229 ad
152 1187 310 1242 pathos
336 1187 594 1230 mouendum
619 1201 697 1230 nee
722 1187 828 1230 duos
855 1187 954 1229 illos
979 1186 1268 1242 praetermisit
1292 1187 1423 1242 locos,
1440 1186 1494 1228 12

38 1243 42 1247 ’
75 1261 182 1302 quos
237 1246 432 1288 rhetores
489 1246 712 1302 appellant
767 1261 793 1288 a
842 1245 986 1288 modo
1038 1248 1081 1287 eb
1125 1260 1150 1287 a
1193 1245 1423 1288 materia.

74 1305 249 1348 modus
292 1307 374 1358 est,
418 1319 514 1347 eum
555 1304 648 1347 dico
691 1305 882 1347 oceidit
922 1304 1200 1347 manifeste
1236 1305 1308 1347 uel
1346 1319 1424 1346 oo-

75 1365 223 1408 culte.
293 1364 510 1405 materia.
550 1366 634 1419 es13,
676 1378 773 1406 oum
815 1364 909 1406 dieo
946 1363 1084 1405 ferro
1123 1378 1179 1405 an
1216 1378 1422 1406 ueneno.
1442 1363 1494 1404 13

75 1422 391 1466 Demosthenes
424 1422 474 1464 de
506 1423 633 1465 modo
664 1422 874 1465 inuidiam
904 1421 1064 1464 Midiae
1095 1422 1214 1478 facil,
1255 1437 1300 1464 se
1331 1422 1424 1478 pul-

10 1499 58 1527 so
77 1485 221 1525 satum
259 1482 490 1536 coihurno3
528 1480 678 1524 Cicero
712 1481 840 1524 Verri
878 1496 974 1524 eum
1010 1481 1173 1524 nudum
1212 1481 1422 1537 quendam

75 1541 180 1584 dicit
212 1541 266 1583 ab
299 1555 348 1583 eo
382 1543 552 1583 stat-uae
583 1541 847 1596 impositum.
908 1539 1130 1596 Vergilius
1162 1555 1250 1583 non
1281 1540 1423 1583 minus
1444 1539 1498 1581 14

74 1600 294 1643 euidenter

361 1658 517 1701 altaria
549 1658 601 1700 ad
632 1659 729 1714 ipsa
759 1660 1017 1701 trementem

0 1754 2 1771 ÷
135 1717 269 1760 {araxit
300 1719 343 1759 et
373 1718 418 1759 in
449 1718 585 1760 mulio
616 1718 860 1773 lapsantem
893 1718 1101 1774 sanguine
1132 1718 1243 1771 nati,

11 1783 57 1821 ’ἔκ
76 1778 121 1820 et

23 1850 26 1851 ⁷
361 1835 513 1890 capulo
545 1837 671 1878 tenus
705 1835 870 1878 abdidi&
901 1850 1056 1879 ensem.

0 1931 5 2032 ι
78 1921 121 1960 et
150 1919 227 1960 illa
259 1918 405 1997 omnia
436 1932 461 1960 a
491 1918 619 1960 modo
653 1919 754 1960 suni
1444 1916 1498 1959 15

176 2072 193 2103 1
221 2068 312 2104 Aen.
343 2068 393 2104 XI
417 2071 463 2103 24
577 2072 599 2103 4
625 2068 760 2114 Georg.
790 2069 843 2104 III
868 2072 936 2104 226
1060 2072 1078 2103 7
1105 2069 1195 2105 Aen.
1222 2069 1326 2105 V1111
1359 2072 1426 2104 138

23 2150 31 2159 ,
81 2118 124 2150 10
148 2115 197 2151 ib.
224 2115 310 2151 VIII
336 2118 404 2151 643
485 2119 528 2150 12
555 2115 604 2151 ib.
633 2116 683 2150 VI
709 2119 774 2152 621
858 2120 902 2151 13
926 2116 976 2151 ib.
1005 2116 1054 2150 VI
1081 2120 1147 2152 612
1230 2120 1274 2151 14
1299 2117 1349 2152 ib.
1377 2117 1428 2151 VI

80 2166 146 2197 611
233 2165 279 2198 20
305 2161 378 2198 Cic.
406 2162 508 2199 Verr.
535 2163 604 2198 IIII
631 2167 675 2198 86
761 2167 805 2199 23
833 2166 923 2199 Aen.
949 2163 983 2197 II
1010 2166 1078 2198 550
1152 2167 1197 2199 26
1223 2165 1272 2200 ib.
1298 2165 1333 2199 II
1359 2167 1427 2198 553

176 2306 220 2338 12
246 2304 417 2339 uenuldit
444 2303 495 2339 P'
572 2307 615 2339 19
643 2303 827 2350 polsatum
852 2302 901 2340 P'
978 2308 1023 2340 20
1048 2306 1205 2341 coturno
1234 2306 1271 2341 P
