1526 2444
149 63 237 104 370
657 63 754 100 SAT.
779 62 906 99 LIBRI
923 64 975 100 VI

78 169 137 211 25
211 167 316 211 Cum
347 168 492 211 fatalis
525 183 656 223 equus
688 170 801 212 saltu
832 185 957 224 super
987 170 1116 213 ardua
1146 172 1264 214 uenit

77 527 135 569 26

75 1117 131 1157 27

210 226 421 281 Pergama
452 229 494 268 et
525 229 732 269 armatum
763 228 947 283 peditem
979 229 1122 284 grauis
1155 230 1302 272 attulit
1333 231 1443 276 aluo.

147 307 316 349 Ennius
347 307 392 348 in
423 306 664 350 Alexandro

207 390 307 417 nam
332 376 518 418 maximo
543 377 654 418 saltu
674 378 893 432 superabit
911 379 1112 432 grauidus
1133 380 1307 422 armatis
1328 394 1470 435 equus,

208 434 280 488 qui
311 448 387 476 suo
418 437 543 489 partu
574 434 706 477 ardua
735 436 885 489 perdat
915 436 1136 491 Pergama.
1507 454 1525 481 5

209 525 320 567 Tum
349 529 473 581 pater
504 526 784 582 omnipotens,
814 542 954 570 rerum
986 528 1052 570 cui
1077 543 1243 571 summa
1267 531 1469 584 potestas,

207 584 319 625 infit:
351 598 400 626 eo
433 584 597 627 dicente
629 585 752 626 deum
782 585 932 628 domus
965 586 1054 627 alta
1086 587 1244 629 silescit

206 643 248 683 et
278 642 527 684 tremefacta
558 643 650 684 solo
681 644 821 697 tellus,
853 643 950 685 silet
981 644 1134 686 arduus
1167 644 1325 686 aether.

205 702 296 741 tum
327 701 444 742 uenti
475 714 675 754 posuere,
704 702 859 756 premit
888 701 1057 755 placida
1088 716 1272 756 aequora
1301 704 1468 757 pontus.

145 779 314 822 Ennius
344 780 390 821 in
422 779 618 834 Scipione
1489 801 1523 827 10

427 848 607 891 mundus
639 850 745 891 caeli
774 852 921 892 uastus
955 851 1148 893 constitit
1179 851 1346 893 silentio

207 909 250 948 et
279 905 505 961 Neptunus
537 921 688 949 saeuus
720 907 843 949 undis
876 908 1037 962 asperis
1068 923 1245 963 pausam
1277 908 1401 950 dedit.

208 963 281 1006 Sol
312 965 428 1019 equis
459 965 541 1006 iter
571 966 772 1019 repressit
801 966 970 1020 ungulis
1004 967 1264 1020 uolantibus,

209 1022 436 1064 constitere
467 1037 612 1064 amnes
643 1037 866 1078 perennes,
897 1024 1070 1065 arbores
1101 1027 1229 1066 uento
1261 1026 1426 1066 uacant.

205 1114 298 1156 Itur
327 1115 373 1155 in
405 1115 623 1168 antiquam
655 1115 808 1156 siluam
841 1115 1011 1156 stabula
1043 1116 1132 1157 alta
1161 1116 1357 1159 ferarum.
1489 1132 1522 1159 15

204 1173 490 1226 procumbunt
519 1173 680 1227 piceae,
711 1175 835 1214 sonat
864 1173 952 1214 icta
983 1173 1199 1215 securibus
1230 1173 1312 1215 ilex

204 1230 502 1284 fraxineaeque
533 1231 694 1281 trabes,
725 1231 866 1271 cuneis
898 1233 940 1271 et
971 1230 1099 1272 fissile
1130 1232 1259 1273 robur

205 1287 410 1330 scinditur
440 1287 674 1330 aduoluunt
703 1288 897 1342 ingentes
929 1288 1145 1330 montibus
1178 1303 1316 1331 ornos.

145 1368 310 1411 Ennius
341 1368 387 1409 in
417 1370 536 1410 sexto

203 1438 407 1480 incedunt
438 1438 611 1479 arbusta
641 1451 718 1492 per
748 1438 853 1492 alta,
884 1438 1099 1479 securibus
1131 1437 1327 1492 caedunt,
1486 1435 1526 1501 ²⁰³⁵

203 1496 439 1550 percellunt
469 1508 647 1550 magnas
679 1509 875 1550 quercus,
906 1496 1110 1537 exciditur
1140 1497 1239 1549 ilex,
1518 1507 1526 1548 ς

204 1553 395 1595 fraxinus
427 1553 639 1607 frangitur
670 1556 798 1607 atque
831 1553 945 1595 abies
976 1554 1260 1595 consternitur
1290 1554 1396 1607 alta,
1518 1550 1526 1575 ¹

202 1612 329 1665 pinus
360 1625 558 1665 proceras
588 1612 860 1666 peruortunt,
892 1625 1015 1653 omne
1047 1612 1228 1654 sonabat
1519 1578 1526 1674 1

205 1671 426 1711 arbustum
455 1668 628 1710 fremitu
660 1669 783 1710 siluai
813 1669 1037 1712 frondosai.
1068 1693 1114 1699 —
1517 1674 1526 1721 ξ

1516 1740 1526 1770 4

240 1821 257 1851 1
289 1817 379 1852 Aen.
403 1817 454 1851 VI
487 1820 553 1853 515
671 1820 693 1852 4
727 1828 761 1851 u.
794 1820 838 1851 60
869 1817 924 1852 ed.
957 1820 976 1851 2
1007 1816 1115 1852 Ribb.
1148 1820 1192 1851 42
1223 1816 1309 1852 Luc.
1340 1815 1466 1851 Muell.

145 1868 165 1898 6
191 1864 280 1898 Aen.
306 1863 339 1897 X
365 1867 431 1898 100
541 1867 582 1898 11
611 1863 685 1898 Sat.
713 1866 757 1897 10
780 1862 887 1898 Vahl.
915 1867 935 1898 9
961 1864 1048 1898 Luc.
1074 1862 1196 1898 Muell.
1307 1866 1349 1898 15
1373 1862 1464 1898 Aen.

142 1910 194 1944 VI
221 1913 286 1944 179
359 1914 403 1944 20
431 1914 496 1944 193
522 1910 630 1948 Vahl.
658 1912 723 1944 188
747 1908 833 1945 Luc.
857 1909 982 1944 Muell.
1510 1911 1512 1914 ’

238 2052 258 2082 2
283 2048 412 2093 peditsl
436 2048 473 2082 P
540 2051 561 2081 4
586 2047 691 2083 Nunc
713 2050 718 2093 Ι
740 2059 898 2084 maxima
919 2048 956 2083 P
1023 2048 1208 2093 superault
1222 2067 1230 2075 ·
1256 2047 1408 2091 Grau1b3
1431 2049 1468 2083 P

146 2095 291 2139 (Havet,
316 2094 437 2130 Revue
460 2094 503 2129 de
525 2094 726 2139 Philoloyie
756 2098 872 2138 1881,
902 2097 948 2129 14
979 2098 1192 2138 anapaestos
1227 2095 1337 2138 finxit
1365 2095 1465 2130 hosce
1524 2119 1526 2123 -

143 2153 229 2177 nam
253 2141 413 2176 maximo
445 2139 541 2175 saltu
570 2140 759 2185 superabit
779 2142 784 2186 Ι
806 2141 977 2186 gravidus
1003 2140 1202 2187 (moenia)
1226 2140 1289 2185 qui
1314 2141 1464 2176 armatis
1525 2171 1526 2174 ,

143 2198 259 2233 equus
281 2190 286 2233 1
309 2198 372 2222 suo
396 2187 506 2232 partu
532 2187 646 2222 ardua
669 2188 800 2232 perdat
824 2187 1028 2231 Pergama.)
1117 2191 1158 2223 19
1185 2187 1273 2222 -V1.
1298 2187 1334 2221 P
1419 2191 1463 2222 23

141 2256 291 2307 ‘peelrol'
313 2257 349 2292 P
424 2244 601 2300 Pussrtunt
623 2257 659 2291 P
