<?xml version="1.0" encoding="UTF-8"?>
<!DOCTYPE html PUBLIC "-//W3C//DTD XHTML 1.0 Transitional//EN"
    "http://www.w3.org/TR/xhtml1/DTD/xhtml1-transitional.dtd">
<html xmlns="http://www.w3.org/1999/xhtml" xml:lang="en" lang="en">
 <head>
  <title>
</title>
<meta http-equiv="Content-Type" content="text/html;charset=utf-8" />
  <meta name='ocr-system' content='tesseract 3.04.00' />
  <meta name='ocr-capabilities' content='ocr_page ocr_carea ocr_par ocr_line ocrx_word'/>
</head>
<body>
  <div class='ocr_page' id='page_1' title='image "./macrobiusfrancis00macruoft_0376.png"; bbox 0 0 1526 2444; ppageno 0'>
   <div class='ocr_carea' id='block_1_1' title="bbox 165 90 985 133">
    <p class='ocr_par' dir='ltr' id='par_1_1' title="bbox 165 90 985 133">
     <span class='ocr_line' id='line_1_1' title="bbox 165 90 985 133; baseline -0.006 0"><span class='ocrx_word' id='word_1_1' title='bbox 165 90 252 133; x_wconf 86' lang='grc'>364</span> <span class='ocrx_word' id='word_1_2' title='bbox 669 93 766 129; x_wconf 87' lang='lat' dir='ltr'>SAT.</span> <span class='ocrx_word' id='word_1_3' title='bbox 785 93 911 129; x_wconf 87' lang='lat' dir='ltr'>LIBRI</span> <span class='ocrx_word' id='word_1_4' title='bbox 934 94 985 130; x_wconf 89' lang='lat' dir='ltr'>VI</span> 
     </span>
    </p>
   </div>
   <div class='ocr_carea' id='block_1_2' title="bbox 225 197 1384 426">
    <p class='ocr_par' dir='ltr' id='par_1_2' title="bbox 225 197 1384 426">
     <span class='ocr_line' id='line_1_2' title="bbox 225 197 1249 254; baseline 0.004 -16"><span class='ocrx_word' id='word_1_5' title='bbox 225 199 447 252; x_wconf 81' lang='lat' dir='ltr'>speluncae</span> <span class='ocrx_word' id='word_1_6' title='bbox 478 197 647 252; x_wconf 89' lang='lat' dir='ltr'>uiuique</span> <span class='ocrx_word' id='word_1_7' title='bbox 676 199 803 252; x_wconf 83' lang='lat' dir='ltr'>lacus,</span> <span class='ocrx_word' id='word_1_8' title='bbox 833 202 878 241; x_wconf 85' lang='lat' dir='ltr'>at</span> <span class='ocrx_word' id='word_1_9' title='bbox 906 199 1061 254; x_wconf 87' lang='lat' dir='ltr'>frigida</span> <span class='ocrx_word' id='word_1_10' title='bbox 1094 200 1249 254; x_wconf 83' lang='lat' dir='ltr'><strong>Tempe</strong></span> 
     </span>
     <span class='ocr_line' id='line_1_3' title="bbox 226 255 1371 311; baseline 0.003 -15"><span class='ocrx_word' id='word_1_11' title='bbox 226 256 496 309; x_wconf 81' lang='lat' dir='ltr'>mugitusque</span> <span class='ocrx_word' id='word_1_12' title='bbox 526 255 654 297; x_wconf 91' lang='lat' dir='ltr'>boum</span> <span class='ocrx_word' id='word_1_13' title='bbox 685 257 915 311; x_wconf 81' lang='lat' dir='ltr'>mollesque</span> <span class='ocrx_word' id='word_1_14' title='bbox 947 259 1024 298; x_wconf 79' lang='lat' dir='ltr'>sub</span> <span class='ocrx_word' id='word_1_15' title='bbox 1056 258 1204 300; x_wconf 88' lang='lat' dir='ltr'>arbore</span> <span class='ocrx_word' id='word_1_16' title='bbox 1236 259 1371 300; x_wconf 86' lang='lat' dir='ltr'>somni</span> 
     </span>
     <span class='ocr_line' id='line_1_4' title="bbox 226 312 1244 367; baseline 0.002 -13"><span class='ocrx_word' id='word_1_17' title='bbox 226 327 309 354; x_wconf 89' lang='lat' dir='ltr'>non</span> <span class='ocrx_word' id='word_1_18' title='bbox 341 312 507 367; x_wconf 84' lang='lat' dir='ltr'>absunt,</span> <span class='ocrx_word' id='word_1_19' title='bbox 536 313 623 354; x_wconf 90' lang='lat' dir='ltr'>illic</span> <span class='ocrx_word' id='word_1_20' title='bbox 655 314 788 355; x_wconf 80' lang='lat' dir='ltr'>saltus</span> <span class='ocrx_word' id='word_1_21' title='bbox 820 329 867 356; x_wconf 90' lang='lat' dir='ltr'>ac</span> <span class='ocrx_word' id='word_1_22' title='bbox 897 315 1030 356; x_wconf 89' lang='lat' dir='ltr'>lustra</span> <span class='ocrx_word' id='word_1_23' title='bbox 1059 315 1244 357; x_wconf 86' lang='lat' dir='ltr'>ferarum</span> 
     </span>
     <span class='ocr_line' id='line_1_5' title="bbox 226 370 1384 426; baseline 0.003 -15"><span class='ocrx_word' id='word_1_24' title='bbox 226 373 268 411; x_wconf 89' lang='lat' dir='ltr'>et</span> <span class='ocrx_word' id='word_1_25' title='bbox 297 370 466 424; x_wconf 83' lang='lat' dir='ltr'>patiens</span> <span class='ocrx_word' id='word_1_26' title='bbox 498 384 671 425; x_wconf 88' lang='lat' dir='ltr'>operum</span> <span class='ocrx_word' id='word_1_27' title='bbox 703 372 938 426; x_wconf 86' lang='lat' dir='ltr'>exiguoque</span> <span class='ocrx_word' id='word_1_28' title='bbox 969 373 1144 414; x_wconf 87' lang='lat' dir='ltr'>adsueta</span> <span class='ocrx_word' id='word_1_29' title='bbox 1173 374 1384 415; x_wconf 86' lang='lat' dir='ltr'>iuuentus.</span> 
     </span>
    </p>
   </div>
   <div class='ocr_carea' id='block_1_3' title="bbox 168 450 817 494">
    <p class='ocr_par' dir='ltr' id='par_1_3' title="bbox 168 450 817 494">
     <span class='ocr_line' id='line_1_6' title="bbox 168 450 817 494; baseline 0.003 -3"><span class='ocrx_word' id='word_1_30' title='bbox 168 450 388 492; x_wconf 86' lang='lat' dir='ltr'>Lucretius</span> <span class='ocrx_word' id='word_1_31' title='bbox 418 450 464 491; x_wconf 89' lang='lat' dir='ltr'>in</span> <span class='ocrx_word' id='word_1_32' title='bbox 494 451 604 492; x_wconf 92' lang='lat' dir='ltr'>libro</span> <span class='ocrx_word' id='word_1_33' title='bbox 637 452 817 494; x_wconf 85' lang='lat' dir='ltr'>secundo</span> 
     </span>
    </p>
   </div>
   <div class='ocr_carea' id='block_1_4' title="bbox 128 519 1526 1092">
    <p class='ocr_par' dir='ltr' id='par_1_4' title="bbox 128 519 1526 1092">
     <span class='ocr_line' id='line_1_7' title="bbox 128 519 1413 575; baseline 0 -12"><span class='ocrx_word' id='word_1_34' title='bbox 128 522 155 563; x_wconf 84' lang='lat'>5</span> <span class='ocrx_word' id='word_1_35' title='bbox 228 519 264 560; x_wconf 89' lang='lat' dir='ltr'>si</span> <span class='ocrx_word' id='word_1_36' title='bbox 293 533 379 560; x_wconf 88' lang='lat' dir='ltr'>non</span> <span class='ocrx_word' id='word_1_37' title='bbox 411 533 539 561; x_wconf 86' lang='lat' dir='ltr'>aurea</span> <span class='ocrx_word' id='word_1_38' title='bbox 569 522 668 561; x_wconf 90' lang='lat' dir='ltr'>sunt</span> <span class='ocrx_word' id='word_1_39' title='bbox 697 520 899 562; x_wconf 90' lang='lat' dir='ltr'>iuuenum</span> <span class='ocrx_word' id='word_1_40' title='bbox 931 521 1156 563; x_wconf 80' lang='lat' dir='ltr'>simulacra</span> <span class='ocrx_word' id='word_1_41' title='bbox 1186 536 1261 575; x_wconf 88' lang='lat' dir='ltr'>per</span> <span class='ocrx_word' id='word_1_42' title='bbox 1291 521 1413 563; x_wconf 87' lang='lat' dir='ltr'>aedes</span> 
     </span>
     <span class='ocr_line' id='line_1_8' title="bbox 227 577 1363 633; baseline 0.002 -15"><span class='ocrx_word' id='word_1_43' title='bbox 227 577 448 631; x_wconf 88' lang='lat' dir='ltr'>lampadas</span> <span class='ocrx_word' id='word_1_44' title='bbox 478 577 681 632; x_wconf 84' lang='lat' dir='ltr'>igniferas</span> <span class='ocrx_word' id='word_1_45' title='bbox 712 579 907 620; x_wconf 83' lang='lat' dir='ltr'>manibus</span> <span class='ocrx_word' id='word_1_46' title='bbox 936 580 1163 620; x_wconf 88' lang='lat' dir='ltr'>retinentia</span> <span class='ocrx_word' id='word_1_47' title='bbox 1193 580 1363 633; x_wconf 84' lang='lat' dir='ltr'>dextris,</span> 
     </span>
     <span class='ocr_line' id='line_1_9' title="bbox 226 635 1237 691; baseline 0.003 -16"><span class='ocrx_word' id='word_1_48' title='bbox 226 635 386 676; x_wconf 84' lang='lat' dir='ltr'>lumina</span> <span class='ocrx_word' id='word_1_49' title='bbox 416 635 633 676; x_wconf 83' lang='lat' dir='ltr'>nocturnis</span> <span class='ocrx_word' id='word_1_50' title='bbox 665 636 795 687; x_wconf 90' lang='lat' dir='ltr'>epulis</span> <span class='ocrx_word' id='word_1_51' title='bbox 826 639 874 677; x_wconf 90' lang='lat' dir='ltr'>ut</span> <span class='ocrx_word' id='word_1_52' title='bbox 904 637 1237 691; x_wconf 78' lang='lat' dir='ltr'>subpeditentur‚</span> 
     </span>
     <span class='ocr_line' id='line_1_10' title="bbox 227 693 1331 748; baseline 0.002 -15"><span class='ocrx_word' id='word_1_53' title='bbox 227 706 305 733; x_wconf 89' lang='lat' dir='ltr'>nec</span> <span class='ocrx_word' id='word_1_54' title='bbox 337 693 484 734; x_wconf 90' lang='lat' dir='ltr'>domus</span> <span class='ocrx_word' id='word_1_55' title='bbox 516 695 693 747; x_wconf 87' lang='lat' dir='ltr'>argento</span> <span class='ocrx_word' id='word_1_56' title='bbox 725 693 890 748; x_wconf 85' lang='lat' dir='ltr'>fulgens</span> <span class='ocrx_word' id='word_1_57' title='bbox 922 709 1105 748; x_wconf 87' lang='lat' dir='ltr'>auroque</span> <span class='ocrx_word' id='word_1_58' title='bbox 1136 694 1331 735; x_wconf 82' lang='lat' dir='ltr'>renidens</span> 
     </span>
     <span class='ocr_line' id='line_1_11' title="bbox 227 749 1526 806; baseline 0.002 -16"><span class='ocrx_word' id='word_1_59' title='bbox 227 763 304 791; x_wconf 91' lang='lat' dir='ltr'>nec</span> <span class='ocrx_word' id='word_1_60' title='bbox 335 749 543 791; x_wconf 79' lang='lat' dir='ltr'>citharam</span> <span class='ocrx_word' id='word_1_61' title='bbox 573 751 752 792; x_wconf 83' lang='lat' dir='ltr'>reboant</span> <span class='ocrx_word' id='word_1_62' title='bbox 781 752 978 805; x_wconf 85' lang='lat' dir='ltr'>laqueata</span> <span class='ocrx_word' id='word_1_63' title='bbox 1010 754 1240 806; x_wconf 87' lang='lat' dir='ltr'>aurataque</span> <span class='ocrx_word' id='word_1_64' title='bbox 1269 753 1394 804; x_wconf 88' lang='lat' dir='ltr'>tecta,</span> <span class='ocrx_word' id='word_1_65' title='bbox 1505 763 1526 788; x_wconf 72' lang='lat'>1⁴</span> 
     </span>
     <span class='ocr_line' id='line_1_12' title="bbox 230 808 1397 864; baseline 0.002 -16"><span class='ocrx_word' id='word_1_66' title='bbox 230 822 324 849; x_wconf 88' lang='lat' dir='ltr'>cum</span> <span class='ocrx_word' id='word_1_67' title='bbox 355 809 498 849; x_wconf 89' lang='lat' dir='ltr'>tamen</span> <span class='ocrx_word' id='word_1_68' title='bbox 529 808 642 849; x_wconf 84' lang='lat' dir='ltr'>inter</span> <span class='ocrx_word' id='word_1_69' title='bbox 672 822 716 849; x_wconf 87' lang='lat' dir='ltr'>se</span> <span class='ocrx_word' id='word_1_70' title='bbox 746 809 949 862; x_wconf 74' lang='lat' dir='ltr'>prostrati</span> <span class='ocrx_word' id='word_1_71' title='bbox 980 810 1024 850; x_wconf 90' lang='lat' dir='ltr'>in</span> <span class='ocrx_word' id='word_1_72' title='bbox 1057 809 1247 864; x_wconf 85' lang='lat' dir='ltr'>gramine</span> <span class='ocrx_word' id='word_1_73' title='bbox 1278 809 1397 850; x_wconf 89' lang='lat' dir='ltr'>molli</span> 
     </span>
     <span class='ocr_line' id='line_1_13' title="bbox 229 865 1357 919; baseline 0 -12"><span class='ocrx_word' id='word_1_74' title='bbox 229 867 404 919; x_wconf 89' lang='lat' dir='ltr'>propter</span> <span class='ocrx_word' id='word_1_75' title='bbox 435 879 568 919; x_wconf 86' lang='lat' dir='ltr'>aquae</span> <span class='ocrx_word' id='word_1_76' title='bbox 599 865 740 907; x_wconf 88' lang='lat' dir='ltr'>riuum</span> <span class='ocrx_word' id='word_1_77' title='bbox 767 866 844 907; x_wconf 86' lang='lat' dir='ltr'>sub</span> <span class='ocrx_word' id='word_1_78' title='bbox 875 867 1005 907; x_wconf 90' lang='lat' dir='ltr'>ramis</span> <span class='ocrx_word' id='word_1_79' title='bbox 1038 867 1201 908; x_wconf 89' lang='lat' dir='ltr'>arboris</span> <span class='ocrx_word' id='word_1_80' title='bbox 1233 867 1357 919; x_wconf 85' lang='lat' dir='ltr'>altae,</span> 
     </span>
     <span class='ocr_line' id='line_1_14' title="bbox 228 923 1302 978; baseline 0 -14"><span class='ocrx_word' id='word_1_81' title='bbox 228 937 315 964; x_wconf 90' lang='lat' dir='ltr'>non</span> <span class='ocrx_word' id='word_1_82' title='bbox 345 924 511 976; x_wconf 89' lang='lat' dir='ltr'>magnis</span> <span class='ocrx_word' id='word_1_83' title='bbox 543 923 693 976; x_wconf 89' lang='lat' dir='ltr'>opibus</span> <span class='ocrx_word' id='word_1_84' title='bbox 724 923 901 965; x_wconf 88' lang='lat' dir='ltr'>iucunde</span> <span class='ocrx_word' id='word_1_85' title='bbox 932 938 1111 977; x_wconf 88' lang='lat' dir='ltr'>corpora</span> <span class='ocrx_word' id='word_1_86' title='bbox 1142 926 1302 978; x_wconf 84' lang='lat' dir='ltr'>curant,</span> 
     </span>
     <span class='ocr_line' id='line_1_15' title="bbox 230 980 1252 1034; baseline 0.001 -13"><span class='ocrx_word' id='word_1_87' title='bbox 230 980 478 1034; x_wconf 84' lang='lat' dir='ltr'>praesertim</span> <span class='ocrx_word' id='word_1_88' title='bbox 509 994 603 1021; x_wconf 88' lang='lat' dir='ltr'>cum</span> <span class='ocrx_word' id='word_1_89' title='bbox 634 983 863 1034; x_wconf 75' lang='lat' dir='ltr'>tempestas</span> <span class='ocrx_word' id='word_1_90' title='bbox 896 982 1051 1023; x_wconf 75' lang='lat' dir='ltr'>arridet</span> <span class='ocrx_word' id='word_1_91' title='bbox 1082 985 1124 1022; x_wconf 88' lang='lat' dir='ltr'>et</span> <span class='ocrx_word' id='word_1_92' title='bbox 1154 982 1252 1022; x_wconf 88' lang='lat' dir='ltr'>anni</span> 
     </span>
     <span class='ocr_line' id='line_1_16' title="bbox 229 1038 1526 1092; baseline 0.003 -14"><span class='ocrx_word' id='word_1_93' title='bbox 229 1040 425 1091; x_wconf 89' lang='lat' dir='ltr'>tempora</span> <span class='ocrx_word' id='word_1_94' title='bbox 455 1041 741 1092; x_wconf 86' lang='lat' dir='ltr'>conspergunt</span> <span class='ocrx_word' id='word_1_95' title='bbox 770 1039 1003 1080; x_wconf 88' lang='lat' dir='ltr'>uiridantes</span> <span class='ocrx_word' id='word_1_96' title='bbox 1033 1039 1208 1080; x_wconf 86' lang='lat' dir='ltr'>floribus</span> <span class='ocrx_word' id='word_1_97' title='bbox 1239 1038 1404 1079; x_wconf 86' lang='lat' dir='ltr'>herbas.</span> <span class='ocrx_word' id='word_1_98' title='bbox 1507 1053 1526 1082; x_wconf 78' lang='grc'>11</span> 
     </span>
    </p>
   </div>
   <div class='ocr_carea' id='block_1_5' title="bbox 132 1105 1526 1288">
    <p class='ocr_par' dir='ltr' id='par_1_5' title="bbox 132 1105 1526 1288">
     <span class='ocr_line' id='line_1_17' title="bbox 132 1105 1526 1173; baseline -0.001 -12"><span class='ocrx_word' id='word_1_99' title='bbox 132 1121 158 1161; x_wconf 84' lang='grc'>6</span> <span class='ocrx_word' id='word_1_100' title='bbox 230 1118 326 1160; x_wconf 91' lang='lat' dir='ltr'>Non</span> <span class='ocrx_word' id='word_1_101' title='bbox 359 1118 530 1159; x_wconf 86' lang='lat' dir='ltr'>umbrae</span> <span class='ocrx_word' id='word_1_102' title='bbox 562 1118 747 1159; x_wconf 88' lang='lat' dir='ltr'>altorum</span> <span class='ocrx_word' id='word_1_103' title='bbox 771 1133 1011 1173; x_wconf 55' lang='lat' dir='ltr'>nemorum5</span> <span class='ocrx_word' id='word_1_104' title='bbox 1033 1133 1119 1160; x_wconf 91' lang='lat' dir='ltr'>non</span> <span class='ocrx_word' id='word_1_105' title='bbox 1143 1119 1289 1160; x_wconf 86' lang='lat' dir='ltr'>mollia</span> <span class='ocrx_word' id='word_1_106' title='bbox 1312 1120 1491 1173; x_wconf 88' lang='lat' dir='ltr'>possunt</span> <span class='ocrx_word' id='word_1_107' title='bbox 1520 1105 1526 1132; x_wconf 70' lang='lat'>¹</span> 
     </span>
     <span class='ocr_line' id='line_1_18' title="bbox 231 1176 1526 1230; baseline -0.002 -13"><span class='ocrx_word' id='word_1_108' title='bbox 231 1178 355 1230; x_wconf 86' lang='lat' dir='ltr'>prata</span> <span class='ocrx_word' id='word_1_109' title='bbox 386 1189 555 1216; x_wconf 88' lang='lat' dir='ltr'>mouere</span> <span class='ocrx_word' id='word_1_110' title='bbox 588 1176 791 1217; x_wconf 88' lang='lat' dir='ltr'>animum:</span> <span class='ocrx_word' id='word_1_111' title='bbox 822 1190 908 1217; x_wconf 93' lang='lat' dir='ltr'>non</span> <span class='ocrx_word' id='word_1_112' title='bbox 940 1177 1011 1230; x_wconf 90' lang='lat' dir='ltr'>qui</span> <span class='ocrx_word' id='word_1_113' title='bbox 1042 1191 1117 1230; x_wconf 89' lang='lat' dir='ltr'>per</span> <span class='ocrx_word' id='word_1_114' title='bbox 1148 1191 1250 1217; x_wconf 86' lang='lat' dir='ltr'>saxa</span> <span class='ocrx_word' id='word_1_115' title='bbox 1279 1177 1451 1218; x_wconf 81' lang='lat' dir='ltr'>uolutus</span> <span class='ocrx_word' id='word_1_116' title='bbox 1520 1178 1526 1214; x_wconf 66' lang='lat'><em>4</em></span> 
     </span>
     <span class='ocr_line' id='line_1_19' title="bbox 231 1233 1103 1288; baseline 0 -13"><span class='ocrx_word' id='word_1_117' title='bbox 231 1234 376 1288; x_wconf 90' lang='lat' dir='ltr'>purior</span> <span class='ocrx_word' id='word_1_118' title='bbox 407 1233 559 1274; x_wconf 86' lang='lat' dir='ltr'>electro</span> <span class='ocrx_word' id='word_1_119' title='bbox 592 1247 786 1287; x_wconf 88' lang='lat' dir='ltr'>campum</span> <span class='ocrx_word' id='word_1_120' title='bbox 816 1234 926 1287; x_wconf 90' lang='lat' dir='ltr'>petit</span> <span class='ocrx_word' id='word_1_121' title='bbox 956 1234 1103 1275; x_wconf 88' lang='lat' dir='ltr'>amnis.</span> 
     </span>
    </p>
   </div>
   <div class='ocr_carea' id='block_1_6' title="bbox 174 1314 682 1356">
    <p class='ocr_par' dir='ltr' id='par_1_6' title="bbox 174 1314 682 1356">
     <span class='ocr_line' id='line_1_20' title="bbox 174 1314 682 1356; baseline 0 -2"><span class='ocrx_word' id='word_1_122' title='bbox 174 1314 393 1356; x_wconf 88' lang='lat' dir='ltr'>Lucretius</span> <span class='ocrx_word' id='word_1_123' title='bbox 424 1314 469 1354; x_wconf 91' lang='lat' dir='ltr'>in</span> <span class='ocrx_word' id='word_1_124' title='bbox 500 1314 682 1355; x_wconf 88' lang='lat' dir='ltr'>secundo</span> 
     </span>
    </p>
   </div>
   <div class='ocr_carea' id='block_1_7' title="bbox 232 1382 1370 1552">
    <p class='ocr_par' dir='ltr' id='par_1_7' title="bbox 232 1382 1370 1552">
     <span class='ocr_line' id='line_1_21' title="bbox 232 1382 1358 1436; baseline 0 -12"><span class='ocrx_word' id='word_1_125' title='bbox 232 1397 308 1424; x_wconf 87' lang='lat' dir='ltr'>nec</span> <span class='ocrx_word' id='word_1_126' title='bbox 339 1384 509 1423; x_wconf 86' lang='lat' dir='ltr'>tenerae</span> <span class='ocrx_word' id='word_1_127' title='bbox 542 1382 691 1424; x_wconf 83' lang='lat' dir='ltr'>salices</span> <span class='ocrx_word' id='word_1_128' title='bbox 723 1385 848 1436; x_wconf 89' lang='lat' dir='ltr'>atque</span> <span class='ocrx_word' id='word_1_129' title='bbox 878 1382 1036 1424; x_wconf 87' lang='lat' dir='ltr'>herbae</span> <span class='ocrx_word' id='word_1_130' title='bbox 1060 1397 1153 1424; x_wconf 89' lang='lat' dir='ltr'>rore</span> <span class='ocrx_word' id='word_1_131' title='bbox 1184 1384 1358 1425; x_wconf 89' lang='lat' dir='ltr'>uirentis</span> 
     </span>
     <span class='ocr_line' id='line_1_22' title="bbox 232 1440 1358 1495; baseline 0.001 -14"><span class='ocrx_word' id='word_1_132' title='bbox 232 1440 490 1494; x_wconf 87' lang='lat' dir='ltr'>fluminaque</span> <span class='ocrx_word' id='word_1_133' title='bbox 520 1440 608 1480; x_wconf 82' lang='lat' dir='ltr'>ulla</span> <span class='ocrx_word' id='word_1_134' title='bbox 640 1443 799 1494; x_wconf 86' lang='lat' dir='ltr'>queunt</span> <span class='ocrx_word' id='word_1_135' title='bbox 831 1441 1006 1482; x_wconf 86' lang='lat' dir='ltr'>summis</span> <span class='ocrx_word' id='word_1_136' title='bbox 1037 1441 1226 1482; x_wconf 87' lang='lat' dir='ltr'>labentia</span> <span class='ocrx_word' id='word_1_137' title='bbox 1255 1441 1358 1495; x_wconf 85' lang='lat' dir='ltr'>ripis</span> 
     </span>
     <span class='ocr_line' id='line_1_23' title="bbox 234 1497 1370 1552; baseline 0 -13"><span class='ocrx_word' id='word_1_138' title='bbox 234 1498 445 1540; x_wconf 87' lang='lat' dir='ltr'>oblectare</span> <span class='ocrx_word' id='word_1_139' title='bbox 478 1497 664 1539; x_wconf 89' lang='lat' dir='ltr'>animum</span> <span class='ocrx_word' id='word_1_140' title='bbox 697 1499 963 1552; x_wconf 70' lang='lat' dir='ltr'>subitamque</span> <span class='ocrx_word' id='word_1_141' title='bbox 995 1501 1185 1540; x_wconf 89' lang='lat' dir='ltr'>auertere</span> <span class='ocrx_word' id='word_1_142' title='bbox 1217 1513 1370 1540; x_wconf 86' lang='lat' dir='ltr'>curam.</span> 
     </span>
    </p>
   </div>
   <div class='ocr_carea' id='block_1_8' title="bbox 138 1573 1493 1800">
    <p class='ocr_par' dir='ltr' id='par_1_8' title="bbox 138 1573 1493 1800">
     <span class='ocr_line' id='line_1_24' title="bbox 138 1573 1493 1628; baseline -0.001 -13"><span class='ocrx_word' id='word_1_143' title='bbox 138 1576 159 1616; x_wconf 84' lang='lat'><strong>7</strong></span> <span class='ocrx_word' id='word_1_144' title='bbox 177 1573 309 1627; x_wconf 88' lang='lat' dir='ltr'>ipsius</span> <span class='ocrx_word' id='word_1_145' title='bbox 353 1587 453 1614; x_wconf 88' lang='lat' dir='ltr'>uero</span> <span class='ocrx_word' id='word_1_146' title='bbox 497 1573 785 1627; x_wconf 71' lang='lat' dir='ltr'>pestilentiae,</span> <span class='ocrx_word' id='word_1_147' title='bbox 828 1587 935 1627; x_wconf 87' lang='lat' dir='ltr'>quae</span> <span class='ocrx_word' id='word_1_148' title='bbox 975 1576 1039 1615; x_wconf 91' lang='lat' dir='ltr'>est</span> <span class='ocrx_word' id='word_1_149' title='bbox 1073 1574 1117 1614; x_wconf 89' lang='lat' dir='ltr'>in</span> <span class='ocrx_word' id='word_1_150' title='bbox 1154 1573 1281 1615; x_wconf 88' lang='lat' dir='ltr'>tertio</span> <span class='ocrx_word' id='word_1_151' title='bbox 1319 1573 1493 1628; x_wconf 84' lang='lat' dir='ltr'>Georgi-</span> 
     </span>
     <span class='ocr_line' id='line_1_25' title="bbox 177 1630 1493 1685; baseline 0.001 -14"><span class='ocrx_word' id='word_1_152' title='bbox 177 1645 336 1683; x_wconf 84' lang='lat' dir='ltr'>corum,</span> <span class='ocrx_word' id='word_1_153' title='bbox 375 1630 492 1671; x_wconf 89' lang='lat' dir='ltr'>color</span> <span class='ocrx_word' id='word_1_154' title='bbox 522 1632 638 1672; x_wconf 86' lang='lat' dir='ltr'>totus</span> <span class='ocrx_word' id='word_1_155' title='bbox 670 1632 712 1671; x_wconf 92' lang='lat' dir='ltr'>et</span> <span class='ocrx_word' id='word_1_156' title='bbox 741 1630 991 1672; x_wconf 88' lang='lat' dir='ltr'>liniamenta</span> <span class='ocrx_word' id='word_1_157' title='bbox 1020 1645 1152 1685; x_wconf 85' lang='lat' dir='ltr'>paene</span> <span class='ocrx_word' id='word_1_158' title='bbox 1185 1630 1326 1672; x_wconf 86' lang='lat' dir='ltr'>omnia</span> <span class='ocrx_word' id='word_1_159' title='bbox 1355 1633 1493 1672; x_wconf 83' lang='lat' dir='ltr'>tracta</span> 
     </span>
     <span class='ocr_line' id='line_1_26' title="bbox 177 1688 1492 1742; baseline 0 -13"><span class='ocrx_word' id='word_1_160' title='bbox 177 1691 276 1730; x_wconf 87' lang='lat' dir='ltr'>sunt</span> <span class='ocrx_word' id='word_1_161' title='bbox 319 1688 368 1728; x_wconf 92' lang='lat' dir='ltr'>de</span> <span class='ocrx_word' id='word_1_162' title='bbox 405 1688 685 1742; x_wconf 83' lang='lat' dir='ltr'>descriptione</span> <span class='ocrx_word' id='word_1_163' title='bbox 722 1688 1008 1741; x_wconf 88' lang='lat' dir='ltr'>pestilentiae,</span> <span class='ocrx_word' id='word_1_164' title='bbox 1051 1702 1155 1742; x_wconf 89' lang='lat' dir='ltr'>quae</span> <span class='ocrx_word' id='word_1_165' title='bbox 1193 1691 1257 1730; x_wconf 89' lang='lat' dir='ltr'>est</span> <span class='ocrx_word' id='word_1_166' title='bbox 1293 1689 1338 1729; x_wconf 89' lang='lat' dir='ltr'>in</span> <span class='ocrx_word' id='word_1_167' title='bbox 1374 1691 1492 1730; x_wconf 84' lang='lat' dir='ltr'>sexto</span> 
     </span>
     <span class='ocr_line' id='line_1_27' title="bbox 176 1745 989 1800; baseline -0.002 -12"><span class='ocrx_word' id='word_1_168' title='bbox 176 1746 371 1788; x_wconf 87' lang='lat' dir='ltr'>Lucretii.</span> <span class='ocrx_word' id='word_1_169' title='bbox 430 1760 530 1787; x_wconf 89' lang='lat' dir='ltr'>nam</span> <span class='ocrx_word' id='word_1_170' title='bbox 561 1745 809 1800; x_wconf 84' lang='lat' dir='ltr'>Vergiliana</span> <span class='ocrx_word' id='word_1_171' title='bbox 839 1746 989 1799; x_wconf 88' lang='lat' dir='ltr'>incipit</span> 
     </span>
    </p>
   </div>
   <div class='ocr_carea' id='block_1_9' title="bbox 1441 1257 1526 2444">
    <p class='ocr_par' dir='ltr' id='par_1_9' title="bbox 1441 1257 1526 2444">
     <span class='ocr_line' id='line_1_28' title="bbox 1498 1257 1526 1712; baseline 0 0"><span class='ocrx_word' id='word_1_172' title='bbox 1498 1257 1526 1712; x_wconf 95' lang='lat' dir='ltr'>   </span> 
     </span>
     <span class='ocr_line' id='line_1_29' title="bbox 1483 1712 1526 2157; baseline 0 0"><span class='ocrx_word' id='word_1_173' title='bbox 1483 1712 1526 2157; x_wconf 95' lang='lat' dir='ltr'>     </span> 
     </span>
     <span class='ocr_line' id='line_1_30' title="bbox 1441 2157 1526 2444; baseline 0 -215"><span class='ocrx_word' id='word_1_174' title='bbox 1441 2157 1526 2444; x_wconf 95' lang='lat' dir='ltr'>  </span> 
     </span>
    </p>
   </div>
   <div class='ocr_carea' id='block_1_10' title="bbox 234 1820 1497 1990">
    <p class='ocr_par' dir='ltr' id='par_1_10' title="bbox 234 1820 1497 1990">
     <span class='ocr_line' id='line_1_31' title="bbox 234 1820 1402 1874; baseline 0 -13"><span class='ocrx_word' id='word_1_175' title='bbox 234 1821 305 1862; x_wconf 87' lang='lat' dir='ltr'>hic</span> <span class='ocrx_word' id='word_1_176' title='bbox 337 1820 549 1874; x_wconf 88' lang='lat' dir='ltr'>quondam</span> <span class='ocrx_word' id='word_1_177' title='bbox 579 1821 727 1862; x_wconf 89' lang='lat' dir='ltr'>morbo</span> <span class='ocrx_word' id='word_1_178' title='bbox 759 1820 863 1861; x_wconf 87' lang='lat' dir='ltr'>caeli</span> <span class='ocrx_word' id='word_1_179' title='bbox 893 1820 1130 1862; x_wconf 86' lang='lat' dir='ltr'>miseranda</span> <span class='ocrx_word' id='word_1_180' title='bbox 1160 1823 1307 1862; x_wconf 91' lang='lat' dir='ltr'>coorta</span> <span class='ocrx_word' id='word_1_181' title='bbox 1337 1823 1402 1861; x_wconf 87' lang='lat' dir='ltr'>est</span> 
     </span>
     <span class='ocr_line' id='line_1_32' title="bbox 234 1878 1294 1932; baseline 0 -13"><span class='ocrx_word' id='word_1_182' title='bbox 234 1880 466 1931; x_wconf 87' lang='lat' dir='ltr'>tempestas</span> <span class='ocrx_word' id='word_1_183' title='bbox 498 1881 673 1932; x_wconf 90' lang='lat' dir='ltr'>totoque</span> <span class='ocrx_word' id='word_1_184' title='bbox 706 1878 897 1919; x_wconf 87' lang='lat' dir='ltr'>autumni</span> <span class='ocrx_word' id='word_1_185' title='bbox 927 1878 1144 1920; x_wconf 84' lang='lat' dir='ltr'>incanduit</span> <span class='ocrx_word' id='word_1_186' title='bbox 1176 1880 1294 1919; x_wconf 87' lang='lat' dir='ltr'>aestu</span> 
     </span>
     <span class='ocr_line' id='line_1_33' title="bbox 237 1935 1497 1990; baseline 0.001 -15"><span class='ocrx_word' id='word_1_187' title='bbox 237 1937 279 1976; x_wconf 85' lang='lat' dir='ltr'>et</span> <span class='ocrx_word' id='word_1_188' title='bbox 310 1949 440 1990; x_wconf 87' lang='lat' dir='ltr'>genus</span> <span class='ocrx_word' id='word_1_189' title='bbox 473 1950 596 1977; x_wconf 87' lang='lat' dir='ltr'>omne</span> <span class='ocrx_word' id='word_1_190' title='bbox 626 1936 720 1977; x_wconf 90' lang='lat' dir='ltr'>neci</span> <span class='ocrx_word' id='word_1_191' title='bbox 750 1935 955 1989; x_wconf 89' lang='lat' dir='ltr'>pecudum</span> <span class='ocrx_word' id='word_1_192' title='bbox 987 1936 1112 1990; x_wconf 84' lang='lat' dir='ltr'>dedit,</span> <span class='ocrx_word' id='word_1_193' title='bbox 1143 1949 1268 1977; x_wconf 88' lang='lat' dir='ltr'>omne</span> <span class='ocrx_word' id='word_1_194' title='bbox 1299 1935 1497 1977; x_wconf 68' lang='lat' dir='ltr'>ferarum·</span> 
     </span>
    </p>
   </div>
   <div class='ocr_carea' id='block_1_11' title="bbox 188 2006 454 2010">
    <p class='ocr_par' dir='ltr' id='par_1_11' title="bbox 188 2006 454 2010">
     <span class='ocr_line' id='line_1_34' title="bbox 188 2006 454 2010; baseline 0 0"><span class='ocrx_word' id='word_1_195' title='bbox 188 2006 454 2010; x_wconf 95' lang='lat' dir='ltr'> </span> 
     </span>
    </p>
   </div>
   <div class='ocr_carea' id='block_1_12' title="bbox 177 2019 1498 2118">
    <p class='ocr_par' dir='ltr' id='par_1_12' title="bbox 177 2019 1498 2118">
     <span class='ocr_line' id='line_1_35' title="bbox 177 2019 1498 2118; baseline -0.001 -47"><span class='ocrx_word' id='word_1_196' title='bbox 177 2082 227 2117; x_wconf 88' lang='lat'>111</span> <span class='ocrx_word' id='word_1_197' title='bbox 251 2041 361 2118; x_wconf 52' lang='grc' dir='ltr'>4εζ824</span> <span class='ocrx_word' id='word_1_198' title='bbox 480 2041 523 2071; x_wconf 82' lang='grc'>16</span> <span class='ocrx_word' id='word_1_199' title='bbox 549 2038 681 2082; x_wconf 80' lang='lat' dir='ltr'>Georg.</span> <span class='ocrx_word' id='word_1_200' title='bbox 714 2037 764 2071; x_wconf 82' lang='grc' dir='ltr'>ΙΙΙ</span> <span class='ocrx_word' id='word_1_201' title='bbox 789 2040 856 2072; x_wconf 83' lang='lat'>520</span> <span class='ocrx_word' id='word_1_202' title='bbox 974 2040 1017 2072; x_wconf 81' lang='lat'>19</span> <span class='ocrx_word' id='word_1_203' title='bbox 1042 2037 1075 2071; x_wconf 91' lang='lat'>11</span> <span class='ocrx_word' id='word_1_204' title='bbox 1106 2041 1170 2072; x_wconf 83' lang='lat'>361</span> <span class='ocrx_word' id='word_1_205' title='bbox 1291 2040 1334 2072; x_wconf 80' lang='lat'>27</span> <span class='ocrx_word' id='word_1_206' title='bbox 1363 2019 1498 2081; x_wconf 54' lang='lat' dir='ltr'>Georg&#39;</span> 
     </span>
    </p>
   </div>
   <div class='ocr_carea' id='block_1_13' title="bbox 177 2143 455 2149">
    <p class='ocr_par' dir='ltr' id='par_1_13' title="bbox 177 2143 455 2149">
     <span class='ocr_line' id='line_1_36' title="bbox 177 2143 455 2149; baseline 0 0"><span class='ocrx_word' id='word_1_207' title='bbox 177 2143 455 2149; x_wconf 95' lang='lat' dir='ltr'> </span> 
     </span>
    </p>
   </div>
   <div class='ocr_carea' id='block_1_14' title="bbox 180 2175 1526 2278">
    <p class='ocr_par' dir='ltr' id='par_1_14' title="bbox 180 2175 1526 2278">
     <span class='ocr_line' id='line_1_37' title="bbox 272 2175 1526 2219; baseline 0 -9"><span class='ocrx_word' id='word_1_208' title='bbox 272 2180 290 2210; x_wconf 92' lang='lat'><strong>1</strong></span> <span class='ocrx_word' id='word_1_209' title='bbox 317 2175 366 2210; x_wconf 85' lang='lat' dir='ltr'>ad</span> <span class='ocrx_word' id='word_1_210' title='bbox 390 2176 426 2210; x_wconf 95' lang='lat' dir='ltr'><strong><em>P</em></strong></span> <span class='ocrx_word' id='word_1_211' title='bbox 559 2178 603 2209; x_wconf 88' lang='lat'>10</span> <span class='ocrx_word' id='word_1_212' title='bbox 628 2175 827 2219; x_wconf 78' lang='lat' dir='ltr'>qlaqueata</span> <span class='ocrx_word' id='word_1_213' title='bbox 853 2175 888 2209; x_wconf 90' lang='lat' dir='ltr'><strong><em>P</em></strong></span> <span class='ocrx_word' id='word_1_214' title='bbox 1014 2177 1115 2211; x_wconf 84' lang='lat' dir='ltr'>tecta</span> <span class='ocrx_word' id='word_1_215' title='bbox 1138 2175 1324 2211; x_wconf 77' lang='lat' dir='ltr'>Bentleius</span> <span class='ocrx_word' id='word_1_216' title='bbox 1348 2176 1396 2210; x_wconf 82' lang='lat' dir='ltr'>ad</span> <span class='ocrx_word' id='word_1_217' title='bbox 1420 2185 1459 2210; x_wconf 84' lang='lat' dir='ltr'>co</span> <span class='ocrx_word' id='word_1_218' title='bbox 1524 2194 1526 2199; x_wconf 27' lang='grc' dir='ltr'><strong><em>π</em></strong></span> 
     </span>
     <span class='ocr_line' id='line_1_38' title="bbox 180 2221 1421 2278; baseline -0.002 -20"><span class='ocrx_word' id='word_1_219' title='bbox 180 2222 524 2268; x_wconf 69' lang='lat' dir='ltr'>Cantabriyiensem:</span> <span class='ocrx_word' id='word_1_220' title='bbox 548 2223 633 2266; x_wconf 72' lang='lat' dir='ltr'>tepe</span> <span class='ocrx_word' id='word_1_221' title='bbox 660 2221 697 2255; x_wconf 89' lang='lat' dir='ltr'><strong><em>P</em></strong></span> <span class='ocrx_word' id='word_1_222' title='bbox 778 2225 819 2255; x_wconf 90' lang='lat'>11</span> <span class='ocrx_word' id='word_1_223' title='bbox 848 2226 933 2278; x_wconf 62' lang='lat' dir='ltr'>capi</span> <span class='ocrx_word' id='word_1_224' title='bbox 953 2222 1056 2257; x_wconf 82' lang='lat' dir='ltr'>molli</span> <span class='ocrx_word' id='word_1_225' title='bbox 1080 2222 1117 2256; x_wconf 93' lang='lat' dir='ltr'><strong><em>P</em></strong></span> <span class='ocrx_word' id='word_1_226' title='bbox 1199 2225 1240 2256; x_wconf 90' lang='lat'>13</span> <span class='ocrx_word' id='word_1_227' title='bbox 1266 2221 1421 2256; x_wconf 76' lang='lat' dir='ltr'>iocunde</span> 
     </span>
    </p>
   </div>
   <div class='ocr_carea' id='block_1_15' title="bbox 180 2278 733 2315">
    <p class='ocr_par' dir='ltr' id='par_1_15' title="bbox 180 2278 733 2315">
     <span class='ocr_line' id='line_1_39' title="bbox 180 2278 733 2315; baseline -0.002 -1"><span class='ocrx_word' id='word_1_228' title='bbox 180 2283 221 2315; x_wconf 81' lang='grc'>17</span> <span class='ocrx_word' id='word_1_229' title='bbox 248 2290 394 2315; x_wconf 91' lang='lat' dir='ltr'>uomere</span> <span class='ocrx_word' id='word_1_230' title='bbox 419 2279 456 2314; x_wconf 92' lang='lat' dir='ltr'><strong><em>P</em></strong></span> <span class='ocrx_word' id='word_1_231' title='bbox 523 2281 567 2313; x_wconf 83' lang='lat'>25</span> <span class='ocrx_word' id='word_1_232' title='bbox 593 2278 669 2314; x_wconf 85' lang='lat' dir='ltr'>-VI-</span> <span class='ocrx_word' id='word_1_233' title='bbox 697 2279 733 2313; x_wconf 93' lang='lat' dir='ltr'><strong><em>P</em></strong></span> 
     </span>
    </p>
   </div>
  </div>
 </body>
</html>
