1526 2444
0 0 22 32 F

1 35 16 63 ξ
575 69 662 105 ΧΧΙ
689 72 827 105 11-19
1297 70 1382 112 119

0 175 219 235 'tempus‚
258 193 340 235 quo
380 180 567 234 angusta
603 178 677 221 lux
716 179 800 232 est,
839 193 936 220 cum
967 178 1086 221 uelut
1116 178 1283 221 abrasis
1316 179 1382 220 in-

31 237 259 280 crementis
297 240 564 293 angustaque
601 239 801 280 manente
839 237 1033 280 extantia
1068 237 1120 280 ad
1153 237 1381 280 minimum

12 297 114 341 ,diei
152 297 217 340 sol
253 296 450 352 peruenit
493 295 700 352 spatium,
744 296 858 352 quod
901 298 1068 339 ueteres
1106 297 1381 352 appellauere

35 356 226 408 brumale
259 356 508 410 solstitium,
545 356 746 398 brumam
778 371 803 398 a
835 355 1047 398 breuitate
1085 356 1249 399 dierum
1280 370 1380 413 cog-

0 431 15 461 5
33 415 303 458 nominantes
333 415 379 456 id
411 417 476 457 est
506 416 647 471 βραχὺ
678 410 810 471 ἦμαρ,
843 429 893 457 ex
925 415 1081 470 quibus
1106 415 1286 458 latebris
1312 416 1381 458 uel

30 475 244 530 angustiis
275 488 423 517 rursus
450 488 671 530 emergens
697 475 750 516 ad
777 474 989 517 aestiuum
1015 474 1382 530 hemisphaerium

29 535 252 590 tamquam
296 547 500 576 enascens
544 534 591 576 in
636 536 870 589 augmenta
905 534 1158 590 porrigitur,
1197 536 1240 576 et
1276 536 1381 578 tunc

29 593 84 636 ad
115 607 296 649 regnum
329 607 453 635 suum
483 593 729 648 peruenisse
766 593 854 635 iam
890 593 1088 635 creditur.
1149 596 1379 649 propterea
1396 595 1452 638 16

28 651 238 708 Aegyptii
263 652 423 694 animal
450 652 495 694 in
520 652 696 695 zodiaco
722 666 1026 695 consecrauere
1045 666 1097 694 ea
1117 653 1223 694 caeli
1242 656 1379 708 parte,

0 726 116 767 siqua
151 710 340 753 maxime
379 725 521 754 annuo
560 725 686 754 cursu
724 711 789 754 sol
827 711 970 754 ualido
1013 711 1189 753 efferuet
1226 712 1382 767 calore,

27 769 305 825 Leonisque
343 770 452 812 inibi
490 770 657 826 signum
698 770 963 813 domicilium
1002 771 1104 812 solis
1147 771 1381 826 appellant,

29 830 128 885 quia
165 829 208 871 id
246 830 407 871 animal
450 829 619 871 uidetur
662 843 714 871 ex
750 831 907 872 natura
946 830 1048 872 solis
1092 830 1379 873 substantiam

30 888 200 944 ducere,
238 888 424 943 primum
462 888 561 943 quia
597 888 761 943 impetu
799 891 843 931 et
880 889 1023 931 calore
1059 891 1255 944 praestat
1289 890 1377 932 ani·
1395 891 1451 933 17

28 947 172 1004 malia,
202 948 266 989 uti
296 949 490 1002 praestat
522 948 585 990 sol
618 948 769 1003 sidera,
799 948 1053 1003 ualidusque
1086 951 1153 990 est
1182 949 1249 992 leo
1281 963 1379 1004 pec-

0 1008 120 1049 store
140 1009 184 1049 et
208 1006 349 1062 priore
369 1006 558 1062 corporis
577 1009 713 1063 parte,
739 1021 788 1050 ac
813 1007 1045 1064 degenerat
1063 1008 1378 1062 posterioribus

26 1066 242 1120 membris,
274 1079 407 1121 aeque
433 1066 535 1108 solis
559 1066 627 1108 uis
653 1067 792 1121 prima
816 1069 940 1122 parte
967 1066 1051 1109 diei
1076 1067 1130 1109 ad
1155 1067 1379 1110 meridiem

25 1124 242 1180 increscit,
284 1125 354 1167 uel
389 1125 530 1180 prima
565 1129 689 1180 parte
728 1126 830 1168 anni
868 1141 894 1168 a
932 1140 1030 1168 uere
1067 1126 1114 1168 in
1154 1129 1379 1182 aestatem,

26 1198 127 1226 mox
159 1184 463 1240 elanguescens
495 1184 716 1227 deducitur
746 1185 817 1228 uel
849 1185 902 1228 ad
935 1199 1145 1241 occasum,
1179 1186 1255 1242 qui
1281 1187 1377 1242 diei,

27 1243 97 1285 uel
123 1242 177 1284 ad
201 1242 400 1297 hiemem,
431 1257 538 1298 quae
565 1244 665 1286 anni
689 1259 790 1299 pars
814 1245 996 1300 uidetur,
1029 1259 1121 1287 esse
1146 1246 1378 1301 posterior.

0 1316 12 1343 >
29 1301 227 1356 idemque
253 1302 387 1345 oculis
407 1303 655 1356 patentibus
675 1307 804 1359 atque
826 1304 964 1359 igneis
985 1304 1174 1346 cernitur
1194 1319 1378 1361 semper,

30 1363 78 1402 ut
116 1361 180 1403 sol
217 1361 384 1416 patenti
421 1361 632 1417 igneoque
671 1363 794 1405 oculo
826 1364 988 1405 terram
1019 1366 1252 1418 conspectu
1283 1379 1377 1419 per-

28 1421 159 1475 petuo
192 1423 321 1475 atque
352 1419 615 1476 infatigabili
646 1421 796 1464 cernit.

148 1477 239 1521 Nec
271 1479 387 1522 solus
412 1478 501 1522 Leo
534 1480 607 1522 sed
640 1480 765 1535 signa
791 1494 959 1536 quoque
984 1481 1187 1523 uniuersa
1211 1481 1377 1524 zodiaci
1395 1483 1451 1525 18

29 1537 84 1579 ad
120 1540 326 1580 naturam
363 1538 466 1580 solis
503 1539 594 1580 iure
631 1538 894 1595 referuntur,
931 1541 975 1582 et
1012 1542 1061 1582 ut
1101 1541 1154 1583 ab
1199 1540 1379 1584 Ariete

0 1595 249 1651 §incipiam,
280 1609 437 1652 magna
468 1597 533 1639 illi
564 1598 789 1641 concordia
820 1601 895 1641 est.
952 1613 1054 1641 nam
1084 1600 1121 1642 is
1153 1614 1230 1655 per
1261 1615 1380 1643 men-

29 1669 98 1697 ses
130 1670 204 1697 sex
234 1656 437 1698 hibernos
467 1656 643 1699 sinistro
670 1658 847 1700 incubat
870 1659 996 1700 lateri
1023 1659 1078 1700 ab
1105 1659 1379 1714 aequinoctio

28 1728 161 1756 uerno
205 1729 334 1771 supra
379 1714 575 1757 dextrum
619 1716 734 1759 latus
779 1717 890 1760 sicut
934 1720 977 1760 et
1020 1718 1085 1760 sol
1129 1718 1183 1760 ab
1229 1719 1379 1761 eodem

28 1774 222 1828 tempore
254 1774 452 1817 dextrum
483 1774 866 1832 hemisphaerium,
903 1777 1068 1832 reliquo
1105 1777 1244 1820 ambit
1276 1778 1378 1820 sini-

30 1834 178 1875 strum.
239 1832 335 1875 ideo
375 1836 419 1875 et
451 1834 727 1891 Ammonem,
765 1850 889 1891 quem
928 1835 1054 1879 deum
1093 1837 1229 1879 solem
1268 1838 1378 1880 occi-
1395 1837 1450 1879 19

0 1890 202 1934 udentem
233 1892 390 1947 Libyes
429 1893 694 1949 existimant,
733 1895 925 1938 arietinis
964 1895 1164 1938 cornibus
1195 1897 1379 1953 fingunt,

124 2082 142 2113 1
170 2090 193 2114 v
218 2080 260 2115 in
283 2079 346 2115 lvx
371 2080 413 2116 in
437 2091 510 2116 ras.
537 2081 579 2116 in
604 2081 641 2116 P
697 2081 937 2117 1ncrement1f
956 2083 1187 2127 naturaeque
1212 2084 1379 2129 (natura-

29 2136 101 2170 que
125 2123 191 2170 P')
215 2128 389 2163 manente
417 2127 454 2162 P
531 2132 551 2163 2
579 2129 766 2164 exstantia
792 2129 829 2163 P
907 2133 927 2164 3
953 2129 1166 2175 apellauere
1192 2130 1230 2165 P
1299 2135 1319 2167 6
1346 2135 1380 2167 et

27 2174 74 2206 28
103 2172 366 2219 hemispenum
396 2174 434 2209 P
568 2179 587 2211 7
620 2175 809 2221 ΘηοΙΓοθηΓ
841 2180 883 2212 ut
912 2177 989 2213 uid.
1025 2175 1088 2221 P'‚
1126 2188 1324 2214 renascens
1358 2180 1379 2214 b

30 2222 75 2254 14
99 2219 153 2255 est
176 2231 242 2257 om.
270 2220 320 2256 P‘
409 2225 452 2258 15
477 2222 741 2268 postenufibus
760 2221 807 2258 B'
896 2227 939 2259 16
965 2226 1072 2270 parte
1098 2235 1165 2261 om.
1191 2224 1241 2260 P'
1335 2230 1378 2261 17

27 2275 116 2301 uere
140 2267 194 2303 B:
218 2269 364 2305 uertere
392 2269 429 2304 P
519 2274 562 2306 18
588 2271 636 2306 ad
661 2281 728 2307 om.
754 2269 801 2306 B'
894 2283 958 2317 qm
983 2282 1050 2309 om.
1076 2272 1114 2307 B
1210 2277 1256 2309 26
1282 2273 1379 2309 iber-

28 2312 97 2347 nol'
115 2314 153 2349 B
225 2318 270 2351 30
294 2315 406 2352 hb1es
425 2316 509 2353 BP
