1526 2444
592 75 696 114 VIIII
721 79 838 112 4-15
1337 73 1392 114 41

12 196 13 202 ’
49 189 201 229 tenens
245 186 299 229 ad
341 184 722 229 demonstrandam
766 185 869 227 anni
913 182 1241 237 dimensionem,
1285 196 1395 237 quae

48 246 278 301 praecipua
319 247 386 288 est
429 245 532 287 solis
571 246 780 299 potestas.
854 244 927 286 alii
971 242 1208 285 mundum
1244 240 1289 284 id
1327 243 1394 282 est
1410 242 1462 284 11

49 304 212 347 caelum
243 318 353 346 esse
384 304 615 346 uoluerunt
639 302 907 358 Ianumque
939 302 999 344 ab
1032 301 1193 344 eundo
1219 300 1396 355 dictum,

10 407 11 421 2
49 367 179 419 quod
209 362 421 405 mundus
465 376 660 417 semper
691 364 792 416 eat,
835 362 948 404 dum
986 361 1039 403 in
1078 361 1250 403 orbem
1287 359 1396 402 uol-

9 435 25 459 ὲν.
49 422 189 464 uitur
233 424 283 464 et
321 436 378 464 ex
417 436 467 464 se
497 421 707 463 initium
738 421 934 463 faciens
978 420 1029 462 in
1067 434 1116 462 se
1153 419 1394 461 refertur:

10 493 11 530 j
47 481 158 523 unde
202 482 246 522 et
288 479 589 524 CORMFIcivs
632 479 900 523 ETYMORVM
936 490 1076 521 meno
1109 489 1279 520 TERTIO
1318 475 1396 519 Ci-

48 553 160 582 cero
193 540 334 595 inquit
364 554 466 582 non
495 539 676 582 Ianum
708 539 794 581 sed
825 539 1019 582 Eanum
1050 538 1302 591 nominat,
1334 535 1395 578 ab

48 599 222 641 eundo.
282 598 383 641 hinc
426 601 470 641 et
499 598 736 641 Phoenices
775 598 819 640 in
859 598 992 640 sacris
1030 597 1265 652 imaginem
1305 595 1395 637 eius
1411 595 1467 637 12

8 660 10 708 ᾖ
48 658 334 712 exprimentes
378 657 606 700 draconem
650 657 868 700 finxerunt
904 657 950 698 in
987 655 1136 698 orbem
1172 655 1395 697 redactum

48 716 311 772 caudamque
337 731 460 759 suam
485 717 778 770 deuorantem,
808 718 857 758 ut
889 717 1096 770 appareat
1121 713 1326 756 mundum
1352 717 1395 754 et

8 784 9 833 J
49 789 100 817 ex
132 790 176 818 se
208 775 303 830 ipso
337 776 393 818 ali
425 778 468 817 et
497 776 544 817 in
575 790 619 818 se
650 774 829 817 reuolui.
890 774 988 816 ideo
1020 776 1064 815 et
1095 773 1209 828 apud
1237 786 1319 814 nos
1350 761 1466 813 in13

48 836 256 888 quattuor
279 836 422 889 partes
443 836 620 890 spectat,
638 837 687 876 ut
712 833 981 876 demonstrat
999 832 1277 875 simulacrum
1304 830 1394 872 eius

46 891 213 935 Faleris
245 893 482 936 aduectum.
503 892 678 936 GAVIVS
706 891 880 935 BASSVS
906 893 952 934 in
971 906 1021 934 eo
1042 892 1166 946 libro,
1185 905 1312 946 quem
1332 902 1394 932 DE

6 955 7 1008 J
46 962 123 994 DIS
154 952 411 1007 composuit,
443 952 619 994 Ianum
652 951 931 994 bifrontem
962 951 1099 1006 fingi
1137 950 1209 993 ait
1246 949 1395 1004 quasi

6 1012 21 1047 ³1·
47 1023 283 1066 superum
305 1014 459 1067 atque
484 1011 702 1053 inferum
722 1011 1018 1066 ianitorem,
1044 1009 1252 1052 eundem
1274 1023 1394 1064 qua-

4 1072 7 1084 *
47 1069 347 1112 driformem
390 1071 539 1125 quasi
581 1070 824 1112 uniuersa
872 1070 1085 1112 climata
1122 1068 1395 1110 maiestate

4 1127 7 1170 ἶ
47 1129 356 1184 conplexum.
412 1128 654 1172 SALIORVM
685 1143 852 1184 quoque
884 1127 1199 1184 antiquissimis
1234 1126 1468 1169 GARM1-14

47 1198 184 1230 mnvs
217 1188 422 1231 deorum
454 1189 574 1231 deus
607 1190 785 1231 canitur,
833 1187 1027 1230 MARovs
1061 1187 1192 1230 etiam
1223 1185 1396 1228 MESSA-

4 1274 5 1303 3
47 1257 126 1298 LA,
170 1244 245 1289 On.
281 1246 464 1289 Domitii
503 1248 550 1289 in
593 1247 821 1290 consulatu
863 1247 1050 1303 collega,
1086 1246 1284 1300 idemque
1319 1258 1396 1300 per

3 1307 32 1347 o
49 1319 186 1347 annos
226 1305 536 1361 quinquaginta
579 1309 622 1348 et
665 1307 852 1362 quinque
897 1320 1051 1362 augur,
1091 1306 1141 1347 de
1184 1304 1290 1347 Iano
1334 1303 1396 1345 ita

47 1363 200 1418 incipit
231 1365 317 1419 qui
348 1367 531 1407 cuncta
561 1365 722 1421 fingit
746 1365 1020 1420 eademque
1051 1364 1205 1420 regit,
1237 1377 1395 1418 aquae

2 1439 5 1475 g
47 1425 319 1479 terraeque
350 1424 451 1465 uim
489 1438 544 1466 ac
579 1427 818 1466 naturam
856 1437 1063 1479 grauem
1101 1426 1251 1477 atque
1283 1436 1396 1476 pro-

2 1491 5 1535 ζ
47 1495 160 1523 nam
183 1481 235 1523 in
260 1482 566 1537 profundum
592 1482 925 1539 dilabentem,
948 1482 1085 1538 ignis
1113 1484 1265 1537 atque
1291 1481 1396 1522 ani-

1 1543 4 1594 ζ
47 1554 155 1582 mae
200 1540 363 1583 leuem
405 1541 458 1583 in
500 1542 783 1584 inmensum
828 1542 1044 1584 sublime
1092 1541 1396 1596 fugientem,

2 1599 314 1660 copulauit
374 1600 687 1643 circumdato
744 1601 906 1643 caelo:
959 1615 1086 1656 quae
1135 1600 1215 1641 uis
1265 1599 1396 1641 caeli

1 1666 3 1714 ξ
47 1658 263 1700 maxima
293 1658 416 1701 duas
454 1659 532 1701 uis
564 1659 799 1714 dispares
837 1659 1122 1716 colligauit.
1177 1659 1223 1700 in
1259 1658 1394 1700 sacris
1411 1654 1467 1698 15

47 1731 214 1772 quoque
256 1717 507 1760 inuocamus
550 1717 727 1760 Ianum
772 1718 1057 1773 Geminum,
1093 1717 1269 1760 Ianum
1305 1717 1395 1759 Pa-

46 1777 197 1830 trem,
255 1775 435 1819 Ianum
494 1776 784 1833 Iunonium,
845 1776 1024 1819 Ianum
1079 1775 1396 1830 Consiuium,

47 1833 218 1877 Ianum
256 1834 539 1892 Quirinum,
581 1836 762 1878 Ianum
805 1836 1096 1879 Patultium
1138 1838 1181 1878 et
1224 1833 1396 1878 Clusi-

20 1912 23 1926 ·
49 1893 197 1936 uium.
252 1908 328 1936 cur
352 1894 618 1938 Geminum
642 1896 891 1938 inuocemus
925 1910 1056 1950 supra
1079 1896 1168 1937 iam
1200 1894 1396 1948 diximus,

143 2036 162 2067 1
188 2032 354 2069 retmenr
373 2033 411 2069 P
490 2038 511 2068 2
538 2034 708 2080 {mpuest
732 2032 781 2070 B'
868 2039 888 2070 6
915 2036 1113 2071 et1morum
1139 2034 1223 2070 BP
1298 2033 1395 2068 hbro

47 2079 100 2115 111
122 2079 160 2115 Β
231 2083 253 2115 8
278 2079 455 2127 phenices
469 2081 512 2124 P,
537 2081 701 2118 foemees
715 2082 752 2117 Β
826 2085 868 2117 11
889 2082 942 2117 ali
960 2093 1027 2118 om.
1047 2083 1085 2117 B
1158 2085 1202 2117 12
1222 2083 1396 2126 expectat

46 2124 93 2162 B'
167 2126 396 2164 demonstret
419 2128 440 2163 b
520 2132 566 2164 14
591 2128 664 2164 dus
681 2129 719 2164 B
798 2133 842 2164 19
867 2140 954 2175 gne1
979 2129 1062 2165 BP
1130 2129 1322 2164 consolatu
1347 2127 1393 2163 B'

48 2177 94 2211 20
118 2174 158 2210 et
181 2184 248 2210 om.
273 2174 311 2209 Β
419 2178 464 2211 23
490 2186 638 2213 ammae
663 2175 788 2212 lumen
815 2177 862 2221 P,
899 2178 1029 2213 deinde
1058 2188 1098 2212 m
1127 2175 1309 2212 Immenffi
1341 2176 1396 2210 fu-

47 2223 174 2267 giente
198 2222 241 2258 in
263 2232 336 2258 ras.
362 2223 404 2259 in
429 2223 471 2268 P,
503 2224 633 2260 deinde
663 2224 857 2269 copulauit
885 2224 1100 2260 clrcundato
1125 2234 1149 2260 *
1166 2235 1189 2260 *
1209 2235 1231 2259 *
1258 2220 1337 2270 celo
1362 2223 1399 2257 P

47 2272 93 2304 28
119 2279 328 2305 concinium
358 2271 549 2316 (posterior
580 2282 599 2306 c
632 2271 822 2308 emendata
851 2272 894 2307 in
918 2271 954 2317 s)
979 2271 1017 2307 Β
1122 2275 1166 2307 29
1193 2280 1394 2316 qun-imum

49 2316 86 2351 B
154 2315 361 2362 patulmum
386 2317 424 2353 P
