1526 2444
493 48 526 83 x
552 50 691 82 19—24
727 45 779 80 xi
804 47 895 79 1—3
1307 18 1364 84 47

21 160 194 201 tantum
237 157 324 213 die,
365 156 410 199 id
453 158 519 199 est
559 155 712 212 quarto
754 153 917 196 decimo
955 152 1192 206 Kalendas,
1236 150 1368 193 solita

22 217 248 271 celebrari,
283 216 357 258 sed
386 217 487 271 post
516 215 561 257 in
592 213 782 256 triduum
813 214 1067 268 propagata,
1096 210 1284 266 primum
1316 224 1368 251 ex

21 276 198 319 adiectis
225 290 250 317 a
274 273 458 318 Caesare
488 274 587 316 huic
613 273 751 315 mensi
777 271 940 325 diebus,
972 270 1122 312 deinde
1148 284 1199 312 ex
1225 269 1365 311 edicto

20 334 208 391 Augusti
242 348 326 389 quo
356 334 488 376 trium
519 333 683 375 dierum
707 331 837 374 ferias
864 329 1164 373 Saturnalibus
1192 328 1367 382 addixit,

21 408 47 436 a
84 395 204 435 sexto
248 393 410 436 decimo
453 393 586 447 igitur
628 393 782 446 coepta
824 390 870 432 in
913 392 1115 445 quartum
1157 388 1367 430 decimum

19 452 232 506 desinunt,
257 466 341 507 quo
368 451 460 494 solo
486 451 577 493 fieri
603 452 701 492 ante
727 450 1051 492 consueuerant.
1102 447 1175 490 sed
1196 446 1365 503 Sigilla-
1380 445 1439 488 24

19 511 181 554 riorum
224 511 389 553 adiecta
425 510 652 552 celebritas
697 510 742 551 in
787 511 951 564 septem
994 507 1085 549 dies
1129 506 1367 549 discursum

12 570 241 626 ,publicum
272 572 315 612 et
345 569 556 611 laetitiam
587 569 811 625 religionis
844 565 1058 610 extendit?

137 628 256 671 Tunc
287 628 534 684 Euangelus
572 627 670 671 ‘hoc
706 626 896 683 quidem'
932 625 1084 680 inquid
1114 623 1218 665 ‘iam
1253 622 1365 664 ferre
1378 621 1441 664 XI

20 701 107 731 11011
145 702 323 743 possum
362 687 476 744 quod
506 687 806 730 Praetextatus
842 687 992 728 noster
1027 684 1074 726 in
1106 681 1271 739 ingenii
1303 681 1370 723 sui

21 761 226 802 pompam
269 749 313 788 et
355 746 687 789 ostentationem
736 744 938 800 loquendi
983 743 1054 786 uel
1095 742 1225 797 paulo
1271 742 1370 782 ante

21 805 176 848 honori
213 805 391 848 alicuius
428 805 496 847 dei
528 805 748 861 adsignari
781 804 939 859 uoluit,
976 801 1089 859 quod
1127 800 1242 843 serui
1273 814 1370 842 cum

22 864 207 907 dominis
239 867 525 919 uescerentur,
556 864 677 919 quasi
707 877 810 906 uero
843 865 994 905 curent
1026 861 1174 903 diuina
1205 859 1257 901 de
1283 873 1371 900 ser-

22 923 87 966 uis
119 926 194 966 aut
225 924 395 978 sapiens
427 923 654 978 quisquam
685 922 802 966 domi
828 936 929 964 suae
949 919 1255 964 contumeliam
1279 920 1371 959 tam

23 981 173 1025 foedae
210 981 428 1024 societatis
467 982 688 1037 admittat,
724 982 794 1024 uel
829 995 943 1023 nunc
980 979 1219 1036 Sigillaria,
1263 991 1371 1033 quae

23 1041 166 1084 lusum
184 1041 372 1096 reptanti
385 1041 522 1084 adhuc
536 1041 744 1083 infantiae
756 1040 919 1083 oscillis
933 1038 1136 1082 fictilibus
1149 1037 1372 1093 praebent,

22 1101 208 1155 temptat
239 1100 382 1143 officio
413 1100 636 1156 religionis
669 1100 930 1152 adscribere,
963 1100 1007 1140 et
1039 1098 1140 1153 quia
1171 1096 1371 1151 princeps

23 1159 324 1214 religiosorum
355 1161 550 1215 putatur,
585 1174 674 1202 non
704 1159 825 1201 nulla
854 1157 943 1200 iam
977 1159 1020 1200 et
1051 1155 1371 1212 superstitionis

26 1217 252 1274 admiscet,
293 1218 416 1272 quasi
458 1233 560 1261 uero
604 1218 730 1261 nobis
772 1217 839 1259 fas
875 1231 964 1259 non
1002 1216 1060 1259 sit
1094 1215 1371 1258 Praetextato

27 1276 256 1332 aliquando
286 1290 373 1319 non
403 1276 599 1319 credere'.

144 1334 228 1378 Hic
264 1349 361 1378 cum
398 1350 544 1378 omnes
583 1336 923 1390 exhorruissent,
963 1334 1267 1377 Praetextatus
1310 1328 1412 1374 re-2

25 1393 176 1436 uidens
209 1393 570 1449 ‘superstitiosum
600 1409 686 1450 me,
716 1394 956 1450 Euangele,
986 1408 1064 1436 nec
1095 1393 1273 1449 dignum
1305 1392 1374 1433 cui

26 1452 224 1495 credatur
261 1453 478 1495 existimes
517 1454 637 1508 uolo,
673 1453 758 1495 nisi
787 1453 1010 1508 utriusque
1041 1452 1124 1495 tibi
1154 1452 1216 1493 rei
1247 1449 1375 1491 fidem

25 1511 138 1554 ratio
176 1512 346 1554 adserta
382 1513 700 1555 monstrauerit.
762 1514 807 1554 et
842 1514 892 1553 ut
928 1512 1115 1566 primum
1152 1510 1203 1552 de
1238 1508 1374 1552 seruis

25 1571 265 1626 loquamur,
296 1571 445 1613 iocone
478 1586 533 1613 an
565 1572 675 1614 serio
706 1573 833 1626 putas
859 1585 952 1613 esse
978 1570 1202 1612 hominum
1227 1582 1375 1624 genus,

26 1629 139 1684 quod
188 1629 231 1671 di
279 1629 544 1672 immortales
588 1645 667 1673 nec
712 1645 813 1672 cura
857 1645 934 1672 sua
974 1643 1055 1671 nec
1101 1627 1375 1684 prouidentia

27 1687 285 1744 dignentur?
335 1703 390 1730 an
414 1688 527 1731 forte
559 1703 707 1732 seruos
738 1689 784 1731 in
813 1688 1038 1731 hominum
1070 1701 1250 1730 numero
1282 1700 1375 1728 esse

26 1761 116 1790 non
151 1747 342 1802 pateris?
404 1747 506 1790 audi
542 1749 675 1804 igitur
711 1749 872 1803 quanta
902 1747 1145 1803 indignatio
1178 1747 1228 1788 de
1261 1745 1375 1787 serui

28 1807 240 1862 supplicio
266 1807 432 1849 caelum
456 1807 761 1861 penetrauerit.
804 1821 917 1849 anno
939 1807 1052 1848 enim
1074 1807 1174 1861 post
1191 1805 1373 1847 Romam
1388 1806 1414 1847 3

27 1865 244 1908 conditam
266 1866 687 1921 quadringentesimo
708 1865 1026 1922 septuagesimo
1047 1867 1201 1920 quarto
1216 1863 1375 1906 Autro-

123 1997 142 2028 1
170 1993 284 2028 XIIII·
310 1994 354 2028 kt
379 1993 415 2028 P
435 1993 613 2038 (kalenda
637 1991 699 2039 B')
771 1996 794 2027 4
813 1993 922 2038 prior
955 2005 978 2028 11
1008 1994 1051 2029 in
1081 1991 1302 2034 saturnalib3
1334 1991 1376 2026 in

26 2051 98 2078 ras.
123 2042 166 2078 in
192 2041 229 2076 P
310 2044 331 2076 5
358 2041 530 2089 cepta'P
604 2044 625 2076 8
650 2039 844 2085 religionis
863 2051 930 2076 om.
956 2039 1002 2074 P'
1085 2043 1106 2075 9
1132 2039 1283 2084 quidem
1307 2048 1374 2074 om.

26 2088 76 2125 P'
166 2092 208 2124 12
235 2088 410 2134 assxgnari
435 2089 456 2124 b
531 2091 575 2123 14
600 2088 716 2133 quisq.
745 2087 783 2122 P
852 2088 980 2123 domui
1004 2087 1041 2122 B
1115 2090 1159 2122 15
1184 2096 1282 2121 nunc
1307 2095 1375 2120 om.

29 2136 68 2172 P
138 2139 182 2171 16
207 2135 368 2183 fictilbus
389 2136 427 2171 P
489 2140 535 2171 20
559 2135 760 2180 aliquando
786 2146 852 2170 om.
881 2135 918 2169 P
989 2138 1033 2170 21
1054 2132 1220 2170 renttens
1236 2135 1277 2168 ut
1295 2133 1374 2168 uid.

28 2181 74 2219 Ρ
151 2187 196 2218 23
222 2184 395 2219 credatur
418 2185 460 2219 in
483 2194 557 2219 ros.
582 2184 624 2219 in
648 2183 685 2218 P
761 2181 908 2217 estimes
929 2181 966 2217 P
1034 2185 1081 2217 24
1105 2180 1377 2217 monstrauerat

28 2228 75 2266 B'
146 2234 191 2266 25
217 2241 323 2267 amur
346 2231 389 2267 in
405 2230 603 2275 loquamur
621 2231 663 2266 in
680 2240 752 2267 ras.
773 2230 816 2265 in
839 2229 876 2263 P
943 2239 1070 2265 iocom
1087 2226 1134 2263 B'
1207 2227 1310 2263 homi
1334 2227 1377 2260 m

29 2277 222 2313 hommum
240 2279 282 2315 in
299 2289 371 2315 ras.
392 2279 531 2324 (prima
549 2278 671 2314 littera
688 2278 765 2322 fuit
781 2278 821 2323 p)
839 2277 882 2314 in
901 2276 938 2311 P
995 2280 1040 2312 29
1060 2275 1313 2322 penetrauerat
1325 2270 1373 2307 P'
