1526 2444
167 89 253 130 654
604 89 826 127 SOMNIVM
851 90 1077 127 SCIPIONIS

122 196 242 237 4est.
295 195 365 237 hic
395 196 501 237 mihi
527 220 581 226 -
607 196 730 238 credo
764 196 953 251 equidem
985 211 1035 238 ex
1059 197 1152 248 hoc,
1183 199 1292 251 quod
1320 213 1485 242 eramus

164 253 311 308 locuti3
342 253 392 294 fit
423 253 533 294 enim
564 253 667 308 fere,
698 256 745 295 ut
775 254 1055 308 cogitationes
1088 269 1384 311 sermonesque
1414 271 1487 299 no-

163 311 241 352 stri
277 311 446 365 pariant
479 311 638 365 aliquid
668 311 713 352 in
745 325 892 353 somno
923 312 1026 364 tale,
1063 313 1186 367 quale
1217 314 1266 355 de
1297 314 1484 357 Homero

163 368 313 410 scribit
347 368 527 423 Ennius,
571 370 621 410 de
664 383 746 423 quo
783 369 980 410 uidelicet
1017 371 1262 423 saepissime
1299 372 1483 427 uigilans

163 426 330 468 solebat
363 426 550 481 cogitare
582 428 624 467 et
653 426 770 481 loqui
799 451 856 457 —
887 426 1111 468 Africanus
1144 442 1187 469 se
1219 430 1405 471 ostendit
1435 443 1485 472 ea

162 483 310 538 forma,
341 498 448 538 quae
479 484 584 525 mihi
615 498 666 525 ex
696 484 880 539 imagine
912 485 999 525 eius
1032 499 1158 540 quam
1189 500 1239 527 ex
1268 487 1361 541 ipso
1393 490 1486 529 erat

161 541 314 583 notior.
377 555 500 595 quem
531 542 605 583 ubi
636 542 809 596 agnoui,
841 542 1033 596 equidem
1065 542 1277 598 cohorrui,
1309 544 1381 586 sed
1412 544 1484 587 ille

161 598 293 640 ‘ades'
318 599 456 654 inquit
482 599 637 641 ‘animo
664 602 707 640 et
732 599 879 641 omitte
905 600 1112 655 timorem,
1138 599 1292 656 Scipio,
1317 604 1358 643 et
1377 616 1484 656 quae

162 657 297 698 dicam
328 657 448 698 trade
479 657 717 699 memoriae.

100 737 143 778 Π
273 736 456 780 Videsne
480 738 598 779 illam
623 738 782 792 urbem,
809 752 915 792 quae
939 751 1088 791 parere
1111 739 1268 792 populo
1289 738 1480 782 Romano

161 798 309 837 coacta
362 809 438 849 per
487 809 554 836 me
602 799 778 837 renouat
825 796 1007 849 pristina
1055 796 1169 837 bella
1215 811 1293 838 nec
1340 800 1484 851 potest

159 852 389 908 quiescere’
430 877 480 884 —
521 853 771 895 ostendebat
812 855 952 894 autem
989 851 1292 909 Carthaginem
1330 855 1380 896 de
1417 870 1484 896 ex-

159 911 272 952 celso
323 914 365 951 et
411 911 538 964 pleno
589 911 805 952 stellarum
854 910 1011 951 illustri
1061 914 1103 952 et
1144 913 1256 953 claro
1301 912 1500 966 quodam'

158 969 248 1010 loco
280 992 335 997 —
368 967 434 1009 ‘ad
468 982 594 1022 quam
626 971 673 1009 tu
705 968 1033 1023 oppugnandam
1064 982 1175 1009 nunc
1205 970 1324 1011 uenis
1348 984 1482 1023 paene

157 1025 310 1067 miles?
388 1026 496 1067 hanc
543 1025 624 1067 hoc
671 1026 843 1067 biennio
894 1026 1041 1067 consul
1089 1028 1268 1080 euertes,
1317 1027 1480 1082 eritque

157 1097 392 1138 cognomen
428 1083 470 1125 id
507 1083 585 1124 tibi
622 1098 696 1137 per
732 1087 774 1124 te
809 1086 995 1137 partum,
1034 1084 1146 1137 quod
1182 1084 1312 1125 habes
1344 1085 1480 1128 adhuc

157 1157 182 1183 a
223 1142 345 1183 nobis
382 1141 694 1183 hereditarium.
761 1155 852 1182 cum
893 1143 1034 1182 autem
1073 1140 1375 1197 Carthaginem
1412 1143 1481 1184 de·

155 1200 329 1253 leueris,
365 1198 626 1253 triumphum
662 1199 798 1254 egeris
831 1213 1059 1253 censorque
1089 1199 1218 1241 fueris
1251 1202 1293 1241 et
1323 1200 1480 1242 obieris

154 1258 320 1312 legatus
357 1254 602 1312 Aegyptum
639 1256 803 1311 Syriam
834 1256 983 1298 Asiam
1015 1256 1251 1311 Graeciam,
1289 1257 1479 1312 delegere

154 1316 307 1357 iterum
345 1315 490 1356 consul
529 1315 698 1367 absens,
734 1315 973 1369 bellumque
1011 1315 1239 1356 maximum
1271 1315 1478 1371 conficies,

114 1372 433 1415 2Numantiam
477 1372 682 1414 excindes.
749 1372 820 1414 sed
864 1387 958 1414 cum
996 1374 1077 1414 eris
1114 1387 1237 1414 curru
1274 1373 1316 1414 in
1354 1372 1478 1428 Capi-

153 1432 304 1473 tolium
338 1431 549 1481 inuectus,
587 1430 769 1472 offendes
801 1444 890 1472 rem
920 1430 1135 1484 publicam
1167 1431 1354 1472 consiliis
1385 1445 1475 1485 per-

153 1490 369 1531 turbatam
411 1489 579 1543 nepotis
623 1489 715 1530 mei.
787 1488 857 1529 hio
899 1490 964 1542 tu,
1013 1488 1230 1543 Africana,
1279 1488 1476 1531 ostendas

154 1547 370 1602 oportebit
399 1546 563 1600 patriae
595 1546 738 1588 lumen
769 1546 899 1587 animi
930 1545 1087 1600 ingenii
1119 1546 1370 1601 consiliique
1400 1546 1474 1588 tui.

153 1605 225 1647 sed
251 1605 340 1646 eius
365 1606 568 1658 temporis
594 1604 819 1658 ancipitem
845 1603 970 1645 uideo
996 1604 1115 1657 quasi
1139 1604 1323 1646 fatorum
1350 1604 1474 1646 uiam.
1488 1610 1494 1618 ”

150 1677 252 1705 nam
295 1677 388 1704 cum
432 1664 547 1704 aetas
591 1665 664 1703 tua
701 1665 897 1715 septenos
935 1662 1066 1703 octies
1105 1662 1207 1703 solis
1247 1661 1489 1705 amfractus,

150 1721 393 1775 reditusque
419 1720 690 1770 conuerterit,
716 1720 880 1773 duoque
904 1719 949 1760 hi
968 1720 1144 1773 numeri,
1170 1733 1346 1774 quorum
1366 1721 1491 1761 uter·'

151 1793 230 1833 que
273 1779 441 1833 plenus,
485 1778 593 1819 alter
635 1778 772 1819 altera
810 1778 860 1819 de
896 1791 1022 1818 causa
1058 1777 1256 1830 habetur,
1299 1777 1481 1819 circuitu,

242 1930 261 1960 2
287 1926 431 1970 loquuti
457 1926 493 1960 P
577 1930 597 1961 3
622 1926 790 1971 parrlant
812 1929 852 1961 ut
876 1926 953 1960 uid.
977 1923 1023 1959 B'
1109 1937 1146 1959 m
1170 1924 1307 1960 sommo
1333 1925 1471 1969 ahquid

146 1995 221 2030 tale
247 1995 283 2030 Β
354 1999 376 2029 4
400 1995 558 2030 henmus
577 1996 613 2030 P
683 2000 702 2030 7
728 1996 765 2029 et
789 1995 935 2039 quidem
961 1995 996 2029 Β
1069 1998 1112 2029 10
1136 2006 1170 2039 p.
1196 2007 1224 2029 r.
1252 1994 1298 2039 P,
1322 1983 1354 2038 {3
1379 1982 1411 2030 9.
1435 1993 1487 2029 B*

148 2046 190 2076 12
216 2046 248 2077 et
275 2045 316 2077 17
343 2043 529 2087 cartagine
552 2042 623 2076 PB
696 2045 738 2076 13
758 2041 896 2076 illustre
915 2044 957 2076 ut
975 2041 1050 2076 uid.
1072 2038 1120 2075 P'
1193 2041 1313 2084 quoda
1328 2043 1483 2085 praeter*

145 2103 168 2134 a
191 2101 232 2135 in
256 2110 328 2135 ras.
353 2100 394 2134 in
419 2099 455 2132 P
603 2103 644 2134 16
670 2110 802 2134 nomen
825 2099 864 2132 1d
882 2099 924 2134 in
947 2109 1019 2134 ras.
1044 2099 1086 2134 in
1109 2098 1146 2132 P
1284 2087 1413 2133 *adhc
1435 2097 1488 2132 P«.

147 2150 190 2181 18
213 2145 422 2190 tnumphos
441 2156 530 2181 corr.
555 2149 597 2180 ut
619 2146 695 2181 uid.
722 2156 765 2180 ex
789 2145 998 2190 triumphus
1017 2145 1054 2179 Β
1197 2147 1238 2179 19
1264 2143 1409 2189 legatus
1427 2145 1482 2184 in¹

143 2203 216 2228 ras.
241 2194 282 2227 in
305 2192 342 2226 P
428 2193 555 2239 egipti]
579 2191 616 2226 B
704 2192 844 2239 egiptsi.
869 2191 954 2225 siria
969 2210 976 2218 ·
1002 2191 1039 2226 P
1122 2195 1165 2226 22
1191 2203 1218 2226 r.
1245 2202 1279 2235 p.
1308 2191 1345 2225 P
1419 2192 1464 2225 23

145 2239 316 2274 affncane
340 2238 376 2273 Β
460 2241 709 2319 ²413¹³3⁹m¹q³
735 2239 790 2273 tui
816 2237 996 2282 cons1111q3
1024 2237 1084 2273 sed
1109 2237 1146 2272 Β
1217 2241 1261 2272 26
1287 2233 1483 2279 anfractus:

143 2285 230 2319 sohs
250 2285 286 2320 B
356 2287 400 2319 27
426 2285 479 2319 hu
1475 2287 1482 2301 ”
