1526 2444
0 0 27 32 ΓΞ

604 56 638 92 x
664 58 780 92 6—18
1308 52 1367 95 45

0 167 196 223 ‘itaque
226 165 449 209 Hercule
479 164 625 206 illum
655 163 840 206 Accam
871 161 1184 216 Larentiam,
1221 160 1368 202 nobi-

22 225 276 269 lissimum
323 223 373 266 id
422 223 670 278 temporis
720 224 966 276 scortum,
1014 221 1154 263 intra
1196 218 1368 261 aedem

0 292 1 296 ’
23 284 299 328 inclusisse
323 297 432 326 cum
457 297 597 338 cena,
628 295 837 338 eamque
862 282 1073 336 postero
1099 279 1178 322 die
1203 278 1369 320 distu-

0 359 1 392 ᾗ
25 343 151 386 lisso
175 356 445 396 rumorem,
471 341 603 397 quod
628 342 748 397 post
773 339 1100 383 concubitum
1126 338 1206 380 dei
1231 351 1370 380 acce-

0 402 190 459 tpisset
215 415 409 456 munus,
433 415 493 443 ne
518 400 830 443 commodum
854 399 1046 454 primae
1066 397 1372 450 occasionis,

0 473 134 516 }cum
172 475 222 503 se
260 460 457 503 domum
493 460 765 515 reciperet,
802 457 1098 500 offerendae
1131 470 1371 512 asperna-

0 521 178 563 Uretur.
227 519 462 562 euenisse
493 519 686 574 itaque,
717 520 773 560 ut
805 530 1013 572 egressa
1043 516 1234 571 templo
1260 529 1374 558 mox
1391 511 1444 553 14

26 593 54 622 a
90 577 299 622 Oarutio
341 580 490 633 capto
528 578 635 620 eius
672 576 1058 632 pulchritudine
1097 574 1373 630 compella-

26 640 180 681 retur.
245 637 390 680 cuius
432 637 753 679 uoluntatem
792 636 965 677 secuta
1003 634 1374 688 adsumptaque

0 697 227 753 unuptiis
253 698 371 752 post
397 696 591 738 obitum
617 695 718 737 uiri
745 694 967 737 omnium
991 693 1238 735 bonorum
1265 692 1374 733 eius

26 755 167 799 facta
205 769 426 810 compos,
464 769 573 798 cum
610 753 879 796 decederet
914 752 1156 807 populum
1192 750 1374 794 Roma-

27 829 145 858 num
175 813 495 868 nuncupauit
524 812 773 855 heredem.
829 813 879 853 et
908 811 1023 853 ideo
1056 811 1116 852 ab
1150 812 1290 852 Anco
1325 810 1446 859 in15

29 873 254 916 Velabro
287 873 399 915 loco
432 871 767 914 celeberrimo
796 870 940 912 urbis
966 870 1171 924 sepulta
1195 871 1290 924 est,
1321 883 1376 910 ac

30 933 277 975 sollemne
321 931 616 973 sacrificum
660 930 823 972 eidem
868 929 1231 983 constitutum,
1280 942 1375 983 quo

0 991 107 1068 ,dis
137 990 372 1034 Manibus
403 990 512 1032 eius
543 1003 632 1045 per
662 989 926 1031 flaminem
964 987 1377 1040 sacrificaretur,

0 1050 242 1105 {Iouique
285 1049 450 1091 feriae
493 1051 843 1102 consecratae,
887 1047 1000 1102 quod
1039 1047 1380 1089 aestimauerunt

31 1109 198 1165 antiqui
241 1109 407 1151 animas
445 1122 470 1150 a
506 1107 610 1150 Ioue
655 1106 748 1149 dari
792 1109 835 1148 et
871 1120 1020 1149 rursus
1057 1108 1159 1160 post
1195 1109 1378 1147 mortem

0 1179 1 1185 ¹
31 1168 168 1211 eidem
221 1167 354 1210 reddi.
435 1165 564 1210 CATO
621 1166 683 1208 ait
738 1165 1026 1207 Larentiam
1082 1165 1379 1207 meretricio
1398 1158 1449 1199 1ss

33 1229 252 1283 quaestu
284 1226 654 1281 locupletatam
686 1227 805 1280 post
837 1238 1268 1267 excessumsuum
1293 1238 1379 1279 po-

35 1285 155 1342 pulo
186 1284 412 1327 Romano
445 1297 598 1340 agros
624 1284 871 1326 Turacem
903 1283 1185 1326 Semurium
1217 1282 1380 1324 Linti-

0 1345 163 1400 ,rium
207 1346 257 1386 et
295 1342 543 1386 Solinium
586 1343 866 1398 reliquisse
911 1345 960 1384 et
1001 1342 1113 1384 ideo
1153 1340 1383 1396 sepulcri

0 1401 3 1454 Ι
34 1401 453 1459 magnificientia
478 1405 519 1443 et
544 1416 740 1444 annuae
770 1400 1158 1456 parentationis
1189 1401 1382 1442 honore

0 1458 3 1515 ξ
35 1462 317 1518 dignatam.
371 1460 536 1503 MACER
566 1459 894 1503 HISTORIARVM
918 1470 1059 1502 Lumo
1085 1471 1225 1502 ano
1256 1454 1453 1501 Fau-17

37 1521 165 1564 stuli
213 1520 483 1576 coniugem
526 1519 710 1562 Accam
752 1518 1045 1561 Larentiam
1088 1518 1294 1560 Romuli
1336 1520 1386 1559 et

0 1579 180 1654 *Remi
211 1579 464 1621 nutricem
494 1577 657 1620 fuisse
689 1577 924 1621 confirmat.
981 1578 1110 1620 hanc
1140 1578 1386 1634 regnante

0 1660 4 1698 ς
35 1639 247 1682 Romulo
273 1636 481 1680 Garutio
514 1637 711 1679 cuidam
737 1636 900 1679 Tusco
926 1636 1081 1679 diuiti
1105 1636 1387 1690 denuptam

0 1716 5 1751 i
38 1700 337 1752 auctamque
361 1695 655 1738 hereditate
683 1695 795 1738 uiri.
841 1710 988 1751 quam
1013 1697 1132 1751 post
1153 1694 1388 1749 Romulo,

0 1764 3 1772 ¹
37 1771 182 1812 quem
221 1756 507 1810 educasset,
542 1754 776 1809 reliquit,
813 1757 863 1797 et
899 1755 959 1797 ab
998 1769 1054 1797 eo
1091 1754 1389 1810 parentalia

39 1815 269 1871 diemque
295 1814 483 1857 festum
508 1828 662 1857 causa
686 1813 903 1868 pietatis
930 1815 1194 1856 statutum.
1244 1827 1295 1855 ex
1319 1812 1388 1854 his
1406 1811 1458 1853 18

39 1889 143 1931 ergo
193 1874 391 1917 omnibus
435 1872 586 1927 colligi
627 1874 774 1928 potest
817 1876 861 1915 et
903 1887 988 1916 uno
1032 1872 1099 1914 die
1143 1871 1390 1915 Saturnalia

7 2002 14 2019 -2
137 1994 155 2025 1
180 1989 287 2026 illam
312 1989 349 2024 P
424 1989 474 2024 ad
497 1988 698 2024 larentiam
721 1989 807 2025 add.
832 1991 851 2023 1
875 1989 937 2024 lan
964 1989 985 2024 b
1064 1993 1084 2024 3
1111 1998 1205 2037 cena
1222 1999 1264 2033 p,
1289 1987 1392 2035 &ena

42 2037 81 2074 Ρ
172 2041 196 2073 4
221 2038 282 2073 del
305 2047 373 2073 om.
398 2034 459 2080 Β’,
484 2035 527 2071 di‘
554 2035 591 2070 P
670 2039 690 2071 5
716 2047 785 2072 nec
809 2036 847 2072 P
940 2039 961 2070 8
988 2047 1022 2071 ei
1046 2033 1093 2071 B'
1191 2038 1212 2070 9
1238 2034 1393 2079 sequuta

44 2084 299 2130 assumptaque
325 2084 362 2119 P
433 2087 477 2118 14
501 2081 667 2128 rollepne
692 2085 730 2120 P
799 2087 843 2120 18
868 2083 1094 2119 laurentiam
1118 2083 1165 2127 Β,
1191 2093 1258 2119 om.
1287 2083 1324 2117 P

46 2135 90 2167 19
114 2131 304 2177 locupleta
333 2131 370 2166 P
452 2129 629 2166 exsess'um
653 2129 701 2166 B'
793 2135 839 2167 20
865 2131 1056 2167 Sturatem
1081 2130 1328 2166 Baehremius
1351 2130 1394 2165 in

45 2178 274 2215 Fleckeiseni
297 2178 509 2214 Annalibus
534 2179 643 2221 1885,
669 2181 743 2216 ¹782
841 2178 972 2214 lutmfi
1000 2178 1038 2214 P
1128 2181 1173 2213 21
1200 2177 1394 2213 Solonlum

42 2225 291 2262 Baehrensius
309 2226 332 2263 Ζ.
353 2226 376 2261 l.
443 2223 626 2270 sepulchri
643 2226 726 2262 BP
789 2230 834 2262 23
856 2225 983 2262 faItuh
1004 2226 1041 2261 P
1105 2229 1152 2260 24
1169 2226 1395 2261 laurentiam

44 2273 96 2328 β,
118 2272 317 2355 laraentiaP
331 2272 367 2307 P
396 2273 435 2318 (u
460 2276 544 2308 ante
566 2284 586 2307 r
610 2275 696 2311 add.
724 2273 790 2319 P’)
888 2277 933 2310 26
960 2285 1095 2310 canelo
1121 2273 1158 2309 P
1251 2276 1296 2307 28
1321 2273 1393 2317 que

47 2331 90 2355 m
112 2330 185 2356 rae.
211 2331 254 2356 m
