1526 2444
139 42 223 84 346
649 43 749 79 SAT.
772 43 901 78 LIBRI
926 43 957 78 V

198 156 365 203 πρῶτος
396 147 505 202 λέγω
537 160 605 190 σοι
636 151 711 190 τόν
742 164 787 190 τε
816 155 1008 204 χρυσοῦν
1038 149 1275 204 κάνθαρον.

197 214 346 256 ποῖον;
379 207 427 248 τὸ
459 209 630 248 πλοῖον·
661 205 768 247 οὐδέ
794 205 835 260 μ’
868 203 1022 256 οἶσθας
1051 207 1187 248 ἄθλιε.

74 287 126 329 16
198 286 255 327 Et
286 300 404 328 sacer
434 287 626 340 impleuit
657 287 847 329 dextram
878 287 1073 342 scyphus.

139 355 359 408 scyphus
398 355 593 397 Herculis
629 356 828 410 poculum
865 359 930 397 est
965 357 1026 397 ita
1061 359 1109 397 ut
1145 356 1286 398 Liberi
1320 356 1454 410 patris

138 412 378 454 cantharus.
438 412 662 454 Herculem
699 427 797 454 uero
834 413 1004 455 fictores
1041 418 1204 455 ueteres
1239 428 1326 455 non
1364 414 1452 454 sine
1488 437 1504 463 5

138 484 265 511 causa
307 484 401 511 cum
443 471 593 524 poculo
635 471 842 524 fecerunt,
886 473 927 512 et
968 485 1053 512 non
1094 485 1325 525 numquam
1365 484 1452 512 cas-

138 527 374 568 sabundum
406 531 448 568 et
479 529 642 569 ebrium
672 542 758 569 non
789 529 938 582 solum,
969 528 1080 582 quod
1110 529 1146 569 is
1178 528 1301 569 heros
1328 528 1454 569 bibax

137 585 267 626 fuisse
309 585 570 639 perhibetur,
619 585 690 627 sed
734 586 862 627 etiam
905 585 1016 640 quod
1059 586 1233 640 antiqua
1276 585 1454 627 historia

138 644 220 695 est,
262 642 489 684 Herculem
531 643 681 697 poculo
724 646 942 697 tamquam
977 644 1148 698 nauigio
1187 645 1356 685 uectum
1393 643 1453 683 in-

72 701 122 742 17
138 714 283 741 mensa
319 701 453 742 maria
490 701 705 742 transisse.
767 701 839 742 sed
875 701 925 742 de
956 703 1132 755 utraque
1162 715 1207 742 re
1239 715 1373 754 pauca
1404 714 1453 741 ex
1473 723 1506 749 10

139 757 308 799 Graecis
353 758 675 812 antiquitatibus
720 757 866 800 dicam.
934 761 975 799 et
1019 758 1287 799 multibibum
1325 758 1455 799 heroa

138 816 261 856 istum
299 815 447 868 fuisse,
484 818 531 856 ut
566 818 730 857 taceam
768 830 874 870 quae
904 816 1035 870 uulgo
1067 818 1170 857 nota
1201 818 1312 869 sunt,
1351 814 1455 856 illud

137 887 222 914 non
266 873 489 914 obscurum
533 876 827 927 argumentum
871 876 953 928 est,
997 873 1106 927 quod
1145 873 1367 927 Ephippus
1411 872 1455 913 in

139 929 334 971 Busiride
366 931 527 972 inducit
556 930 782 972 Herculem
815 931 873 972 sic
903 931 1143 984 loquentem

197 1010 277 1052 οὐκ
308 1008 440 1052 οἶσθά
471 1009 513 1064 μ’
543 1012 646 1052 ὄντα
676 1013 783 1065 πρὸς
812 1015 930 1052 θεῶν
968 1011 1207 1063 Τιρύνθιον
1474 1033 1506 1059 15

192 1066 407 1122 Ἀργεῐον;
440 1071 485 1110 οἳ
511 1070 748 1122 μεθύοντες
778 1067 844 1109 ἀεὶ
874 1069 947 1117 τὰς
977 1068 1112 1122 μάχας

197 1127 335 1175 πάσας
365 1126 585 1181 μάχονται.
645 1133 878 1179 τοιγαροῦν
910 1123 1118 1179 φεύγουσ’
1148 1124 1223 1166 ἀεί.

72 1207 122 1249 18
138 1209 202 1248 est
256 1207 385 1248 etiam
433 1206 611 1248 historia
658 1220 745 1247 non
795 1206 898 1247 adeo
945 1206 1185 1259 notissima,
1239 1205 1456 1246 nationem

138 1264 348 1318 quandam
373 1263 592 1305 hominum
617 1263 746 1305 fuisse
771 1277 903 1319 prope
925 1263 1173 1306 Heracleam
1199 1263 1251 1304 ab
1272 1261 1452 1304 Hercule

137 1322 411 1363 constitutam
445 1320 763 1375 Cylicranorum
800 1322 1022 1375 conposito
1059 1322 1229 1363 nomine
1266 1319 1348 1361 ἀπὸ
1379 1325 1453 1374 τῆς
1471 1343 1505 1369 20

136 1379 322 1432 κύλικος,
358 1379 469 1433 quod
500 1380 640 1433 poculi
672 1392 801 1433 genus
833 1393 911 1420 nos
943 1393 1026 1420 una
1055 1378 1199 1420 littera
1229 1379 1452 1419 immutata

72 1438 122 1478 19
138 1437 343 1479 calicem
364 1437 552 1478 dicimus.
595 1437 775 1491 poculo
796 1439 960 1478 autem
976 1436 1239 1478 Herculem
1257 1437 1452 1476 uectum

141 1495 198 1536 ad
230 1493 480 1550 Ἐρύθειαν,
522 1494 571 1535 id
611 1497 688 1536 est
723 1493 1005 1549 Hispaniae
1041 1494 1274 1547 insulam,
1310 1492 1452 1534 naui-

139 1566 286 1608 gasse
335 1556 378 1593 et
426 1552 668 1606 PANYASIS,
718 1552 912 1607 egregius
962 1551 1140 1606 scriptor
1186 1550 1453 1603 Graecorum,

137 1610 239 1652 dicit
275 1612 316 1651 et
346 1610 653 1651 PHERECYDES
692 1612 840 1651 auctor
871 1611 952 1664 est,
990 1623 1168 1662 quorum
1197 1608 1327 1650 uerba
1359 1607 1454 1648 sub·
1473 1630 1506 1657 25

137 1668 234 1709 dere
284 1668 517 1722 supersedi,
572 1668 670 1722 quia
716 1667 915 1721 propiora
964 1668 1062 1708 suut
1109 1666 1277 1707 fabulae
1327 1679 1453 1719 quam

136 1726 350 1768 historiae.
410 1739 488 1780 ego
520 1728 663 1766 tamen
696 1725 897 1778 arbitror,
931 1738 1015 1765 non
1047 1724 1196 1777 poculo
1227 1722 1455 1764 Herculem

232 1871 273 1902 15
299 1867 475 1902 Meinekii
498 1867 628 1912 fragm.
655 1877 745 1902 com.
772 1866 823 1900 ΙΙΙ
847 1878 882 1912 p.
909 1869 975 1901 322

233 2003 249 2034 1
276 1999 357 2045 τόν]
387 2000 468 2034 ΓΟΝ
495 1999 532 2034 Ρ
609 2011 650 2034 τε
673 1999 821 2034 Iunius:
847 1999 908 2033 ΔΕ
931 1998 968 2033 P
1052 1999 1233 2042 κάνθαρον
1257 1997 1389 2032 lanius
1412 2007 1456 2032 ex

137 2046 335 2081 Athenaeo.-
367 2047 482 2080 ΘΔΡΟ
514 2046 550 2080 Ρ
688 2049 708 2079 2
739 2045 880 2091 πλοῖον]
914 2045 1074 2079 ΗΛΟΙΟΝ
1101 2045 1137 2079 Ρ
1272 2043 1398 2078 ΑΘΑΙΕ
1422 2042 1458 2077 Ρ

138 2096 158 2126 3
185 2091 330 2136 sciphus
352 2092 388 2126 P
469 2096 488 2126 9
514 2092 661 2126 uectum
688 2091 874 2126 Mediceus
897 2101 985 2126 saec.
1015 2090 1104 2125 XV:
1131 2089 1254 2125 uentis
1274 2089 1310 2124 P
1386 2100 1457 2123 im-

137 2138 259 2173 mensa
283 2138 319 2172 P
420 2141 463 2172 16
489 2138 543 2172 ἀεὶ
566 2137 645 2183 τάς]
672 2137 817 2172 Aemi(
842 2137 876 2172 Ρ
981 2139 1023 2171 17
1048 2135 1257 2181 τοιγαροῦν]
1283 2136 1455 2170 ΠΟΥΤΛ-

140 2186 228 2220 ΡΟΥ
255 2185 291 2218 Ρ
400 2188 443 2218 21
471 2184 682 2219 ΚΥΛΙΚΡΟΕ
709 2183 744 2217 Ρ
853 2187 896 2217 22
922 2182 1081 2218 diximus
1102 2183 1138 2217 P
1245 2183 1288 2216 23
1314 2181 1426 2216 ductu
1447 2180 1452 2228 Ι

139 2231 381 2266 ΔΔΕΤΠΗΡΑ
410 2231 444 2264 Ρ
514 2233 559 2264 24
582 2229 758 2274 paniastis
779 2230 815 2264 P
883 2232 926 2265 25
952 2228 1129 2264 ferecides
1152 2229 1187 2263 P
