1526 2444
161 94 245 135 132
673 93 771 129 SAT.
797 92 927 129 LIBRI
950 93 968 128 I
1503 0 1526 115 Ἰ

161 215 286 255 quam
329 201 379 242 de
423 199 695 254 Vergilianus
737 200 967 241 uirtutibus
1015 199 1190 242 audeam
1233 200 1485 255 praedicare,

160 259 234 300 sed
277 257 483 300 audiendo
527 271 797 312 quaecunque
841 258 1004 312 dicetis,
1048 258 1186 312 siquid
1225 258 1294 299 uel
1331 258 1380 299 de
1416 259 1484 300 his

159 316 265 358 mihi
307 315 539 370 uidebitur,
581 316 650 356 uel
686 316 771 357 iam
808 315 964 357 dudum
1001 315 1159 370 legenti
1195 315 1484 358 adnotandum

160 375 302 415 uisum
335 376 411 427 est,
442 374 695 428 oportunius
725 373 956 427 proferam:
995 373 1120 415 modo
1152 373 1428 415 memineritis
1460 389 1485 415 a

125 450 141 476 5
163 431 310 474 Seruio
340 434 487 473 nostro
513 431 777 486 exigendum,
808 434 866 485 ut,
897 431 1099 485 quidquid
1125 431 1349 472 obscurum
1373 431 1485 472 uide·
1517 441 1526 472 i

157 490 284 543 bitur,
310 490 431 543 quasi
450 489 738 531 litteratorum
759 490 948 530 omnium
967 490 1093 543 longe
1114 490 1321 530 maximus
1342 490 1484 543 palam
1520 512 1524 514 -

157 546 314 589 faciat'.
1523 561 1526 569 ·

275 605 356 646 His
400 605 525 647 dictis
566 607 610 646 et
645 605 846 646 uniuerso
885 604 1022 645 coetui
1059 604 1324 658 complacitis
1361 604 1526 662 Prae—2]

158 666 366 717 textatus,
409 677 504 704 cum
548 663 593 704 in
636 677 680 704 se
722 676 926 704 conuersa
962 662 1151 703 omnium
1188 677 1263 704 ora
1299 662 1488 717 uidisset,

108 741 142 766 io
161 719 464 776 ‘philosophia'
496 720 634 775 inquit
665 719 792 774 ‘quod
829 720 999 761 unicum
1035 722 1100 761 est
1130 734 1282 761 munus
1313 720 1487 762 deorum

160 783 203 821 et
234 779 462 833 disciplina
493 778 822 832 disciplinarum,
852 777 1103 819 honoranda
1134 780 1199 818 est
1230 778 1488 833 anteloquio,
1524 800 1526 804 ·

158 838 268 878 unde
317 837 557 878 meminerit
598 836 850 877 Eustathius
893 836 1077 889 primum
1121 836 1202 877 sibi
1250 837 1390 877 locum
1435 835 1487 877 ad
1523 849 1526 851 ·

162 895 451 937 disserendum
522 895 637 935 omni
698 894 781 935 alia
841 894 1100 947 professione
1158 894 1328 935 cedente
1391 907 1486 935 con·
1524 933 1526 935 ,

162 967 337 995 cessum.
387 952 485 994 huic
514 954 573 1006 tu,
605 952 663 993 mi
694 951 908 1006 Flauiam,
940 951 1160 1004 succedes,
1191 955 1238 992 ut
1270 955 1312 992 et
1343 950 1488 992 auditu
1523 993 1526 995 ,

109 1028 143 1055 15
161 1014 307 1053 uestro
349 1024 513 1054 recreer
557 1013 600 1051 et
637 1010 856 1063 aliquanto
894 1010 1064 1051 silentio
1107 1010 1339 1050 instaurem
1376 1010 1487 1050 uires

161 1067 389 1123 loquendi?
1515 1066 1526 1095 ξ’

277 1127 395 1167 Inter
425 1126 530 1168 haec
561 1126 725 1167 seruilis
759 1125 1002 1167 moderator
1038 1125 1246 1178 obsequii,
1285 1125 1353 1166 cui
1390 1099 1526 1208 cura&

160 1185 230 1226 uel
261 1184 455 1226 adolendi
488 1184 669 1225 Penates
706 1183 775 1224 uel
811 1183 999 1224 struendi
1029 1197 1184 1237 penum
1217 1185 1258 1223 et
1288 1182 1487 1224 domesti-
1515 1183 1517 1214 j

163 1257 308 1285 corum
345 1245 516 1284 actuum
551 1242 770 1283 ministros
807 1241 998 1296 regendi,
1041 1241 1239 1282 admonet
1274 1210 1526 1294 dominum}

112 1320 146 1346 20
165 1301 372 1342 familiam
403 1315 481 1354 pro
514 1299 803 1341 sollemnitate
830 1299 957 1340 annui
982 1299 1112 1340 moris
1138 1299 1361 1352 epulatam.
1409 1270 1526 1366 hoc*

163 1359 274 1400 enim
310 1358 421 1399 festo
458 1358 684 1412 religiosae
722 1357 871 1398 domus
909 1357 1026 1410 prius
1058 1356 1242 1398 famulos
1273 1355 1526 1400 instructis!

162 1421 383 1471 tamquam
420 1416 474 1457 ad
510 1430 633 1456 usum
675 1415 833 1457 domini
871 1415 1050 1468 dapibus
1086 1414 1314 1467 honorant,
1355 1415 1398 1455 et
1431 1402 1526 1477 ita}

164 1475 333 1516 demum
370 1473 564 1528 patribus
601 1473 788 1514 familias
826 1487 997 1514 mensae
1039 1474 1267 1526 apparatus
1299 1471 1526 1524 nouatum}

166 1533 356 1575 insinuat
404 1531 537 1587 igitur
584 1532 753 1584 praesul
802 1530 1004 1572 famulitii
1053 1544 1180 1572 cenae
1227 1532 1395 1584 tempus
1450 1531 1493 1570 et
1514 1525 1526 1546 ἦ

112 1609 146 1635 25
166 1591 360 1633 dominos
397 1590 483 1631 iam
521 1603 689 1631 uocare.
747 1591 839 1630 tum
869 1588 1166 1630 Praetextatus
1198 1547 1526 1687 ‘reseruandu84

165 1649 298 1704 igitur
335 1651 401 1689 est
431 1647 647 1702 Vergilius
685 1649 832 1688 noster
873 1646 926 1687 ad
956 1646 1175 1688 meliorem
1204 1647 1368 1699 partem
1400 1644 1526 1699 dieis„

165 1710 215 1748 ut
262 1720 387 1747 mane
435 1719 593 1746 nouum
642 1704 900 1759 inspiciendo
955 1718 1031 1758 per
1080 1703 1268 1745 ordinem
1317 1703 1493 1744 carmini
1508 1692 1526 1741 'l

167 1765 437 1805 destinemus.
486 1777 599 1804 nunc
623 1762 731 1803 hora
754 1776 832 1804 nos
859 1762 1059 1803 admonet
1082 1764 1131 1802 ut
1160 1761 1318 1803 honore
1349 1747 1526 1823 uestro}

166 1823 272 1864 haec
307 1835 454 1862 mensa
491 1821 699 1876 dignetur.
768 1820 839 1861 sed
875 1819 1126 1861 Eustathius
1164 1821 1207 1860 et
1248 1820 1346 1873 post
1381 1818 1526 1859 hunc‘ssiff

116 1899 151 1924 30
169 1879 454 1922 Nicomachus
480 1878 764 1932 meminerint,
796 1878 980 1919 crastina
1012 1876 1308 1919 dissertatione
1334 1862 1526 1956 seruari}

1512 1948 1526 1974 ff

264 2009 281 2039 i
308 2003 517 2049 uirgilianis
531 2003 567 2038 Β
616 2003 760 2048 fidicale
781 2001 828 2038 P'
878 2007 899 2038 2
919 2013 1133 2047 quaecumq.
1154 2003 1190 2037 Β
1239 2006 1259 2037 3
1278 2001 1425 2036 uidetur
1443 1979 1526 2039 ΡΛἱ

168 2055 189 2086 5
209 2052 384 2095 quicquid
404 2051 440 2085 Β
507 2054 528 2085 8
547 2049 606 2084 his
621 2050 791 2084 deductis
809 2048 854 2084 P'
915 2050 1003 2098 cynii
1020 2050 1057 2085 P
1114 2053 1157 2084 18
1177 2058 1335 2094 poenum
1355 2048 1391 2082 B
1449 2043 1526 2086 2on

169 2098 403 2142 sellepnitate
430 2097 473 2141 P,
505 2095 776 2141 sollempnitate
808 2107 899 2132 corr.
931 2107 974 2132 ex
1004 2095 1271 2140 sellempmtate
1297 2095 1333 2130 Β
1450 2057 1526 2167 22ἔ

170 2144 331 2203 da‘ssibus
352 2156 388 2190 Β
459 2158 504 2190 23
524 2154 669 2198 patrias
682 2154 718 2188 B
789 2158 835 2189 24
854 2154 1021 2199 familiciJ
1045 2153 1082 2188 P
1151 2164 1239 2200 cene
1259 2153 1304 2197 P,
1329 2162 1440 2187 caene
1460 2143 1526 2186 Βίι

169 2207 214 2238 26
249 2201 420 2247 Uirgilius
446 2201 483 2235 Β
613 2205 657 2236 28
683 2211 779 2235 nunc
803 2221 849 2227 —
874 2204 918 2236 29
957 2200 1127 2245 dignetur
1157 2210 1221 2235 om.
1247 2198 1284 2233 P
1404 2198 1474 2232 hae
1496 2231 1499 2233 s

170 2249 242 2284 bP:
269 2248 299 2283 Sc
321 2248 358 2283 Β
453 2250 498 2283 30
517 2246 779 2282 nichomachus
800 2247 850 2282 B:
876 2246 1098 2282 simmachus
1112 2246 1148 2280 P
1167 2246 1242 2289 (sed
1265 2244 1331 2279 sim
1356 2245 1398 2280 in
1421 2181 1526 2444 ναεῗ

171 2299 193 2331 5
219 2295 436 2339 litterarum)
