1526 2444
138 86 226 128 408
631 86 729 122 SAT.
755 85 884 121 LIBRI
907 85 976 121 Vll

144 192 443 247 Hermogenen
486 194 729 246 ceterosque
765 191 832 233 his
870 192 1046 246 similes,
1087 192 1264 234 uerbum
1299 193 1462 236 nullum

75 244 131 286 14
143 251 227 292 nisi
262 249 566 304 philosophum
605 250 746 291 sentit.
807 252 851 291 at
881 263 980 292 uero
1015 249 1180 291 Alcinoi
1212 253 1254 292 et
1283 249 1461 293 Didonis

144 322 308 362 mensa,
347 307 468 361 quasi
506 307 607 349 solis
645 310 745 362 apta
782 307 961 360 deliciis,
996 307 1148 349 habuit
1180 307 1284 349 haec
1314 307 1461 363 Iopam

142 366 218 407 illa
247 364 554 419 Polyphemum
592 365 756 407 cithara
791 368 1005 415 canentes,
1041 379 1117 406 nec
1148 365 1321 407 deerant
1352 367 1463 421 apud

142 423 371 464 Alcinoum
402 423 630 464 saltatores
659 422 754 477 uiri,
785 425 827 464 et
858 423 968 477 apud
999 423 1208 464 Didonem
1235 423 1372 464 Bitias
1403 425 1463 466 sic

142 481 344 522 hauriens
375 494 550 531 merum,
581 483 629 522 ut
660 494 704 522 se
734 483 873 522 totum
904 480 1115 534 superflua
1145 481 1234 522 eius
1265 481 1464 523 effusione

143 539 374 592 prolueret.
427 553 569 580 nonne
601 539 733 592 siquis
764 540 839 579 aut
868 538 979 579 inter
1003 538 1218 580 Phaeacas
1249 541 1322 580 aut
1354 540 1464 594 apud

143 596 309 638 Poenos
365 610 578 638 sermones
626 597 676 638 de
727 596 937 650 sapientia
985 598 1126 637 erutos
1175 597 1464 639 conuiualibus

143 654 301 696 fabulis
344 654 601 708 miscuisset,
650 657 693 695 et
734 654 917 708 gratiam
959 654 1042 711 illis
1086 654 1276 696 coetibus
1319 657 1463 708 aptam

143 712 339 766 perderet
370 715 412 754 et
442 715 486 753 in
518 727 562 753 se
593 712 725 753 risum
756 713 880 766 plane
905 712 1065 753 iustum
1090 712 1307 754 moueret?
1362 726 1462 768 ergo

76 763 130 804 15
144 770 283 825 prima
308 770 396 811 eius
423 769 665 811 obseruatio
692 770 771 811 erit
796 770 1022 811 aestimare
1046 770 1260 811 conuiuas.
1316 770 1464 812 deinde

144 828 218 869 ubi
250 828 332 869 sibi
362 828 501 869 locum
533 830 677 881 patere
708 827 879 880 uiderit,
915 841 1000 868 non
1032 827 1081 868 de
1112 828 1217 881 ipsis
1247 827 1464 881 profundi-

143 885 251 927 tatis
282 899 384 927 suae
415 885 589 927 secretis
620 885 730 926 inter
760 885 913 939 pocula
940 885 1150 938 loquetur,
1180 899 1258 926 nec
1281 886 1464 928 nodosas

1483 724 1517 751 1⁰

144 946 187 984 et
219 943 364 984 anxias
397 943 469 984 sed
494 943 620 984 utiles
646 942 827 997 quidem,
858 942 1003 984 faciles
1028 945 1170 984 tamen
1195 944 1464 997 quaestiones
1523 959 1526 1001 j

76 995 130 1036 16
145 1001 346 1042 mouebit.
412 1015 513 1041 nam
551 1000 661 1042 sicut
697 1001 808 1041 inter
843 1001 959 1054 illos,
997 1001 1069 1054 qui
1106 1001 1296 1042 exercitii
1331 1015 1464 1055 genus

1484 1011 1526 1061 ¹⁶5

142 1059 306 1100 habent
331 1059 376 1099 in
401 1059 549 1099 mediis
576 1058 734 1100 saltare
757 1058 978 1112 conuiuiis,
1002 1058 1134 1112 siquis
1153 1061 1201 1099 ut
1221 1073 1264 1100 se
1285 1059 1464 1113 amplius
1521 1064 1526 1074 ²

143 1119 336 1159 exerceat
382 1117 450 1157 uel
501 1116 554 1157 ad
602 1130 770 1157 cursum
815 1117 880 1157 uel
925 1115 978 1156 ad
1019 1116 1259 1170 pugilatum
1302 1117 1465 1159 sodales
1518 1122 1526 1150 1?

143 1174 424 1224 lacessiuerit,
474 1174 594 1228 quasi
636 1174 805 1228 ineptus
848 1173 1106 1227 relegabitur
1149 1174 1202 1215 ab
1246 1174 1466 1217 alacritate
1525 1177 1526 1180 ’

143 1232 363 1287 consortii,
393 1233 452 1273 sic
484 1231 594 1286 apud
620 1246 823 1285 mensam,
855 1231 1025 1286 quando
1051 1232 1161 1284 licet,
1193 1232 1302 1286 aptis
1329 1232 1464 1286 philo·
1514 1262 1515 1266 ,

126 1290 412 1343 ‚sophandum
451 1293 532 1343 est,
570 1291 618 1330 ut
655 1289 807 1330 crateri
845 1289 1021 1342 liquoris
1053 1289 1105 1330 ad
1135 1290 1343 1331 laetitiam
1373 1292 1466 1333 nati

144 1347 392 1389 adhibeatur
422 1361 510 1388 non
539 1347 665 1389 modo
690 1346 988 1401 Nympharum
1020 1347 1093 1388 sed
1116 1346 1334 1389 Musarum
1365 1362 1465 1402 quo-
1505 1382 1511 1396 2

76 1399 127 1440 17
145 1421 225 1460 que
257 1405 517 1447 admixtione
547 1405 786 1458 temperies.
845 1419 946 1446 nam
978 1405 1030 1456 si,
1064 1407 1112 1446 ut
1141 1405 1266 1446 fateri
1295 1419 1465 1458 necesse

143 1467 226 1517 est,
263 1464 308 1505 in
345 1463 461 1505 omni
492 1466 703 1504 conuentu
734 1464 808 1504 aut
837 1462 1063 1504 tacendum
1095 1465 1159 1504 est
1189 1466 1263 1505 aut
1293 1464 1466 1518 loquen-
1506 1491 1512 1514 :.

143 1522 256 1572 dum,
277 1534 543 1576 quaeramus,
562 1521 835 1562 silentiumne
856 1520 1061 1562 conuiuiis
1079 1535 1134 1562 an
1148 1523 1190 1562 et
1204 1524 1465 1575 opportunus

143 1593 281 1621 sermo
313 1579 548 1620 conueniat.
597 1593 695 1620 nam
729 1578 766 1619 si
795 1579 906 1620 sicut
935 1578 1047 1632 apud
1077 1578 1269 1620 Athenas
1298 1578 1464 1622 Atticas

142 1637 430 1692 Areopagitae
472 1639 662 1678 tacentes
692 1636 898 1690 iudicant,
933 1637 995 1677 ita
1023 1636 1135 1678 inter
1166 1637 1310 1691 epulas
1343 1652 1462 1692 opor-

142 1698 206 1737 tet
245 1709 410 1749 semper
452 1694 583 1748 sileri,
626 1708 712 1736 non
753 1697 819 1735 est
860 1693 973 1735 ultra
1013 1695 1313 1748 quaerendum,
1355 1696 1466 1738 inter

142 1767 312 1794 mensas
342 1752 730 1807 philosophandum
759 1765 891 1793 necne
922 1752 990 1793 sit.
1040 1752 1077 1793 si
1108 1766 1208 1794 uero
1233 1767 1318 1794 non
1343 1756 1466 1795 erunt
1504 1802 1507 1803 ⁷

143 1813 261 1852 muta
297 1811 511 1865 conuiuia,
549 1825 623 1852 cur
657 1810 733 1851 ubi
770 1824 908 1852 sermo
945 1810 1223 1863 permittitur,
1258 1810 1464 1853 honestus
1504 1851 1505 1855 ,

145 1882 282 1910 sermo
330 1868 598 1922 prohibetur,
647 1868 826 1910 maxime
875 1882 971 1909 cum
1017 1882 1104 1910 non
1153 1882 1294 1910 mlnus
1338 1883 1463 1924 quam

74 1920 129 1962 18
145 1926 320 1968 dulcedo
340 1926 430 1967 uini
449 1926 635 1967 hilarent
655 1926 785 1967 uerba
804 1925 1075 1967 conuiuium?
1115 1940 1216 1967 nam
1237 1928 1272 1968 si
1290 1926 1465 1969 Homeri
1505 1932 1508 1935 '

237 2078 256 2109 1
283 2084 503 2119 ermogenen
530 2074 567 2108 P
681 2077 704 2108 4
727 2073 940 2118 pohphemt‘i
965 2074 1011 2119 P,
1039 2073 1314 2110 Demodochum
1347 2075 1463 2111 Game·

141 2145 265 2180 rarius
349 2147 368 2177 7
393 2143 533 2190 phecas
552 2143 589 2178 P
667 2146 688 2178 8
713 2131 852 2188 peongs
871 2143 907 2178 P
985 2148 1004 2179 9
1032 2143 1196 2179 coetibus
1216 2164 1259 2170 —-
1287 2148 1330 2179 10
1354 2144 1463 2179 nsum
1498 2129 1526 2185 ἐξ

1480 2164 1526 2444 ᾖ

141 2201 208 2227 om.
233 2191 278 2235 P,
302 2190 386 2225 add.
414 2189 722 2234 Cantabriyiensis
799 2193 841 2224 19
867 2189 1027 2224 mensam
1046 2201 1111 2227 om.
1137 2188 1185 2225 P'
1267 2195 1311 2226 21
1335 2189 1459 2235 niphal

141 2241 184 2272 ru
208 2236 245 2271 P
313 2239 356 2270 22
382 2236 474 2270 sicut
500 2237 536 2269 P
605 2239 648 2271 23
673 2235 915 2282 loquendfi*l
945 2236 982 2271 P
1052 2240 1095 2271 25
1121 2237 1180 2272 Na
1203 2236 1231 2272 1¹1
1255 2238 1297 2272 ut
1315 2236 1413 2282 apud
1429 2236 1467 2271 P

143 2287 187 2319 26
211 2282 379 2318 tacentes
398 2293 463 2319 om.
487 2282 538 2317 Pl
