1526 2444
146 210 448 265 imperatori
509 224 672 252 rerum
726 213 943 254 omnium
997 212 1316 256 felicitatem.
1401 216 1466 256 est
1515 244 1523 248 -

147 283 272 323 super
296 268 377 309 hoc
401 268 509 309 liber
527 268 770 319 TARQVITII
795 270 1076 324 transcriptus
1103 285 1152 312 ex
1172 270 1464 314 OSTENTARIO

146 326 308 367 Tvsco.
377 325 436 367 ibi
475 327 712 380 repperitur
750 342 1002 382 purpureo
1044 342 1258 370 aureoue
1297 329 1464 371 colore

147 384 258 425 ouis
310 383 507 425 ariesue
555 385 597 425 si
646 389 960 442 aspergetur,
1006 387 1227 441 principi
1272 386 1464 429 ordinis

147 444 194 483 et
236 441 439 495 generis
488 455 675 483 summa
717 457 824 484 cum
867 443 1125 485 felicitate
1166 445 1465 499 largitatem

148 501 315 553 auget,
353 512 508 553 genus
538 500 831 554 progeniem
863 503 1116 555 propagat
1147 501 1198 543 in
1229 502 1467 545 claritate

147 556 519 611 laetiorem-que
562 557 741 600 efficit.
801 557 928 599 huius
972 558 1089 599 modi
1130 559 1265 614 igitur
1307 562 1466 602 statum

146 615 394 669 imperatori
422 614 465 655 in
497 615 681 656 transitu
710 614 980 657 uaticinatur.

106 674 132 714 3
262 672 416 714 Verbis
441 672 570 714 etiam
597 673 775 728 singulis
802 674 852 714 de
878 688 997 715 sacro
1022 674 1108 715 ritu
1139 689 1266 728 quam
1296 689 1346 716 ex
1378 675 1466 716 alto

146 731 281 783 petita
313 730 536 785 significet,
566 731 634 772 uel
665 731 763 772 hinc
793 731 939 773 licebit
969 732 1186 773 aduertere
1484 750 1498 774 1

148 102 231 146 182
650 105 748 141 SAT.
767 105 893 142 LIBRI
916 106 968 142 111
1497 0 1526 161 ἲ

203 811 382 852 iniecere
413 826 584 853 manum
614 810 773 853 Parcae
802 812 982 867 telisque
1015 815 1234 854 sacrarunt

203 869 409 923 Euandri,

146 963 244 991 nam
284 949 483 1004 quicquid
523 949 780 991 destinatum
820 952 886 992 est
923 950 1005 1004 dis,
1045 964 1240 993 sacrum
1276 954 1466 1005 uocatur,

146 1007 366 1061 peruenire
409 1010 549 1049 autem
589 1007 642 1050 ad
683 1007 784 1050 deos
821 1022 907 1049 non
942 1011 1085 1062 potest
1119 1008 1204 1050 nisi
1239 1009 1374 1050 libera
1411 1009 1465 1050 ab

147 1079 275 1106 onere
317 1065 506 1119 corporis
548 1065 678 1107 fuerit
721 1066 881 1120 anima,
923 1065 1036 1120 quod
1076 1066 1161 1107 nisi
1200 1069 1336 1108 morte
1377 1066 1467 1108 fieri
1485 1085 1500 1109 1

144 1136 230 1164 non
277 1126 430 1177 potest.
491 1123 552 1165 ita
594 1136 694 1178 ergo
738 1126 975 1177 opportune
1012 1125 1224 1166 sacratum
1260 1123 1466 1166 Halesum
1502 1151 1504 1155 -

105 1180 269 1235 4faeit,
306 1181 405 1235 quia
441 1183 533 1222 erat
570 1181 847 1234 oppetiturus.
916 1183 959 1222 et
993 1181 1063 1223 hic
1092 1181 1394 1235 proprietatem
1425 1184 1468 1224 et

145 1238 349 1279 humani
369 1241 411 1280 et
442 1238 602 1280 diuini
632 1239 760 1280 iuris
785 1241 954 1280 secutus
981 1241 1057 1280 est.
1115 1253 1214 1280 nam
1241 1253 1292 1280 ex
1317 1253 1466 1281 manus
1500 1286 1501 1290 Ἰ

145 1296 371 1338 injectione
401 1310 535 1350 paene
565 1297 822 1350 mancipium
853 1297 1115 1352 designauit,
1145 1299 1189 1338 et
1220 1298 1466 1339 sacrationis

104 1356 132 1396 5
147 1354 352 1396 uocabulo
379 1354 693 1396 obseruantiam
719 1354 853 1396 diuini
876 1355 980 1396 iuris
1005 1355 1213 1408 impleuit.
1266 1355 1347 1397 hoc
1371 1355 1464 1399 loco

146 1426 232 1454 non
271 1412 454 1454 alienum
490 1412 657 1454 uidetur
694 1412 745 1454 de
782 1412 1025 1454 condicione
1062 1427 1206 1454 eorum
1243 1412 1465 1455 hominum

145 1470 315 1524 referre,
346 1484 450 1524 quos
480 1470 596 1524 leges
629 1484 771 1512 sacros
802 1484 894 1512 esse
925 1471 1050 1512 certis
1082 1470 1145 1512 dis
1176 1470 1335 1525 iubent,
1366 1471 1466 1525 quia.

145 1542 231 1570 non
250 1528 413 1584 ignoro,
438 1528 690 1582 quibusdam
709 1528 863 1569 mirum
888 1527 1034 1583 uideri,
1059 1528 1183 1583 quod,
1207 1542 1302 1570 cum
1326 1531 1466 1570 cetera
1496 1552 1498 1584 1

147 1599 267 1627 sacra
307 1585 461 1628 uiolari
502 1585 622 1627 nefas
664 1586 738 1640 sit,
779 1586 994 1627 hominem
1031 1600 1198 1628 sacrum
1234 1586 1300 1627 ius
1337 1586 1465 1628 fuerit

106 1644 289 1686 Goccidi.
364 1644 480 1685 cuius
522 1644 585 1684 rei
627 1657 755 1685 causa
797 1643 901 1684 hacc
944 1646 1019 1684 est.
1098 1645 1259 1685 ueteres
1301 1644 1464 1685 nullum

147 1702 303 1743 animal
340 1715 506 1743 sacrum
541 1701 586 1742 in
621 1701 776 1742 finibus
814 1701 902 1742 suis
939 1714 1032 1742 esse
1061 1701 1351 1756 patiebantur,
1392 1702 1465 1743 sed

146 1759 377 1813 abigebant
403 1759 456 1800 ad
487 1759 592 1800 fines
625 1759 810 1813 deorum,
842 1759 994 1813 quibus
1026 1773 1190 1800 sacrum
1221 1762 1344 1814 esset,
1375 1759 1466 1801 ani-

238 1898 278 1929 11
306 1894 394 1931 Aen.
420 1895 453 1929 X
476 1898 544 1930 419

241 2026 258 2056 1
283 2022 429 2066 imperii
454 2023 474 2057 b
549 2025 672 2058 omni?
695 2024 779 2057 reru
802 2021 839 2056 P
905 2025 926 2056 2
951 2021 1106 2057 hbertas
1121 2023 1230 2067 qu1t11
1247 2019 1292 2057 B'
1365 2022 1464 2057 tran-

146 2068 300 2104 renbtus
325 2069 368 2111 P,
401 2067 657 2113 transscriptus
676 2069 713 2103 Β
830 2072 851 2103 3
876 2070 1056 2112 reperitur
1081 2068 1118 2103 Β
1235 2072 1258 2103 4
1282 2068 1408 2113 ariefq.
1432 2067 1469 2104 P

146 2115 319 2161 aspgatur
345 2116 381 2150 P
477 2126 658 2160 principio
682 2115 719 2150 P
817 2118 837 2149 ὅ
863 2114 1062 2160 felicaltate
1087 2112 1135 2150 P'
1243 2119 1284 2150 11
1309 2125 1430 2150 mcerc

145 2165 255 2196 mansi
280 2161 317 2196 P
417 2161 559 2197 sacratu
586 2162 622 2196 P
728 2164 771 2196 14
796 2161 920 2196 autem
949 2171 1015 2197 om.
1040 2161 1086 2204 P,
1114 2161 1240 2197 deinde
1264 2171 1287 2196 a.
1310 2160 1399 2196 deos

145 2207 267 2252 potest
295 2219 419 2243 amma
439 2209 445 2250 Ι
465 2207 533 2243 n1s1
563 2208 704 2252 (deinde
731 2207 849 2242 libera.
877 2208 920 2242 in
942 2209 1029 2252 ras.)
1053 2207 1091 2242 P
1207 2210 1249 2243 15
1273 2208 1408 2243 honere
1433 2206 1468 2242 Ρ
1525 2246 1526 2249 ¹

148 2258 191 2289 16
215 2253 400 2290 halaesum
426 2255 463 2289 Β
557 2258 599 2289 18
623 2253 798 2298 sequutus
817 2254 853 2288 P
939 2257 982 2289 19
1007 2264 1125 2299 poene
1148 2254 1184 2289 B
1272 2258 1315 2290 21
1342 2253 1474 2299 condi-f¹
1524 2257 1526 2300 ξ

146 2303 246 2336 tione
271 2300 348 2336 BP
417 2305 461 2337 23
486 2300 511 2335 fi
531 2311 555 2337 *
574 2301 611 2335 P
676 2305 721 2335 24
745 2300 884 2337 molare
912 2301 948 2336 P
1016 2304 1060 2336 27
1086 2301 1267 2336 sacratum
1292 2301 1312 2336 b
1524 2310 1526 2314 ’
