1526 2444
576 65 714 102 XXIIII
740 69 879 103 11—20
1323 65 1406 107 131

5 199 7 226 ς
56 191 137 233 que
175 176 220 218 in
258 175 516 218 desiderium
554 175 662 218 alios
700 174 910 218 audiendi.
938 189 1024 217 11011
1060 173 1171 216 uidit
1205 175 1249 216 et
1286 188 1330 216 se
1363 174 1410 216 iii

5 234 8 296 ξ
54 235 169 278 idem
206 249 361 277 munus
401 235 656 277 uocandum.
719 234 867 289 itaque
905 234 1083 276 hortatu
1119 235 1270 276 mutuo
1309 247 1409 275 con-

5 299 24 348 ξ,
54 295 178 337 citati
221 295 265 336 in
310 293 540 336 adsensum
581 293 708 336 facile
755 307 804 335 30
847 293 1034 351 libenter
1077 293 1256 335 animati
1295 295 1408 347 sunt,

6 350 13 403 ἵ
53 354 357 409 intuentesque
383 367 530 396 omnes
549 352 877 395 Praetextatum
902 353 1101 407 orabant,
1126 354 1175 394 ut
1201 351 1407 394 iudicium

17 429 36 457 ε
55 427 178 455 suum
202 412 368 467 primus
395 412 593 468 aperiret,
618 412 772 454 ceteris
798 426 875 467 per
894 411 1103 464 ordinem,
1130 426 1256 467 quem
1283 425 1408 454 casus

6 511 8 530 ἰ
57 471 231 514 sedendi
261 471 436 527 fecerat,
469 472 691 514 secuturis.

6 572 8 577 A
170 530 230 572 Et
259 530 434 573 Vettius
468 530 679 586 ‘equidem
712 530 827 572 inter
859 530 1022 585 omnia,
1055 530 1212 585 quibus
1246 530 1408 572 eminet
1426 538 1477 580 16

6 601 9 638 ς
52 589 147 632 laus
179 589 387 641 Maronis,
419 589 501 632 hoc
533 589 735 632 adsiduus
766 590 899 631 lector
931 589 1136 641 admiror,
1175 590 1277 644 quia
1308 589 1405 632 doc-

6 645 10 680 l
54 648 221 690 tissime
252 649 330 691 ius
361 648 714 702 pontificium,
745 650 967 702 tamquam
992 648 1075 690 hoc
1099 648 1336 703 professus,
1362 649 1408 690 in

18 723 37 750 o
55 708 192 750 multa
223 710 266 749 et
296 708 419 750 uaria
450 708 591 763 operis
625 708 691 750 sui
723 710 846 762 parte
873 707 1077 761 seruauit,
1108 709 1164 762 et,
1196 707 1230 749 si
1258 709 1407 750 tantae

6 782 9 795 ¹
55 766 349 809 dissertationi
392 781 533 809 sermo
577 781 663 809 non
707 766 907 822 cesserit,
949 766 1157 821 promitto
1200 766 1314 820 fore,
1360 769 1407 808 ut

55 825 275 882 Vergilius
306 828 455 868 noster
485 825 681 881 pontifex
712 825 926 867 maximus
960 824 1212 868 adseratur'.

8 929 9 944 χ
171 884 278 926 Post
313 885 427 927 hunc
457 884 689 927 Flauianus
723 883 852 940 ‘apud
890 887 1065 940 poetam
1096 883 1308 927 nostrum'
1341 884 1404 927 in-
1424 893 1476 934 17

54 943 146 999 quit
178 943 358 986 ‘tantam
391 944 615 987 scientiam
652 944 780 986 iuris
819 944 1088 999 auguralis
1120 944 1316 998 inuenio,
1346 946 1406 998 ut,

19 1017 36 1045 5
55 1003 91 1044 si
116 1003 298 1044 aliarum
339 1003 666 1057 disciplinarum
705 1003 901 1045 doctrina
938 1003 1262 1059 destitueretur,
1299 1003 1406 1046 haec

53 1061 176 1103 illum
207 1062 277 1103 uel
310 1062 404 1104 sola
434 1062 646 1118 professio
680 1061 960 1104 sublimaret'.

170 1120 427 1163 Eustathius
465 1121 616 1163 deinde
652 1120 869 1164 ‘maxime’
903 1121 1045 1176 inquit
1082 1121 1476 1178 ³praedicarem,18

53 1182 214 1234 quanta
251 1180 308 1222 de
346 1180 556 1223 Graecis
594 1184 743 1223 cautus
782 1183 825 1222 et
861 1182 1083 1235 tamquam
1124 1181 1237 1223 aliud
1272 1194 1405 1236 agens

54 1237 183 1280 modo
217 1239 374 1281 artifici
405 1239 748 1282 dissimulatione
780 1239 907 1282 modo
936 1240 1135 1295 professa
1159 1240 1406 1283 imitatione

54 1298 413 1352 transtulerit,
443 1298 488 1340 ni
513 1313 581 1340 me
606 1299 746 1342 maior
772 1299 1001 1342 admiratio
1028 1299 1079 1341 de
1112 1300 1405 1355 astrologia

53 1358 228 1411 totaque
259 1356 598 1413 philosophia
627 1360 804 1412 teneret,
830 1372 959 1413 quam
984 1373 1140 1413 parcus
1167 1361 1210 1401 et
1235 1359 1405 1401 sobrius

53 1416 173 1470 operi
205 1430 281 1458 suo
312 1430 524 1470 nusquam
555 1417 927 1471 reprehendendus
960 1417 1174 1472 aspersit'.

19 1518 22 1520 ,
172 1473 326 1516 Furius
358 1475 544 1518 Albinus
583 1476 766 1518 alterum
803 1476 956 1519 fouens
988 1476 1255 1519 Praetextati
1286 1477 1403 1519 latus
1422 1485 1475 1527 19

10 1564 12 1596 :
54 1532 257 1589 iuxtaque
283 1547 380 1576 eum
406 1533 591 1577 Caecina
617 1535 814 1590 Albinus,
847 1536 974 1578 ambo
1007 1536 1288 1578 uetustatis
1323 1536 1402 1578 ad—

10 1637 12 1644 ,
53 1591 390 1635 sectationem
428 1593 474 1635 in
505 1592 700 1649 Vergilio
731 1595 1056 1650 praedicabant,
1095 1595 1204 1637 alter
1234 1595 1280 1637 in
1310 1610 1403 1638 uer·

10 1659 13 1701 3
51 1651 182 1706 sibus,
214 1650 400 1694 Caecina
430 1652 475 1694 in
506 1653 663 1695 uerbis.

11 1710 13 1715 ⁴
168 1709 359 1753 Auienus
397 1710 500 1754 ‘non
538 1711 762 1754 adsumam
800 1712 924 1754 mihi'
962 1713 1025 1755 ait
1055 1713 1119 1755 ‘ut
1156 1728 1286 1756 unam
1327 1714 1474 1763 ali-20

145 1889 165 1920 5
190 1887 264 1921 iret
288 1886 328 1922 in
354 1888 516 1931 aperiret
540 1891 573 1923 et
599 1886 734 1932 ceteris
753 1888 795 1923 in
819 1898 892 1923 ras.
918 1888 959 1924 in
985 1888 1023 1923 P
1105 1892 1125 1923 6
1150 1888 1183 1923 is
1203 1890 1246 1924 in
1270 1888 1400 1934 sequu-

50 1931 146 1967 turis
165 1933 207 1968 in
231 1943 304 1969 ras.
330 1934 372 1969 in
397 1934 434 1969 P
490 1937 511 1969 8
537 1934 639 1969 roms
658 1936 701 1970 in
726 1934 889 1970 maronis
909 1936 950 1971 in
974 1946 1047 1971 ras.
1067 1936 1110 1971 in
1129 1936 1165 1970 P
1223 1947 1401 1972 ammiror

43 1978 86 2015 B
172 1980 381 2016 doctissimfi
405 1982 409 2025 Ι
431 1981 512 2016 eius
532 1981 569 2016 P
656 1985 698 2016 11
725 1981 840 2018 sermo
866 1982 1082 2019 roncesserit
1109 1985 1164 2028 (ut
1188 1984 1281 2029 uid.)
1306 1994 1398 2020 corr.

49 2026 92 2062 in
115 2026 232 2063 sermo
259 2027 476 2064 concesserit
500 2029 542 2064 in
566 2029 603 2064 P
691 2032 734 2064 12
761 2030 934 2074 uirgilius
954 2030 991 2065 B
1076 2033 1120 2066 13
1146 2029 1332 2066 flauianuf
1354 2052 1398 2058 -

48 2076 95 2109 22
127 2074 455 2119 reprehendendus
480 2076 522 2111 in
545 2087 618 2111 ras.
650 2076 692 2112 in
725 2077 761 2111 P
788 2088 902 2122 ‘neque
932 2081 1053 2114 tamen
1083 2079 1266 2114 uocabula
1294 2089 1400 2114 erasa

50 2131 121 2156 csse
143 2123 319 2158 uidentur
337 2123 398 2158 sed
421 2124 500 2159 siue
531 2123 685 2160 lineolae
708 2124 768 2159 uel
792 2125 864 2167 tale
883 2125 1027 2171 aliquid
1045 2125 1179 2161 deletae
1197 2127 1276 2161 siue
1293 2137 1398 2161 mem-

49 2167 186 2204 branae
216 2170 335 2205 nescz‘o
367 2171 457 2216 quid
488 2171 623 2206 uitium
653 2172 838 2207 sublatum
985 2176 1027 2208 15
1054 2173 1226 2209 doctrina
1250 2184 1316 2209 om.
1347 2172 1399 2208 P'

51 2214 296 2251 distitueraur
322 2214 368 2252 B‘
457 2221 499 2254 17
527 2217 719 2265 eusltatius
739 2219 775 2253 B
859 2223 902 2255 18
929 2219 1051 2255 cautis
1073 2219 1123 2255 P'
1211 2225 1255 2256 23
1282 2221 1399 2265 psstex-

49 2263 133 2297 tatu
157 2266 198 2298 ut
222 2264 301 2300 uid.
325 2263 372 2299 B‘
470 2268 516 2300 24
542 2276 670 2301 cicena
694 2265 743 2301 P'
843 2266 992 2302 albinus
1012 2278 1078 2303 om.
1107 2266 1158 2302 P'
1254 2271 1299 2303 25
1325 2279 1399 2303 uir-

51 2308 144 2354 giho
170 2310 206 2345 Β
284 2314 329 2346 27
356 2313 398 2347 ut
422 2322 488 2348 om.
517 2310 565 2347 B'
645 2324 759 2348 unum
787 2311 836 2348 P'

1065 2375 1113 2409 9*
