1526 2444
174 54 259 95 110
694 54 792 90 SAT.
817 54 944 90 LIBRI
969 57 985 90 I

172 160 218 201 in
249 174 414 202 summa
443 160 802 215 pronuntiandum
835 163 916 213 est,
953 160 1145 204 effectum
1177 162 1296 216 solis,
1334 162 1384 204 de
1415 177 1470 217 qu

172 218 314 260 feruor
358 218 612 273 animorum,
654 218 704 260 de
749 233 830 273 quo
869 219 985 261 calor
1022 219 1244 275 sanguinis
1282 210 1526 279 excitatum&

170 275 355 318 Martem
385 276 542 318 uocari.
1496 262 1526 336 ξ.

134 337 157 377 7
289 333 350 375 Vt
373 348 473 376 uero
498 333 776 376 Mercurius
802 335 867 376 sol
893 335 1107 389 probetur,
1135 335 1326 389 superius
1353 335 1526 387 edoctag‘f

173 391 374 445 suffragio
419 394 529 434 sunt.
596 392 774 434 eundem
812 392 926 433 enim
963 406 1052 434 esse
1089 392 1331 447 Apollinem
1370 387 1526 494 atque}

170 449 425 491 Mercurium
451 450 520 491 uel
547 449 646 491 hinc
672 452 862 504 apparet,
893 450 1003 504 quod
1029 451 1139 504 apud
1166 451 1322 492 multas
1349 451 1526 506 gentes&

171 507 298 548 stella
328 506 525 549 Mercurii
563 507 617 549 ad
647 506 860 561 Apollinis
890 522 1046 550 nomen
1074 509 1272 562 refertur,
1313 511 1356 550 et
1387 495 1526 589 quod{

172 563 328 619 Apollo
353 565 489 607 Musis
515 565 740 619 praesidet,
765 565 998 607 Mercurius
1025 579 1272 620 sermonem,
1298 567 1409 621 quod
1435 570 1499 609 est

132 622 390 667 SMusarum
421 638 590 677 munus,
627 623 832 677 impertit.
891 625 1057 677 praeter
1089 624 1170 665 hoc
1201 638 1361 678 quoque
1391 614 1526 680 Mer-Z

172 681 336 722 curium
354 695 433 736 pro
453 682 542 723 sole
562 681 725 723 censeri
742 682 877 722 multa
895 681 1148 723 documenta
1166 684 1278 723 sunt.
1314 681 1526 935 primumi

1518 603 1526 611 s

171 739 283 793 quod
310 739 536 781 simulacra
554 738 754 781 Mercurii
778 739 976 793 pennatis
1003 739 1080 781 alis
1101 739 1372 794 adornantur,
1391 754 1505 795 quae„

131 798 238 839 9res
288 799 501 838 monstrat
551 797 654 838 solis
702 797 987 839 uelocitatem.
1058 812 1158 839 nam
1199 798 1298 852 quia
1343 797 1526 840 mentis&

170 857 390 908 potentem
411 854 666 896 Mercurium
686 855 906 909 credimus,
931 855 1275 909 appellatumque
1293 856 1356 897 ita
1375 856 1496 897 intel·
1524 894 1526 898 .

168 913 350 967 legimus
387 910 472 954 ἀπὸ
504 918 583 954 τοῦ
615 911 889 968 ἑρμηνεύειν,
926 916 968 954 et
999 913 1063 955 sol
1094 914 1241 954 mundi
1271 928 1389 955 mens
1421 916 1497 965 est,

170 985 334 1012 summa
372 973 513 1012 autem
551 973 616 1012 est
653 971 859 1012 uelocitas
897 971 1071 1025 mentis,
1106 974 1155 1012 ut
1193 972 1253 1013 ait
1283 971 1494 1014 Homerus

536 1052 594 1100 ὡς
623 1052 665 1093 εἰ
691 1050 850 1107 πτερὸν
880 1049 929 1105 ἠὲ
959 1049 1114 1106 νόημα,
1500 1029 1526 1177 Ξ

167 1131 262 1174 ideo
293 1132 444 1186 pennis
469 1132 702 1174 Mercurius
734 1133 856 1187 quasi
887 1132 980 1187 ipsa
1003 1135 1157 1174 natura
1181 1133 1283 1175 solis
1309 1135 1494 1177 ornatur.

101 1192 154 1234 10
167 1189 246 1232 hoc
289 1192 586 1244 argumentum
622 1189 830 1245 Aegyptii
871 1190 1049 1232 lucidius
1090 1191 1322 1232 absoluunt
1357 1190 1521 1245 ipsius

169 1247 273 1290 solis
311 1248 536 1290 simulacra
572 1252 759 1303 pennata
794 1248 1020 1302 fingentes,
1052 1248 1204 1302 quibus
1236 1250 1350 1291 color
1382 1249 1515 1303 apud

165 1306 264 1347 illos
307 1321 393 1348 non
434 1321 542 1348 unus
586 1308 660 1347 est.
728 1306 910 1348 alterum
953 1306 1067 1347 enim
1114 1307 1306 1348 caerulea
1343 1307 1510 1363 specie,

167 1364 348 1405 alterum
391 1364 504 1405 clara
545 1364 724 1418 fingunt.
798 1378 848 1405 ex
890 1364 957 1405 his
1000 1365 1160 1406 clarum
1203 1379 1401 1419 superum
1449 1368 1521 1407 et

167 1422 406 1463 caeruleum
441 1422 622 1463 inferum
659 1423 833 1475 uocant,
876 1422 1000 1463 inferi
1043 1425 1183 1464 autem
1219 1436 1374 1464 nomen
1411 1423 1493 1465 soli
1510 1418 1518 1427 ”

167 1479 305 1533 datur,
323 1494 420 1522 cum
445 1480 492 1521 in
516 1479 713 1522 inferiore
738 1479 1062 1534 hemisphaerio,
1086 1480 1130 1522 id
1154 1482 1219 1522 est
1239 1480 1514 1523 hiemalibus*

134 1538 323 1592 signis,
372 1552 542 1579 cursum
585 1553 707 1580 suum
749 1538 937 1592 peragit,
981 1538 1143 1592 superi,
1188 1552 1283 1580 cum
1325 1541 1510 1592 partem

99 1596 327 1639 llzodiaei
358 1596 495 1637 ambit
526 1597 745 1638 aestiuam.
808 1596 954 1637 eadem
986 1596 1097 1637 circa
1126 1595 1381 1638 Mercurium
1413 1597 1524 1639 subs

166 1654 250 1695 alia
290 1653 437 1696 fabula
477 1654 592 1695 fictio
637 1655 718 1704 est,
761 1667 856 1694 cum
893 1653 1004 1694 inter
1040 1668 1214 1707 superos
1251 1656 1294 1695 et
1331 1650 1522 1696 inferos

98 1715 151 1755 12
166 1711 266 1753 deos
292 1711 539 1752 administer
564 1725 612 1752 ac
636 1711 810 1753 nuntius
837 1711 1096 1753 aestimatur.
1139 1710 1523 1766 Argiphontes'

163 1772 385 1823 praeterea
421 1769 747 1824 cognominatur
782 1783 868 1811 non
905 1769 1016 1823 quod
1053 1769 1217 1824 Argum
1253 1771 1522 1824 peremerit,

165 1841 290 1880 quem
319 1826 463 1868 ferunt
493 1841 569 1881 per
599 1827 806 1868 ambitum
835 1827 987 1881 capitis
1018 1828 1248 1869 multorum
1274 1828 1489 1870 oculorum

259 1933 301 1963 16
329 1928 394 1964 Od.
420 1940 442 1972 η
469 1933 513 1964 36

256 2026 276 2055 2
303 2021 486 2056 excitatus
506 2021 553 2056 B'
682 2025 701 2056 3
723 2025 807 2067 post
831 2033 956 2057 uocan
981 2022 1064 2058 add.
1090 2022 1152 2056 DE
1178 2021 1427 2056 MERCVRIO
1453 2022 1488 2056 Β

164 2070 205 2101 11
231 2067 398 2112 p1nnat1s
418 2067 455 2101 P
523 2071 566 2102 12
591 2067 794 2103 monstrant
812 2068 848 2102 Β
921 2071 964 2103 15
990 2068 1044 2103 est
1067 2070 1191 2104 autem
1210 2069 1246 2103 Β
1319 2071 1361 2103 16
1383 2069 1511 2104 ΝΟΝ-.

161 2115 227 2149 ΜΔ
254 2114 290 2148 P
372 2117 414 2148 17
440 2114 565 2159 plnnls
579 2125 607 2159 p
694 2114 845 2150 ornatus
864 2112 911 2149 B'
998 2117 1040 2150 18
1067 2116 1194 2162 egipti]
1223 2115 1260 2149 P
1340 2118 1381 2149 19
1406 2126 1510 2160 pin-

161 2162 250 2195 nata
278 2159 314 2194 P
395 2164 441 2195 20
466 2161 590 2196 cerula
610 2160 646 2194 P
734 2164 777 2196 23
804 2162 932 2196 datum
957 2159 1002 2196 B'
1086 2160 1302 2206 hem1speno
1326 2161 1363 2195 P
1443 2163 1523 2205 2⁷,

162 2206 376 2242 aestimatus
394 2204 442 2241 B'
495 2207 712 2288 ssrgffontes
726 2207 762 2242 Β
834 2211 878 2243 28
899 2207 1179 2253 cognominatus
1192 2208 1227 2242 Β
1299 2211 1343 2242 29
1364 2206 1511 2247 oculo-j

162 2265 243 2288 rum
267 2264 308 2289 m
332 2264 404 2288 ras.
430 2264 471 2289 m
1506 2271 1507 2274 =
