<?xml version="1.0" encoding="UTF-8"?>
<!DOCTYPE html PUBLIC "-//W3C//DTD XHTML 1.0 Transitional//EN"
    "http://www.w3.org/TR/xhtml1/DTD/xhtml1-transitional.dtd">
<html xmlns="http://www.w3.org/1999/xhtml" xml:lang="en" lang="en">
 <head>
  <title>
</title>
<meta http-equiv="Content-Type" content="text/html;charset=utf-8" />
  <meta name='ocr-system' content='tesseract 3.04.00' />
  <meta name='ocr-capabilities' content='ocr_page ocr_carea ocr_par ocr_line ocrx_word'/>
</head>
<body>
  <div class='ocr_page' id='page_1' title='image "./macrobiusfrancis00macruoft_0404.png"; bbox 0 0 1526 2444; ppageno 0'>
   <div class='ocr_carea' id='block_1_1' title="bbox 134 63 972 106">
    <p class='ocr_par' dir='ltr' id='par_1_1' title="bbox 134 63 972 106">
     <span class='ocr_line' id='line_1_1' title="bbox 134 63 972 106; baseline -0.011 0"><span class='ocrx_word' id='word_1_1' title='bbox 134 63 225 106; x_wconf 81' lang='lat'>392</span> <span class='ocrx_word' id='word_1_2' title='bbox 645 63 747 99; x_wconf 82' lang='lat' dir='ltr'><strong>SAT.</strong></span> <span class='ocrx_word' id='word_1_3' title='bbox 771 63 900 99; x_wconf 84' lang='lat' dir='ltr'>LIBRI</span> <span class='ocrx_word' id='word_1_4' title='bbox 921 63 972 99; x_wconf 89' lang='lat' dir='ltr'>V1</span> 
     </span>
    </p>
   </div>
   <div class='ocr_carea' id='block_1_2' title="bbox 69 169 1270 385">
    <p class='ocr_par' dir='ltr' id='par_1_2' title="bbox 69 169 1270 385">
     <span class='ocr_line' id='line_1_2' title="bbox 194 169 492 225; baseline -0.003 -13"><span class='ocrx_word' id='word_1_5' title='bbox 194 169 319 224; x_wconf 86' lang='lat' dir='ltr'>Nise,</span> <span class='ocrx_word' id='word_1_6' title='bbox 347 169 492 225; x_wconf 80' lang='lat' dir='ltr'><strong>fugis?</strong></span> 
     </span>
     <span class='ocr_line' id='line_1_3' title="bbox 69 250 1270 305; baseline -0.002 -12"><span class='ocrx_word' id='word_1_7' title='bbox 69 251 122 293; x_wconf 86' lang='lat'>17</span> <span class='ocrx_word' id='word_1_8' title='bbox 138 251 239 305; x_wconf 88' lang='lat' dir='ltr'>quid</span> <span class='ocrx_word' id='word_1_9' title='bbox 271 252 313 291; x_wconf 73' lang='lat' dir='ltr'>et</span> <span class='ocrx_word' id='word_1_10' title='bbox 343 250 419 292; x_wconf 83' lang='lat' dir='ltr'>illa</span> <span class='ocrx_word' id='word_1_11' title='bbox 450 250 704 305; x_wconf 73' lang='lat' dir='ltr'>excogi&#39;natio</span> <span class='ocrx_word' id='word_1_12' title='bbox 736 264 943 293; x_wconf 89' lang='lat' dir='ltr'>nouorum</span> <span class='ocrx_word' id='word_1_13' title='bbox 975 263 1191 304; x_wconf 81' lang='lat' dir='ltr'>sensuum,</span> <span class='ocrx_word' id='word_1_14' title='bbox 1221 252 1270 291; x_wconf 73' lang='lat' dir='ltr'>ut</span> 
     </span>
     <span class='ocr_line' id='line_1_4' title="bbox 418 330 815 385; baseline 0 -13"><span class='ocrx_word' id='word_1_15' title='bbox 418 330 681 385; x_wconf 58' lang='lat' dir='ltr'>mentifflaque</span> <span class='ocrx_word' id='word_1_16' title='bbox 711 332 815 384; x_wconf 79' lang='lat' dir='ltr'>tela,</span> 
     </span>
    </p>
   </div>
   <div class='ocr_carea' id='block_1_3' title="bbox 138 390 1206 776">
    <p class='ocr_par' dir='ltr' id='par_1_3' title="bbox 138 390 1206 776">
     <span class='ocr_line' id='line_1_5' title="bbox 138 390 182 430; baseline 0 0"><span class='ocrx_word' id='word_1_17' title='bbox 138 390 182 430; x_wconf 70' lang='lat' dir='ltr'>elz</span> 
     </span>
     <span class='ocr_line' id='line_1_6' title="bbox 419 445 1067 500; baseline 0.002 -14"><span class='ocrx_word' id='word_1_18' title='bbox 419 445 658 500; x_wconf 85' lang='lat' dir='ltr'>ferrumque</span> <span class='ocrx_word' id='word_1_19' title='bbox 691 460 855 487; x_wconf 85' lang='lat' dir='ltr'>armare</span> <span class='ocrx_word' id='word_1_20' title='bbox 885 459 1067 500; x_wconf 88' lang='lat' dir='ltr'>ueneno,</span> 
     </span>
     <span class='ocr_line' id='line_1_7' title="bbox 139 507 183 545; baseline 0.023 -1"><span class='ocrx_word' id='word_1_21' title='bbox 139 507 183 545; x_wconf 78' lang='lat' dir='ltr'>et</span> 
     </span>
     <span class='ocr_line' id='line_1_8' title="bbox 420 561 1206 616; baseline 0.001 -14"><span class='ocrx_word' id='word_1_22' title='bbox 420 561 641 616; x_wconf 73' lang='lat' dir='ltr'>cultusque</span> <span class='ocrx_word' id='word_1_23' title='bbox 672 561 784 603; x_wconf 86' lang='lat' dir='ltr'>feros</span> <span class='ocrx_word' id='word_1_24' title='bbox 815 562 980 603; x_wconf 86' lang='lat' dir='ltr'>mollire</span> <span class='ocrx_word' id='word_1_25' title='bbox 1012 561 1206 615; x_wconf 86' lang='lat' dir='ltr'>colendo,</span> 
     </span>
     <span class='ocr_line' id='line_1_9' title="bbox 138 622 183 660; baseline 0 0"><span class='ocrx_word' id='word_1_26' title='bbox 138 622 183 660; x_wconf 69' lang='lat' dir='ltr'>eh</span> 
     </span>
     <span class='ocr_line' id='line_1_10' title="bbox 419 677 1119 728; baseline 0.001 -11"><span class='ocrx_word' id='word_1_27' title='bbox 419 677 614 718; x_wconf 63' lang='lat' dir='ltr'>exueriniz</span> <span class='ocrx_word' id='word_1_28' title='bbox 644 677 884 719; x_wconf 77' lang='lat' dir='ltr'>siluestrem</span> <span class='ocrx_word' id='word_1_29' title='bbox 916 677 1119 728; x_wconf 89' lang='lat' dir='ltr'>animum,</span> 
     </span>
     <span class='ocr_line' id='line_1_11' title="bbox 138 737 182 776; baseline 0 0"><span class='ocrx_word' id='word_1_30' title='bbox 138 737 182 776; x_wconf 75' lang='lat' dir='ltr'>et</span> 
     </span>
    </p>
   </div>
   <div class='ocr_carea' id='block_1_4' title="bbox 137 792 1145 928">
    <p class='ocr_par' dir='ltr' id='par_1_4' title="bbox 137 792 1145 928">
     <span class='ocr_line' id='line_1_12' title="bbox 198 792 1145 848; baseline 0 -15"><span class='ocrx_word' id='word_1_31' title='bbox 198 793 522 848; x_wconf 85' lang='lat' dir='ltr'>uirgineumque</span> <span class='ocrx_word' id='word_1_32' title='bbox 555 792 637 833; x_wconf 74' lang='lat' dir='ltr'>alte</span> <span class='ocrx_word' id='word_1_33' title='bbox 668 792 780 834; x_wconf 76' lang='lat' dir='ltr'><strong>bibit</strong></span> <span class='ocrx_word' id='word_1_34' title='bbox 811 794 907 833; x_wconf 76' lang='lat' dir='ltr'>acta</span> <span class='ocrx_word' id='word_1_35' title='bbox 937 806 1145 846; x_wconf 86' lang='lat' dir='ltr'>eruorem,</span> 
     </span>
     <span class='ocr_line' id='line_1_13' title="bbox 137 872 831 928; baseline 0 -14"><span class='ocrx_word' id='word_1_36' title='bbox 137 875 189 915; x_wconf 74' lang='lat' dir='ltr'>ut</span> <span class='ocrx_word' id='word_1_37' title='bbox 219 873 331 928; x_wconf 84' lang='lat' dir='ltr'>apud</span> <span class='ocrx_word' id='word_1_38' title='bbox 360 872 595 915; x_wconf 86' lang='lat' dir='ltr'>Homerum</span> <span class='ocrx_word' id='word_1_39' title='bbox 625 873 675 914; x_wconf 88' lang='lat' dir='ltr'>de</span> <span class='ocrx_word' id='word_1_40' title='bbox 706 873 831 914; x_wconf 73' lang='lat' dir='ltr'>hasta</span> 
     </span>
    </p>
   </div>
   <div class='ocr_carea' id='block_1_5' title="bbox 69 949 1309 1702">
    <p class='ocr_par' dir='ltr' id='par_1_5' title="bbox 69 949 1309 1702">
     <span class='ocr_line' id='line_1_14' title="bbox 419 949 977 1010; baseline -0.004 -14"><span class='ocrx_word' id='word_1_41' title='bbox 419 952 667 1008; x_wconf 80' lang='grc' dir='ltr'><em>λιλαιομένη</em></span> <span class='ocrx_word' id='word_1_42' title='bbox 699 954 827 1010; x_wconf 76' lang='grc' dir='ltr'><strong>χροὸς</strong></span> <span class='ocrx_word' id='word_1_43' title='bbox 857 949 977 1007; x_wconf 80' lang='grc' dir='ltr'><em>ἆσαι,</em></span> 
     </span>
     <span class='ocr_line' id='line_1_15' title="bbox 69 1012 1253 1125; baseline -0.002 -13"><span class='ocrx_word' id='word_1_44' title='bbox 69 1012 126 1054; x_wconf 75' lang='grc'>18</span> <span class='ocrx_word' id='word_1_45' title='bbox 140 1014 184 1053; x_wconf 60' lang='lat' dir='ltr'>et</span> <span class='ocrx_word' id='word_1_46' title='bbox 196 1084 437 1125; x_wconf 82' lang='lat' dir='ltr'>pompaque</span> <span class='ocrx_word' id='word_1_47' title='bbox 468 1070 725 1124; x_wconf 71' lang='lat' dir='ltr'>degenerant</span> <span class='ocrx_word' id='word_1_48' title='bbox 756 1083 877 1111; x_wconf 83' lang='lat' dir='ltr'>sucos</span> <span class='ocrx_word' id='word_1_49' title='bbox 910 1069 1044 1111; x_wconf 76' lang='lat' dir='ltr'>oblita</span> <span class='ocrx_word' id='word_1_50' title='bbox 1074 1069 1253 1124; x_wconf 85' lang='lat' dir='ltr'>priores,</span> 
     </span>
     <span class='ocr_line' id='line_1_16' title="bbox 137 1130 986 1241; baseline -0.002 -14"><span class='ocrx_word' id='word_1_51' title='bbox 137 1130 183 1169; x_wconf 53' lang='lat' dir='ltr'>et</span> <span class='ocrx_word' id='word_1_52' title='bbox 198 1185 336 1241; x_wconf 84' lang='lat' dir='ltr'>glacie</span> <span class='ocrx_word' id='word_1_53' title='bbox 367 1199 513 1227; x_wconf 83' lang='lat' dir='ltr'>cursus</span> <span class='ocrx_word' id='word_1_54' title='bbox 543 1185 733 1226; x_wconf 71' lang='lat' dir='ltr'>frenaret</span> <span class='ocrx_word' id='word_1_55' title='bbox 763 1198 986 1239; x_wconf 82' lang='lat' dir='ltr'>aquarum,</span> 
     </span>
     <span class='ocr_line' id='line_1_17' title="bbox 138 1245 1244 1354; baseline -0.001 -12"><span class='ocrx_word' id='word_1_56' title='bbox 138 1245 183 1285; x_wconf 70' lang='lat'>21³</span> <span class='ocrx_word' id='word_1_57' title='bbox 197 1301 414 1354; x_wconf 66' lang='lat' dir='ltr'>mixizaque</span> <span class='ocrx_word' id='word_1_58' title='bbox 444 1300 599 1341; x_wconf 76' lang='lat' dir='ltr'><strong>ridenti</strong></span> <span class='ocrx_word' id='word_1_59' title='bbox 631 1300 841 1342; x_wconf 76' lang='lat' dir='ltr'><strong>colocasia</strong></span> <span class='ocrx_word' id='word_1_60' title='bbox 870 1299 1014 1340; x_wconf 71' lang='lat' dir='ltr'>fundit</span> <span class='ocrx_word' id='word_1_61' title='bbox 1044 1299 1244 1354; x_wconf 73' lang='lat' dir='ltr'>acantho,</span> 
     </span>
     <span class='ocr_line' id='line_1_18' title="bbox 138 1360 1095 1457; baseline -0.002 1"><span class='ocrx_word' id='word_1_62' title='bbox 138 1360 183 1400; x_wconf 55' lang='lat' dir='ltr'>et</span> <span class='ocrx_word' id='word_1_63' title='bbox 421 1418 486 1457; x_wconf 73' lang='lat' dir='ltr'>est</span> <span class='ocrx_word' id='word_1_64' title='bbox 516 1415 656 1457; x_wconf 87' lang='lat' dir='ltr'>mollis</span> <span class='ocrx_word' id='word_1_65' title='bbox 687 1415 860 1456; x_wconf 77' lang='lat' dir='ltr'>flamma</span> <span class='ocrx_word' id='word_1_66' title='bbox 889 1414 1095 1457; x_wconf 84' lang='lat' dir='ltr'>medullas</span> 
     </span>
     <span class='ocr_line' id='line_1_19' title="bbox 198 1473 1309 1527; baseline -0.001 -12"><span class='ocrx_word' id='word_1_67' title='bbox 198 1474 379 1527; x_wconf 77' lang='lat' dir='ltr'>interea,</span> <span class='ocrx_word' id='word_1_68' title='bbox 410 1476 452 1515; x_wconf 73' lang='lat' dir='ltr'>et</span> <span class='ocrx_word' id='word_1_69' title='bbox 481 1473 659 1515; x_wconf 76' lang='lat' dir='ltr'>tacitum</span> <span class='ocrx_word' id='word_1_70' title='bbox 688 1474 798 1515; x_wconf 71' lang='lat' dir='ltr'>uiuit</span> <span class='ocrx_word' id='word_1_71' title='bbox 829 1473 906 1514; x_wconf 88' lang='lat' dir='ltr'>sub</span> <span class='ocrx_word' id='word_1_72' title='bbox 937 1475 1109 1527; x_wconf 71' lang='lat' dir='ltr'>pectore</span> <span class='ocrx_word' id='word_1_73' title='bbox 1140 1473 1309 1527; x_wconf 84' lang='lat' dir='ltr'>uulnus,</span> 
     </span>
     <span class='ocr_line' id='line_1_20' title="bbox 139 1533 957 1630; baseline -0.004 1"><span class='ocrx_word' id='word_1_74' title='bbox 139 1533 186 1573; x_wconf 60' lang='lat' dir='ltr'>et</span> <span class='ocrx_word' id='word_1_75' title='bbox 419 1589 522 1630; x_wconf 88' lang='lat' dir='ltr'>duro</span> <span class='ocrx_word' id='word_1_76' title='bbox 554 1589 633 1630; x_wconf 83' lang='lat' dir='ltr'>sub</span> <span class='ocrx_word' id='word_1_77' title='bbox 664 1588 816 1630; x_wconf 88' lang='lat' dir='ltr'>robore</span> <span class='ocrx_word' id='word_1_78' title='bbox 846 1588 957 1629; x_wconf 74' lang='lat' dir='ltr'>uiuit</span> 
     </span>
     <span class='ocr_line' id='line_1_21' title="bbox 198 1646 968 1702; baseline -0.003 -14"><span class='ocrx_word' id='word_1_79' title='bbox 198 1648 353 1702; x_wconf 75' lang='lat' dir='ltr'>stuppa</span> <span class='ocrx_word' id='word_1_80' title='bbox 382 1661 558 1689; x_wconf 84' lang='lat' dir='ltr'>uomens</span> <span class='ocrx_word' id='word_1_81' title='bbox 588 1646 758 1687; x_wconf 76' lang='lat' dir='ltr'>tardum</span> <span class='ocrx_word' id='word_1_82' title='bbox 788 1646 968 1701; x_wconf 86' lang='lat' dir='ltr'>fumum,</span> 
     </span>
    </p>
   </div>
   <div class='ocr_carea' id='block_1_6' title="bbox 70 1704 183 1746">
    <p class='ocr_par' dir='ltr' id='par_1_6' title="bbox 70 1704 183 1746">
     <span class='ocr_line' id='line_1_22' title="bbox 70 1704 183 1746; baseline 0.009 -1"><span class='ocrx_word' id='word_1_83' title='bbox 70 1704 124 1746; x_wconf 88' lang='grc'>19</span> <span class='ocrx_word' id='word_1_84' title='bbox 139 1706 183 1746; x_wconf 72' lang='lat' dir='ltr'>et</span> 
     </span>
    </p>
   </div>
   <div class='ocr_carea' id='block_1_7' title="bbox 198 1761 1061 1817">
    <p class='ocr_par' dir='ltr' id='par_1_7' title="bbox 198 1761 1061 1817">
     <span class='ocr_line' id='line_1_23' title="bbox 198 1761 1061 1817; baseline -0.002 -13"><span class='ocrx_word' id='word_1_85' title='bbox 198 1762 416 1817; x_wconf 72' lang='lat' dir='ltr'>saeuitque</span> <span class='ocrx_word' id='word_1_86' title='bbox 447 1776 600 1803; x_wconf 83' lang='lat' dir='ltr'>eanum</span> <span class='ocrx_word' id='word_1_87' title='bbox 630 1762 811 1803; x_wconf 75' lang='lat' dir='ltr'>latratus</span> <span class='ocrx_word' id='word_1_88' title='bbox 842 1761 887 1802; x_wconf 89' lang='lat' dir='ltr'>in</span> <span class='ocrx_word' id='word_1_89' title='bbox 917 1775 1061 1816; x_wconf 83' lang='lat' dir='ltr'>auras,</span> 
     </span>
    </p>
   </div>
   <div class='ocr_carea' id='block_1_8' title="bbox 128 1849 416 1856">
    <p class='ocr_par' dir='ltr' id='par_1_8' title="bbox 128 1849 416 1856">
     <span class='ocr_line' id='line_1_24' title="bbox 128 1849 416 1856; baseline 0 588"><span class='ocrx_word' id='word_1_90' title='bbox 128 1849 416 1856; x_wconf 95' lang='lat' dir='ltr'> </span> 
     </span>
    </p>
   </div>
   <div class='ocr_carea' id='block_1_9' title="bbox 133 1897 1498 2073">
    <p class='ocr_par' dir='ltr' id='par_1_9' title="bbox 133 1897 1498 2073">
     <span class='ocr_line' id='line_1_25' title="bbox 231 1897 1498 1942; baseline -0.001 -10"><span class='ocrx_word' id='word_1_91' title='bbox 231 1902 252 1932; x_wconf 84' lang='lat'><strong>3</strong></span> <span class='ocrx_word' id='word_1_92' title='bbox 277 1898 366 1933; x_wconf 86' lang='lat' dir='ltr'>Aen.</span> <span class='ocrx_word' id='word_1_93' title='bbox 392 1897 426 1932; x_wconf 92' lang='lat' dir='ltr'>II</span> <span class='ocrx_word' id='word_1_94' title='bbox 449 1901 517 1932; x_wconf 82' lang='grc'>422</span> <span class='ocrx_word' id='word_1_95' title='bbox 589 1901 610 1932; x_wconf 86' lang='lat'>5</span> <span class='ocrx_word' id='word_1_96' title='bbox 635 1898 685 1933; x_wconf 90' lang='lat' dir='ltr'>ib.</span> <span class='ocrx_word' id='word_1_97' title='bbox 710 1897 813 1932; x_wconf 89' lang='lat' dir='ltr'><strong>VIIII</strong></span> <span class='ocrx_word' id='word_1_98' title='bbox 839 1902 904 1933; x_wconf 78' lang='lat'>773</span> <span class='ocrx_word' id='word_1_99' title='bbox 978 1902 997 1933; x_wconf 79' lang='lat'>7</span> <span class='ocrx_word' id='word_1_100' title='bbox 1024 1897 1154 1942; x_wconf 87' lang='lat' dir='ltr'>Georg.</span> <span class='ocrx_word' id='word_1_101' title='bbox 1179 1898 1213 1932; x_wconf 94' lang='lat' dir='ltr'>II</span> <span class='ocrx_word' id='word_1_102' title='bbox 1238 1901 1283 1933; x_wconf 87' lang='grc'>36</span> <span class='ocrx_word' id='word_1_103' title='bbox 1364 1901 1384 1932; x_wconf 82' lang='grc'>9</span> <span class='ocrx_word' id='word_1_104' title='bbox 1409 1897 1458 1932; x_wconf 89' lang='lat' dir='ltr'>ib.</span> <span class='ocrx_word' id='word_1_105' title='bbox 1496 1900 1498 1907; x_wconf 71' lang='lat'><strong>⁴</strong></span> 
     </span>
     <span class='ocr_line' id='line_1_26' title="bbox 133 1942 1459 1989; baseline -0.001 -9"><span class='ocrx_word' id='word_1_106' title='bbox 133 1945 171 1980; x_wconf 89' lang='grc' dir='ltr'>ΙΙ</span> <span class='ocrx_word' id='word_1_107' title='bbox 196 1949 238 1980; x_wconf 84' lang='grc'>51</span> <span class='ocrx_word' id='word_1_108' title='bbox 345 1949 385 1979; x_wconf 92' lang='grc'>11</span> <span class='ocrx_word' id='word_1_109' title='bbox 412 1946 500 1980; x_wconf 86' lang='lat' dir='ltr'>Aen.</span> <span class='ocrx_word' id='word_1_110' title='bbox 526 1943 578 1978; x_wconf 93' lang='lat' dir='ltr'>XI</span> <span class='ocrx_word' id='word_1_111' title='bbox 602 1947 669 1979; x_wconf 86' lang='lat'>804</span> <span class='ocrx_word' id='word_1_112' title='bbox 771 1947 814 1979; x_wconf 84' lang='lat'>13</span> <span class='ocrx_word' id='word_1_113' title='bbox 839 1943 881 1980; x_wconf 88' lang='lat'>11.</span> <span class='ocrx_word' id='word_1_114' title='bbox 907 1946 938 1980; x_wconf 90' lang='grc' dir='ltr'>Φ</span> <span class='ocrx_word' id='word_1_115' title='bbox 965 1946 1030 1978; x_wconf 83' lang='grc'>168</span> <span class='ocrx_word' id='word_1_116' title='bbox 1134 1947 1175 1978; x_wconf 84' lang='grc'>15</span> <span class='ocrx_word' id='word_1_117' title='bbox 1202 1943 1332 1989; x_wconf 82' lang='lat' dir='ltr'>Georg.</span> <span class='ocrx_word' id='word_1_118' title='bbox 1357 1942 1391 1977; x_wconf 92' lang='lat' dir='ltr'>II</span> <span class='ocrx_word' id='word_1_119' title='bbox 1415 1946 1459 1979; x_wconf 80' lang='lat'>59</span> 
     </span>
     <span class='ocr_line' id='line_1_27' title="bbox 134 1989 1459 2035; baseline -0.001 -9"><span class='ocrx_word' id='word_1_120' title='bbox 134 1995 181 2027; x_wconf 81' lang='grc'>17</span> <span class='ocrx_word' id='word_1_121' title='bbox 206 1991 255 2026; x_wconf 87' lang='lat' dir='ltr'>ib.</span> <span class='ocrx_word' id='word_1_122' title='bbox 280 1989 350 2024; x_wconf 90' lang='lat'>1111</span> <span class='ocrx_word' id='word_1_123' title='bbox 377 1993 443 2025; x_wconf 89' lang='lat'>136</span> <span class='ocrx_word' id='word_1_124' title='bbox 523 1995 564 2025; x_wconf 84' lang='lat'>19</span> <span class='ocrx_word' id='word_1_125' title='bbox 589 1991 705 2035; x_wconf 85' lang='lat' dir='ltr'>eclog.</span> <span class='ocrx_word' id='word_1_126' title='bbox 730 1990 801 2025; x_wconf 89' lang='lat' dir='ltr'>IIII</span> <span class='ocrx_word' id='word_1_127' title='bbox 826 1994 871 2026; x_wconf 83' lang='lat'>20</span> <span class='ocrx_word' id='word_1_128' title='bbox 948 1994 991 2025; x_wconf 89' lang='grc'>21</span> <span class='ocrx_word' id='word_1_129' title='bbox 1016 1989 1106 2026; x_wconf 88' lang='lat' dir='ltr'>Aen.</span> <span class='ocrx_word' id='word_1_130' title='bbox 1130 1989 1201 2025; x_wconf 93' lang='lat' dir='ltr'>IlII</span> <span class='ocrx_word' id='word_1_131' title='bbox 1225 1993 1269 2025; x_wconf 84' lang='grc'>66</span> <span class='ocrx_word' id='word_1_132' title='bbox 1341 1993 1386 2025; x_wconf 80' lang='grc'>24</span> <span class='ocrx_word' id='word_1_133' title='bbox 1409 1990 1459 2025; x_wconf 86' lang='lat' dir='ltr'>ib.</span> 
     </span>
     <span class='ocr_line' id='line_1_28' title="bbox 133 2036 601 2073; baseline -0.006 0"><span class='ocrx_word' id='word_1_134' title='bbox 133 2037 170 2073; x_wconf 83' lang='lat' dir='ltr'><strong>V</strong></span> <span class='ocrx_word' id='word_1_135' title='bbox 195 2041 262 2073; x_wconf 87' lang='grc'>681</span> <span class='ocrx_word' id='word_1_136' title='bbox 335 2040 378 2072; x_wconf 84' lang='grc'>27</span> <span class='ocrx_word' id='word_1_137' title='bbox 402 2036 451 2071; x_wconf 84' lang='lat' dir='ltr'>ib.</span> <span class='ocrx_word' id='word_1_138' title='bbox 476 2036 510 2071; x_wconf 88' lang='lat' dir='ltr'><strong>V</strong></span> <span class='ocrx_word' id='word_1_139' title='bbox 535 2039 601 2071; x_wconf 76' lang='lat'>257</span> 
     </span>
    </p>
   </div>
   <div class='ocr_carea' id='block_1_10' title="bbox 127 2114 415 2121">
    <p class='ocr_par' dir='ltr' id='par_1_10' title="bbox 127 2114 415 2121">
     <span class='ocr_line' id='line_1_29' title="bbox 127 2114 415 2121; baseline 0 323"><span class='ocrx_word' id='word_1_140' title='bbox 127 2114 415 2121; x_wconf 95' lang='lat' dir='ltr'> </span> 
     </span>
    </p>
   </div>
   <div class='ocr_carea' id='block_1_11' title="bbox 137 2162 1490 2255">
    <p class='ocr_par' dir='ltr' id='par_1_11' title="bbox 137 2162 1490 2255">
     <span class='ocr_line' id='line_1_30' title="bbox 231 2162 1490 2199; baseline -0.001 0"><span class='ocrx_word' id='word_1_141' title='bbox 231 2166 252 2199; x_wconf 78' lang='grc'><strong>7</strong></span> <span class='ocrx_word' id='word_1_142' title='bbox 277 2163 370 2199; x_wconf 82' lang='lat' dir='ltr'>felos</span> <span class='ocrx_word' id='word_1_143' title='bbox 391 2163 439 2198; x_wconf 87' lang='lat' dir='ltr'>P&#39;</span> <span class='ocrx_word' id='word_1_144' title='bbox 546 2165 567 2197; x_wconf 93' lang='lat'>8</span> <span class='ocrx_word' id='word_1_145' title='bbox 593 2164 631 2198; x_wconf 76' lang='lat' dir='ltr'>el:</span> <span class='ocrx_word' id='word_1_146' title='bbox 654 2173 719 2199; x_wconf 90' lang='lat' dir='ltr'>om.</span> <span class='ocrx_word' id='word_1_147' title='bbox 744 2163 781 2198; x_wconf 91' lang='lat' dir='ltr'><strong><em>P</em></strong></span> <span class='ocrx_word' id='word_1_148' title='bbox 873 2166 893 2198; x_wconf 86' lang='lat'>9</span> <span class='ocrx_word' id='word_1_149' title='bbox 918 2162 1102 2198; x_wconf 76' lang='lat' dir='ltr'>filuestrer</span> <span class='ocrx_word' id='word_1_150' title='bbox 1121 2163 1264 2199; x_wconf 85' lang='lat' dir='ltr'>ammos</span> <span class='ocrx_word' id='word_1_151' title='bbox 1285 2163 1322 2198; x_wconf 91' lang='lat' dir='ltr'><strong><em>P</em></strong></span> <span class='ocrx_word' id='word_1_152' title='bbox 1414 2166 1457 2198; x_wconf 82' lang='lat'>19</span> <span class='ocrx_word' id='word_1_153' title='bbox 1487 2177 1490 2178; x_wconf 44' lang='lat'><em>⁷</em></span> 
     </span>
     <span class='ocr_line' id='line_1_31' title="bbox 137 2208 1156 2255; baseline -0.001 -9"><span class='ocrx_word' id='word_1_154' title='bbox 137 2210 298 2246; x_wconf 68' lang='lat' dir='ltr'>acantho,</span> <span class='ocrx_word' id='word_1_155' title='bbox 321 2208 371 2245; x_wconf 91' lang='lat' dir='ltr'>P&#39;</span> <span class='ocrx_word' id='word_1_156' title='bbox 443 2213 488 2244; x_wconf 85' lang='lat'>24</span> <span class='ocrx_word' id='word_1_157' title='bbox 512 2210 584 2245; x_wconf 90' lang='lat' dir='ltr'>udo</span> <span class='ocrx_word' id='word_1_158' title='bbox 609 2209 673 2244; x_wconf 88' lang='lat' dir='ltr'>rub</span> <span class='ocrx_word' id='word_1_159' title='bbox 700 2209 737 2244; x_wconf 88' lang='lat' dir='ltr'><strong><em>P</em></strong></span> <span class='ocrx_word' id='word_1_160' title='bbox 805 2212 848 2245; x_wconf 82' lang='grc'>25</span> <span class='ocrx_word' id='word_1_161' title='bbox 874 2209 983 2245; x_wconf 64' lang='lat' dir='ltr'>tarda</span> <span class='ocrx_word' id='word_1_162' title='bbox 1005 2213 1092 2255; x_wconf 70' lang='lat' dir='ltr'>igne</span> <span class='ocrx_word' id='word_1_163' title='bbox 1119 2210 1156 2245; x_wconf 92' lang='lat' dir='ltr'><strong><em>P</em></strong></span> 
     </span>
    </p>
   </div>
   <div class='ocr_carea' id='block_1_12' title="bbox 1468 261 1526 2444">
    <p class='ocr_par' dir='ltr' id='par_1_12' title="bbox 1468 261 1526 2444">
     <span class='ocr_line' id='line_1_32' title="bbox 1468 261 1526 2444; baseline 0 0"><span class='ocrx_word' id='word_1_164' title='bbox 1468 261 1526 2444; x_wconf 95' lang='lat' dir='ltr'> </span> 
     </span>
    </p>
   </div>
  </div>
 </body>
</html>
