1526 2444
144 75 232 116 440
639 74 741 110 SAT.
765 73 892 110 LIBRI
911 73 979 109 VII

147 182 328 234 caelum,
370 194 452 234 quo
491 180 647 235 sidera,
690 194 772 234 quo
809 182 947 222 cetera
985 183 1209 222 mouentur
1245 180 1464 222 elementa.

145 239 325 280 terrenis
358 238 612 279 animalibus
645 237 708 279 illi
740 252 812 279 sex
841 239 1063 292 praecipue
1093 238 1325 279 familiares
1356 242 1465 292 sunt,

147 297 220 338 sed
261 309 347 337 non
388 310 619 350 numquam
662 295 885 337 adhibetur
922 299 964 337 et
1002 297 1218 350 septimus.
1285 295 1358 337 sed
1394 309 1465 337 sex

146 355 209 395 illi
239 356 288 394 ut
318 353 466 395 directi
496 354 558 395 ita
590 356 632 395 et
654 353 827 407 innoxii,
859 353 1062 407 septimus
1087 352 1130 394 id
1155 357 1218 395 est
1244 354 1315 407 qui
1340 367 1466 408 gyros

148 411 298 464 efficit,
340 412 486 453 crebro
530 424 735 453 conuersu
769 411 916 452 turbat
953 414 996 452 et
1030 411 1277 452 humoribus
1314 411 1466 465 capitis
1500 427 1517 453 5

146 469 330 510 inuoluit
373 469 697 523 spiramentum,
750 469 861 522 quod
903 469 1090 510 animam
1133 469 1302 510 cerebro
1347 469 1467 523 quasi

107 528 296 569 5omnes
326 527 515 581 corporis
547 540 696 568 sensus
727 526 984 581 gubernanti
1011 527 1235 568 ministrat.
1289 527 1370 568 hoc
1401 529 1467 568 est

149 587 292 626 autem
329 585 647 639 spiramentum,
678 585 790 638 quod
822 584 1009 626 ambiens
1042 586 1258 625 cerebrum
1290 584 1466 639 singulis

149 642 342 684 sensibus
379 643 468 684 uim
506 657 625 684 suam
658 645 864 697 praestat,
900 642 981 683 hoc
1013 645 1078 683 est
1109 642 1219 696 quod
1250 642 1392 683 neruis
1425 645 1467 682 et

148 701 348 742 musculis
392 702 579 754 corporis
621 699 913 741 fortitudinem
951 700 1134 754 praebet.
1201 713 1300 754 ergo
1338 699 1464 741 uerti·
1486 714 1526 741 ισ

148 759 247 813 gine
277 758 496 799 turbatum
521 761 563 799 et
595 758 719 798 simul
746 758 920 812 agitatis
946 758 1195 799 humoribus
1220 771 1468 811 oppressum

148 816 387 871 languescit
423 818 465 857 et
494 815 776 857 ministerium
808 830 929 856 suum
960 815 1126 857 deserit.
1185 815 1282 856 inde
1312 815 1362 856 fit
1390 815 1470 868 his,

149 874 221 928 qui
256 876 481 928 raptantur
517 874 561 914 in
594 887 739 928 gyros,
780 873 975 914 hebetior
1012 873 1198 925 auditus,
1239 873 1357 914 uisus
1395 873 1469 914 ob-

108 933 322 974 6scurior.
382 934 596 985 postremo
634 931 776 972 neruis
813 934 856 972 et
891 931 1092 972 musculis
1130 930 1292 971 nullam
1323 931 1375 971 ab
1418 945 1465 972 eo

149 990 352 1030 uirtutem
397 989 517 1043 quasi
561 988 778 1030 deficiente
820 989 1087 1029 sumentibus
1123 990 1262 1029 totum
1305 1002 1523 1042 corpus,15

150 1045 262 1101 quod
292 1047 359 1088 his
386 1047 617 1088 sustinetur
642 1049 684 1087 et
707 1047 751 1087 in
775 1046 903 1087 robur
927 1047 1117 1101 erigitur,
1148 1045 1359 1086 desertum
1383 1047 1469 1087 iam

115 1105 409 1148 'lfulcimentis
446 1105 531 1146 suis
568 1105 729 1145 labitur
767 1104 812 1145 in
843 1104 1023 1145 ruinam.
1084 1104 1157 1145 sed
1188 1105 1339 1145 contra
1367 1103 1470 1145 haec

150 1163 293 1204 omnia
318 1163 589 1216 consuetudo,
614 1176 740 1227 quam
763 1162 989 1203 secundam
1008 1164 1204 1203 naturam
1224 1161 1522 1214 pronuntia-

149 1221 214 1262 uit
243 1235 358 1274 usus,
387 1220 485 1262 illos
509 1221 640 1274 iuuat,
671 1220 743 1274 qui
767 1220 814 1260 in
838 1219 917 1260 tali
942 1222 1062 1260 motu
1088 1233 1212 1273 saepe
1237 1221 1472 1260 uersantur.

151 1278 460 1332 spiramentum
492 1278 603 1318 enim
634 1277 811 1331 cerebri,
849 1277 961 1330 quod
991 1277 1119 1331 paulo
1151 1279 1248 1318 ante
1280 1276 1471 1328 diximus,
1490 1248 1526 1328 Α

152 1336 374 1377 adsuetum
411 1335 473 1377 rei
509 1336 595 1376 iam
632 1349 719 1376 non
750 1335 831 1376 sibi
861 1349 996 1376 nouae
1027 1349 1112 1377 non
1145 1334 1334 1388 pauescit
1363 1334 1473 1375 hunc
1514 1329 1526 1374 J-

152 1396 318 1435 motum
366 1407 443 1435 nec
486 1393 724 1434 ministeria
766 1406 842 1434 sua
886 1392 1054 1435 deserit.
1123 1393 1217 1434 ideo
1261 1392 1473 1433 consuetis

154 1451 285 1493 etiam
315 1452 396 1492 iste
430 1451 617 1505 agitatus
647 1451 843 1492 innoxius
874 1449 965 1492 est?

113 1511 138 1552 8
268 1509 327 1550 Et
361 1509 606 1562 Euangelus
643 1507 884 1550 ‘inretitum
921 1510 964 1549 te
999 1508 1103 1560 iam,
1139 1507 1300 1562 Disari,
1336 1510 1474 1560 teneo,
1512 1526 1515 1527 ⁷

153 1570 196 1608 et
232 1567 269 1608 si
304 1581 403 1608 uere
441 1566 609 1620 opinor,
644 1581 853 1621 nusquam
889 1565 1014 1607 hodie
1045 1566 1231 1621 effugies.
1293 1567 1336 1606 et
1366 1565 1472 1607 alios
1507 1614 1510 1618 Δ

154 1625 266 1666 enim
309 1626 355 1666 in
398 1626 488 1666 arte
530 1624 613 1666 tibi
655 1625 794 1666 socios
833 1626 875 1665 et
911 1624 1052 1677 ipsum
1087 1626 1131 1665 te
1168 1623 1311 1665 audiui
1347 1636 1472 1677 saepe

154 1683 376 1738 dicentem,
406 1682 577 1724 cerebro
608 1696 694 1724 non
723 1682 861 1724 inesse
893 1695 1076 1735 sensu-m,
1107 1681 1178 1722 sed
1209 1683 1257 1722 ut
1287 1695 1397 1735 ossa,
1426 1682 1474 1722 ut
1508 1694 1510 1698 ·

155 1740 318 1794 dentes,
354 1743 401 1782 ut
437 1740 629 1794 capillos,
665 1741 726 1781 ita
764 1742 807 1781 et
843 1739 1062 1781 cerebrum
1093 1752 1183 1780 esse
1215 1739 1303 1780 sine
1335 1752 1473 1780 sensu.
1515 1759 1519 1769 «

154 1812 355 1839 uerumne
392 1801 472 1852 est,
509 1798 612 1839 haec
647 1812 724 1839 uos
762 1797 898 1839 dicere
935 1797 1104 1851 solitos,
1142 1811 1197 1838 an
1232 1799 1279 1838 ut
1314 1796 1472 1837 falsum
1503 1822 1506 1827 -

114 1855 369 1897 9refelles?'
437 1855 624 1897 ‘uerum'
669 1856 729 1897 ait
769 1855 855 1896 ille.
921 1854 1037 1897 ‘ecce
1080 1855 1166 1896 iam
1209 1855 1373 1896 clausus
1417 1868 1503 1895 es.

154 1916 202 1955 ut
244 1914 355 1954 enim
398 1912 623 1955 concedam
660 1913 757 1968 tibi,
800 1914 969 1967 praeter
1008 1913 1184 1967 capillos
1222 1913 1266 1954 in
1302 1912 1476 1953 homine
1501 1942 1522 1957 -ss

157 1971 315 2025 aliquid
347 1985 437 2012 esse
466 1972 554 2012 sine
586 1985 722 2025 sensu,
754 1971 867 2026 quod
896 1985 985 2013 non
1013 1970 1137 2012 facile
1168 1984 1372 2024 persuasu
1397 1973 1520 2029 est„

155 2031 301 2069 tamen
332 2043 404 2070 cur
436 2043 584 2070 sensus
616 2043 760 2070 omnes
791 2029 918 2084 paulo
951 2030 1048 2069 ante
1079 2028 1226 2069 dixisti
1253 2042 1278 2068 a
1305 2027 1492 2069 cerebro>
1522 2043 1524 2050 ’

250 2180 272 2210 4
297 2176 396 2220 gii-os
415 2177 451 2211 P
544 2179 563 2210 9
588 2176 709 2210 sensus
729 2177 766 2210 P
863 2180 904 2210 11
932 2176 1085 2220 agltatif
1104 2175 1319 2210 humoribus
1337 2186 1400 2211 om.
1427 2171 1475 2210 P'
1489 2151 1519 2206 τι

157 2226 200 2257 13
226 2223 326 2267 glros
346 2223 382 2257 P
456 2225 499 2256 14
525 2222 571 2257 ab
597 2223 655 2268 eo]
683 2223 796 2256 habet
820 2221 856 2256 P
938 2227 979 2257 18
1006 2222 1199 2257 secundum
1224 2222 1339 2261 (scum
1363 2223 1518 2265 scrip-

157 2270 247 2314 tum)
267 2270 303 2303 P
361 2272 405 2303 24
425 2269 462 2304 et
481 2268 690 2314 Euangelus
705 2269 787 2304 add.
807 2269 882 2304 cod
902 2269 1080 2304 Rev-ruens·
1068 2279 1107 2313 ⁷s,
1127 2279 1191 2304 om.
1211 2268 1248 2302 P
1303 2272 1348 2304 30
1367 2266 1418 2303 eft
1429 2263 1488 2302 1²¹
1479 2266 1522 2328 *5¹-
