1526 2444
126 52 211 95 296
631 52 731 89 sAT.
757 52 884 89 LIBRI
909 54 941 88 v

128 163 173 202 ak
203 162 283 201 lste
405 217 654 258 humescunt
684 217 843 271 spumis
875 217 1061 272 flatuque
1094 219 1351 270 sequentum.

86 298 362 342 4mirabilior
416 297 609 339 celeritas
658 298 951 351 consequentis
999 298 1182 351 priorem
1229 297 1274 338 in
1322 311 1445 338 cursu

128 357 282 409 pedum
313 355 424 408 apud
455 355 631 396 eundem
663 358 805 396 uatem
1521 358 1526 367 ³

188 440 302 491 ἴχνια
332 434 488 478 ποσσὶν
520 437 669 477 ἔτυπτε
700 435 836 491 πάρος
866 437 989 477 κόνιν
1021 435 1324 490 ἀμφιχυθῆναι
1482 435 1526 488 51}

129 521 195 558 est
225 519 365 558 autem
397 517 520 557 huius
551 531 699 558 uersus
731 516 798 557 hic
830 530 995 558 sensus:
1027 516 1064 557 si
1094 531 1168 570 per
1194 516 1330 557 solum
1356 516 1448 569 pul·
1521 511 1526 554 ἓ

130 589 303 616 uereum
333 575 443 616 forte
475 577 683 627 curratur,
713 575 786 614 ubi
817 587 890 627 pes
922 573 1049 615 fuerit
1080 574 1129 615 de
1160 575 1274 615 terra
1305 587 1330 614 a
1361 588 1448 615 cur-

130 635 248 673 rente
274 633 477 684 sublatus,
505 632 731 686 uestigium
759 633 846 672 sine
873 631 999 673 dubio
1027 631 1240 686 signatum
1264 631 1446 671 uidetur:
1523 683 1525 686 .

132 694 173 732 et
216 692 358 731 'tamen
395 690 570 731 celerius
609 690 860 743 cogitatione
898 690 1056 743 puluis,
1101 689 1172 743 qui
1209 689 1294 730 ictu
1330 688 1448 742 pedis
1522 721 1526 741 3

91 748 269 791 5fuerat
299 762 509 801 excussus,
539 747 719 801 uestigio
752 747 1080 800 superfunditur.
1129 746 1190 787 ait
1220 759 1319 800 ergo
1345 745 1447 787 diui-
1466 764 1499 789 ιο
1523 776 1526 779 -

130 820 210 846 nus
253 808 392 860 poeta,
433 806 494 846 ita
537 807 774 859 proximum
815 804 945 846 fuisse
983 805 1055 858 qui
1093 804 1362 858 sequebatur,
1405 806 1452 845 ut
1523 827 1526 832 <

132 866 356 916 occuparet
387 863 672 904 antecedentis
704 862 951 917 uestigium,
985 865 1209 915 antequam
1240 862 1380 915 puluis
1413 861 1451 902 ei
1523 910 1526 914 Α

132 920 515 975 superfunderetur.
565 923 609 961 at
632 920 700 961 hic
724 923 864 961 uester
888 920 999 961 idem
1021 920 1261 974 significare
1281 919 1450 973 cupiens

132 978 232 1032 quid
264 978 352 1019 ait?
1524 1008 1526 1010 -

411 1036 647 1089 calcemque
678 1035 779 1077 terit
807 1035 892 1076 iam
925 1036 1038 1076 calce
1071 1035 1229 1076 Diores.
1470 1051 1503 1078 15

95 1117 228 1159 Guide
261 1119 303 1157 et
334 1118 378 1157 in
407 1116 487 1157 hoc
519 1116 694 1156 Homeri
725 1116 884 1157 cultum

190 1195 290 1238 κεῖτ’
328 1197 637 1251 ἀποδοχμώσας
665 1198 832 1237 πλατὺν
863 1194 1033 1249 αὐχένα.

132 1278 214 1319 iste
245 1278 305 1318 ait

192 1358 397 1400 ceruicem
427 1358 624 1399 inflexam
654 1358 809 1412 posuit.

95 1444 118 1484 7
135 1439 213 1480 hos
246 1454 411 1493 quoque
442 1453 590 1480 uersus
622 1439 658 1479 si
689 1438 855 1479 uidetur
885 1451 1159 1492 conparemus
1473 1455 1506 1480 20

193 1521 359 1574 ἅρματα
391 1517 430 1560 δ’
466 1520 616 1561 ἄλλοτε
648 1516 727 1573 μὲν
757 1516 888 1572 χθονὶ
918 1521 1098 1560 πίλνατο
1127 1521 1454 1573 πουλυβοτείρῃ,

192 1579 343 1619 ἄλλοτε
376 1576 414 1618 δ’
452 1577 624 1628 ἀίξασκε
656 1577 852 1631 μετήορα.

192 1636 359 1690 iamque
390 1636 571 1676 humiles
601 1636 768 1688 iamque
800 1634 902 1675 elati
933 1634 1114 1675 sublime
1145 1633 1344 1675 uidentur

195 1708 292 1734 aera
321 1707 396 1747 per
427 1699 616 1734 tenerum
643 1693 754 1732 ferri.

96 1757 121 1798 8
194 1750 372 1792 πασάων
404 1749 442 1791 δ’
479 1747 587 1804 ὑπὲρ
618 1750 694 1803 ἥγε
725 1749 832 1804 κάρη
865 1749 950 1803 ἔχει
980 1746 1057 1802 ἠδὲ
1088 1747 1269 1802 μέτωπα.

194 1809 515 1862 ingrediensque
548 1809 645 1848 deas
678 1809 961 1862 supereminet
992 1821 1148 1847 omnes.
1474 1787 1508 1813 ²⁵

231 1942 250 1973 2
278 1938 408 1983 Georg.
435 1939 486 1972 111
512 1942 576 1972 111
649 1941 669 1972 5
696 1938 736 1973 11.
763 1938 794 1971 ψ
819 1941 885 1972 763
959 1940 1002 1971 15
1023 1938 1110 1971 Aen.
1135 1936 1169 1971 V
1187 1939 1255 1970 324
1328 1927 1370 1969 17'
1390 1934 1455 1970 od.

137 1997 148 2019 1
174 1989 241 2020 372
334 1988 375 2019 19
400 1985 490 2020 Aen.
515 1986 566 2019 III
592 1988 656 2019 631
737 1987 780 2018 21
805 1983 846 2018 11.
873 1985 903 2018 Ψ
929 1987 996 2018 368
1085 1986 1128 2017 23
1156 1983 1287 2027 Georg.
1313 1981 1363 2016 III
1390 1985 1456 2016 108
1522 2012 1523 2017 ,

138 2035 181 2066 25
209 2032 273 2066 Od.
300 2034 318 2067 z
346 2035 409 2066 107
482 2035 525 2066 26
551 2032 641 2066 Aen.
666 2030 683 2064 1
707 2034 772 2065 501
1524 2038 1526 2043 =

232 2155 252 2186 5
270 2155 391 2187 ποεεὶν
411 2153 558 2198 ἔτυπτε]
577 2151 881 2197 ΠΟῙΔΙΝΕΤΙΝΤΕ
900 2152 935 2185 Ρ
1005 2149 1456 2185 ΚΟΝΙΜΑΜΦΙΧΥΟΗΝΑ-

138 2198 192 2234 est
218 2199 254 2233 P
329 2203 370 2233 17
399 2200 493 2233 ΚΔΙΤ
521 2199 556 2232 Ρ
629 2199 815 2233 ΠΔΔΤΥΝ
841 2198 877 2231 Ρ
956 2201 998 2231 21
1019 2197 1145 2231 ΧΕΟΝΙ
1167 2197 1203 2229 P
1278 2198 1321 2230 23
1339 2195 1458 2229 hum-

137 2244 186 2280 hs
207 2245 243 2279 P
333 2248 377 2280 25
401 2245 925 2291 ΥΝΕΡΗΓΟΚΔιΡΕΕΧΕΝΗΛΕ
950 2243 1138 2279 ΜΕΤΟΠΑ
1156 2242 1192 2276 Ρ
