1526 2444
582 56 703 93 xxm
730 59 845 93 6—12
1308 52 1393 94 125

221 167 293 211 καὶ
326 169 367 210 Γ
363 173 437 209 αἴα
468 172 617 222 μῆτερ,
650 165 822 207 Ἑστίαν
854 163 906 206 δέ
935 161 974 205 σ’
1013 163 1059 206 οἰ
1087 159 1220 217 σοφοὶ

221 231 394 284 βροτῶν
425 229 638 268 καλοῦσιν
668 222 836 279 ἡμένην
869 222 918 265 ἐν
950 221 1112 277 αἰθέρι.

45 312 145 354 hinc
176 324 344 367 quoque
377 308 618 352 ostenditur
649 306 751 362 quid
790 306 853 361 de,
878 306 968 349 sole
1001 308 1044 347 et
1073 304 1178 347 Ioue
1211 304 1268 346 sit
1300 303 1437 345 sen-9

45 370 247 425 tiendum,
279 384 376 412 cum
408 368 514 410 alibi
545 367 711 409 dicatur

11 474 28 500 5
106 452 247 495 πάντα
280 451 388 494 ἰδὼν
419 449 531 500 Διὸς
562 447 795 505 ὀφθαλμὸς
825 446 898 490 καὶ
929 444 1072 490 πάντα
1104 447 1267 501 νοήσας

48 538 91 578 et
123 535 228 577 alibi

104 615 282 667 Ἠέλιος
312 614 360 658 θ’
399 616 446 667 ὃς
475 613 602 658 πάντ’
642 614 807 670 ἐφορᾷς
836 611 909 655 καὶ
939 610 1067 654 πάντ’
1104 611 1346 665 ἐπακούεις,

49 700 161 743 unde
210 703 439 754 utrumque
494 700 667 741 constat
719 711 806 739 una
860 697 1078 750 potestate
1128 693 1400 736 censendum.

52 759 219 815 Assyrii
258 773 426 814 quoque
465 757 598 799 solem
638 756 718 798 sub
756 755 932 797 nomine
969 753 1104 807 Iouis,
1147 767 1273 808 quem
1311 753 1401 793 Δία
1419 751 1474 793 10

0 839 35 866 10
46 818 389 871 Ἡλιουπολίτην
420 815 739 872 cognominant,
769 813 971 856 maximis
997 811 1269 855 caerimoniis
1295 811 1403 854 cele-

53 879 185 920 brant
226 878 271 919 in
314 875 489 919 ciuitate
533 889 643 930 quae
680 873 923 928 Heliopolis
960 873 1244 927 nuncupatur.
1312 870 1402 912 eius
1439 885 1442 888 “

55 937 124 978 dei
155 936 430 979 simulacrum
457 936 676 989 sumptum
703 935 769 975 est
795 932 846 975 de
872 931 1031 987 oppido
1057 930 1262 986 Aegypti,
1291 929 1406 985 quod

56 998 99 1038 et
116 996 258 1051 ipsum
272 994 513 1050 Heliopolis
533 993 788 1048 appellatur,
806 992 1016 1047 regnante
1036 989 1150 1046 apud
1163 989 1405 1045 Aegyptios

55 1053 298 1109 Senemme,
329 1068 403 1096 seu
427 1052 541 1095 idem
567 1052 756 1107 Senepos
787 1050 962 1092 nomine
987 1049 1083 1104 fuit,
1106 1049 1406 1105 perlatumque

5 1134 39 1160 15
58 1116 124 1156 est
164 1114 351 1169 primum
394 1113 439 1154 in
484 1126 579 1155 eam
622 1125 699 1166 per
743 1109 900 1165 Opiam
943 1109 1136 1165 legatum
1179 1107 1406 1150 Deleboris

56 1173 171 1228 regis
215 1172 490 1226 Assyriorum
541 1170 867 1224 sacerdotesque
911 1166 1176 1224 Aegyptios,
1225 1181 1406 1223 quorum

57 1232 254 1287 princeps
277 1230 363 1272 fuit
379 1230 648 1285 Partemetis,
669 1229 824 1284 diuque
844 1227 1040 1270 habitum
1060 1227 1174 1282 apud
1199 1226 1407 1281 Assyrios

58 1293 210 1346 postea
240 1287 501 1344 Heliopolim
533 1287 846 1344 commigrauit.
897 1300 972 1328 cur
1003 1286 1067 1328 ita
1100 1285 1277 1341 factum,
1309 1299 1407 1340 qua·
1426 1286 1476 1326 11

60 1364 141 1404 que
166 1349 336 1391 ratione
361 1348 562 1403 Aegypto
587 1347 829 1402 profectum
855 1347 901 1388 in
924 1346 1032 1387 haec
1055 1346 1163 1399 loca,
1194 1345 1270 1387 ubi
1294 1358 1410 1386 nunc

8 1429 43 1455 20
62 1411 146 1463 est,
196 1410 348 1463 postea
396 1407 586 1461 uenerit,
637 1405 807 1460 rituque
858 1404 1041 1459 Assyrio
1090 1404 1231 1459 magis
1281 1417 1410 1458 quam

61 1467 276 1523 Aegyptio
302 1465 480 1520 colatur,
505 1466 644 1508 dicere
671 1463 903 1519 supersedi,
932 1462 1033 1518 quia
1059 1463 1112 1504 ad
1137 1464 1409 1517 praesentem

61 1541 150 1569 non
183 1526 349 1568 adtinet
374 1539 559 1567 causam.
608 1523 724 1566 hunc
749 1537 852 1565 uero
879 1521 1059 1564 eundem
1083 1521 1232 1564 Iouem
1258 1521 1409 1563 solem·
1426 1522 1482 1564 12

63 1599 143 1640 que
182 1599 292 1639 esse,
329 1598 426 1626 cum
464 1598 515 1625 ex
551 1584 646 1638 ipso
680 1596 899 1625 sacrorum
930 1581 1018 1623 ritu
1049 1583 1144 1623 tum
1176 1595 1227 1623 ex
1258 1580 1411 1623 habitu

160 1741 176 1771 1
205 1735 331 1782 Eurip.
363 1735 495 1781 fragm.
530 1738 599 1770 938
632 1734 687 1770 ed.
714 1733 847 1769 Nauck
975 1736 996 1768 5
1022 1731 1177 1768 Hesiodi
1209 1743 1269 1778 op.
1300 1731 1318 1766 I
1343 1734 1412 1767 265

65 1788 84 1819 7
109 1783 217 1819 Hom.
244 1783 286 1819 Il.
313 1785 335 1819 Γ
359 1787 428 1819 277
1223 1783 1230 1791 ’

162 1930 179 1960 1
209 1926 374 1961 ΚΑΙΤΔΙΔ
399 1925 436 1960 Ρ
506 1924 655 1959 ΜΗΓΕΡ
684 1924 729 1969 P,
756 1924 905 1959 ΜΕΤΕΡ
930 1923 966 1957 Β
1041 1922 1092 1967 οἱ]
1122 1923 1173 1958 ΙΟΙ
1200 1922 1237 1956 Ρ
1307 1922 1416 1966 εοφοί

66 1984 133 2009 om.
164 1973 201 2008 B
332 1977 353 2008 2
388 1972 606 2007 ΚΔΔΟΥΕΙΝ
639 1972 675 2006 Ρ
805 1970 1035 2006 ΗΜΕ*ΝΗΝ
1069 1969 1119 2014 Ρ,
1152 1970 1347 2005 ΗΜΗΝΗΝ
1381 1970 1416 2004 Β

67 2025 89 2056 4
109 2019 200 2056 alibi
218 2020 263 2054 df
286 2039 294 2047 ·
314 2019 395 2054 BP
452 2022 473 2053 5
500 2019 597 2054 ΑΙΟ(
615 2018 708 2063 BP,
733 2019 863 2054 deinde
882 2017 1138 2053 ΘΦΘΑΛΜΟΕ
1157 2017 1194 2051 Ρ
1252 2017 1414 2052 ΚΔΙΠΔΝ

65 2067 102 2102 Β
176 2072 195 2103 7
222 2067 273 2114 θ’]
300 2068 328 2102 O
357 2067 394 2102 P
464 2066 608 2102 ΕΦΡΑ(
632 2066 669 2100 Ρ
740 2069 760 2100 9
786 2065 898 2111 affin]
928 2065 965 2099 P
1030 2064 1094 2099 dia
1112 2064 1362 2109 hellupoliten
1382 2064 1419 2099 P

67 2118 100 2150 et
125 2115 199 2158 (sed
223 2125 315 2150 corr.
340 2114 383 2150 in
412 2112 672 2159 heliopohten)
696 2113 734 2147 B
855 2116 898 2148 12
931 2112 1055 2159 egipti
1081 2111 1118 2146 P
1237 2114 1281 2147 13
1313 2115 1346 2147 et
1373 2115 1417 2146 16

68 2160 231 2209 egiptios
255 2161 292 2196 P
387 2164 431 2196 15
462 2160 651 2196 deloboris
679 2160 717 2195 P
812 2163 856 2196 16
882 2159 1050 2195 affirlorfi
1084 2159 1127 2203 P,
1159 2158 1351 2195 asinorum
1382 2159 1417 2193 B

71 2213 113 2244 17
139 2209 211 2244 fmt
234 2219 300 2244 om.
326 2208 363 2244 B
441 2208 548 2244 ab1tfi
571 2207 620 2243 P'
705 2207 850 2242 assinos
870 2207 947 2243 BP
1025 2210 1068 2242 18
1094 2205 1302 2252 hehupohn
1327 2216 1418 2241 corr.

69 2258 111 2291 in
133 2255 339 2300 heliopohn
363 2257 405 2291 in
429 2256 465 2290 B
539 2258 582 2290 19
610 2255 739 2302 egipto
765 2255 802 2290 P
870 2266 909 2291 in
934 2265 1000 2290 om.
1021 2254 1057 2288 P
1127 2256 1172 2289 20
1194 2253 1318 2289 assmo
1339 2253 1422 2288 BP

70 2305 114 2338 21
141 2305 282 2350 egiptio
307 2303 344 2338 P
411 2307 456 2338 22
477 2303 615 2338 attinet
640 2302 677 2337 P
