1474 2482
481 691 922 746 PRAEFATIO

147 822 357 866 Macrobii
389 837 439 865 ea
468 823 592 877 patet
624 821 886 876 exemplaria
917 834 1049 863 manu
1082 818 1243 875 scripta
1280 820 1377 875 plu-

29 894 132 937 rimi
162 893 358 937 facienda
389 907 482 935 esse
508 906 617 948 quae
642 891 908 934 Macrobium
936 893 980 934 et
1005 892 1148 934 totum
1175 890 1379 933 exhibent

29 968 86 1021 et,
117 979 226 1021 quae
255 964 384 1007 hodie
414 963 550 1006 multo
575 963 714 1019 magis
741 977 938 1005 curamus
965 977 1094 1018 quam
1121 962 1376 1017 scriptorem

7 1036 183 1091 ¹ipsum,
214 1035 376 1078 Graeca
400 1049 489 1077 non
514 1034 731 1077 omittunt.
782 1048 833 1077 ex
857 1033 940 1076 hoc
967 1046 1134 1088 genere,
1167 1034 1376 1088 quantum

7 1107 180 1161 sciam,
217 1121 328 1149 unus
366 1105 494 1148 hodie
527 1107 722 1161 superest
753 1104 993 1159 Parisinus,
1031 1104 1136 1147 olim
1169 1104 1277 1146 alter
1309 1118 1376 1146 ac-

6 1177 206 1220 'cedebat
236 1177 570 1232 Bambergensis
603 1176 799 1219 Parisino
837 1175 1149 1231 praestantior,
1188 1174 1263 1217 sed
1302 1174 1375 1230 qui

26 1248 176 1290 multis
206 1247 324 1290 foliis
355 1248 504 1290 recisis
538 1247 666 1290 hodie
696 1249 866 1289 tantum
893 1245 1237 1289 Saturnaliorum
1269 1245 1375 1288 duos

4 1330 5 1369 ξ
27 1318 193 1374 priores
218 1318 354 1361 libros
381 1321 424 1360 et
448 1318 568 1360 tertii
593 1318 799 1360 maiorem
820 1319 989 1372 partem
1013 1317 1216 1359 continet.
1267 1330 1375 1371 quae

0 1394 127 1444 jcum
158 1389 220 1431 ita
252 1389 357 1444 sint,
393 1388 592 1431 Parisino
631 1391 675 1430 et
704 1387 1017 1443 Bambergensi
1056 1387 1376 1430 accuratissime

31 1460 219 1502 excussis
256 1460 468 1502 malorum
507 1458 701 1502 codicum
738 1458 944 1501 lectiones
983 1472 1159 1512 prorsus
1190 1458 1376 1514 neglexi,

0 1542 3 1549 “
31 1531 106 1572 ubi
120 1530 186 1572 illi
200 1544 286 1572 non
301 1530 406 1572 satis
420 1529 638 1572 faciebant
653 1544 703 1571 ex
719 1528 1015 1584 copiosissimo
1030 1527 1142 1570 Ianii
1163 1531 1376 1584 apparatu

0 1617 7 1658 Q
31 1615 141 1656 quae
173 1615 280 1656 opus
307 1602 430 1643 erant
454 1599 639 1655 laudaui,
672 1598 1044 1655 Cantabrigiensis
1072 1599 1374 1642 auctoritatem

26 1674 177 1726 utpote
209 1671 364 1714 ceteris
395 1671 600 1713 breuiatis
631 1671 779 1726 paullo
811 1670 1018 1713 maiorem
1049 1670 1292 1725 ubicunque
1324 1684 1375 1711 ex

27 1741 141 1785 lanii
166 1742 336 1784 silentio
363 1742 544 1797 apposui
570 1742 723 1783 melius
750 1740 1006 1784 omisissem.
1043 1740 1151 1782 haec
1170 1740 1216 1782 in
1236 1754 1375 1782 emen-

28 1813 178 1855 dandis
219 1812 564 1856 Saturnaliorum
604 1812 745 1855 uerbis
785 1815 956 1855 secutus
1002 1826 1115 1867 sum3
1162 1825 1375 1853 commen-

27 1884 164 1927 tarios
195 1884 240 1926 in
273 1884 487 1927 somnium
515 1882 727 1939 Scipionis
761 1883 796 1925 si
828 1883 1028 1926 omittere
1054 1882 1258 1938 licuisset,
1287 1896 1376 1924 non

27 1954 308 2010 addidissem3
357 1954 500 1996 addidi
552 1954 811 1997 auctoritate
855 1953 1049 1996 codicum
1094 1952 1282 1996 Parisini
1332 1955 1375 1995 et

30 2025 208 2067 alterius
246 2023 578 2080 Bambergensis
625 2024 843 2081 apposita,
888 2025 961 2079 qui
1003 2024 1078 2066 ubi
1119 2024 1377 2068 deficiebant

27 2095 136 2138 satis
166 2095 395 2138 uidebatur
427 2095 482 2137 ad
512 2095 624 2137 Ianii
655 2095 801 2150 copias
832 2096 1013 2138 lectores
1045 2096 1250 2150 relegare.

145 2165 300 2222 Itaque
342 2166 388 2207 in
427 2166 616 2222 ligatura
662 2166 820 2209 codicis
861 2166 896 2207 P
918 2181 942 2208 a
961 2181 983 2208 r
1001 2166 1017 2208 i
1037 2181 1056 2208 s
1075 2166 1090 2207 i
1109 2181 1138 2207 n
1158 2166 1173 2208 i
1216 2165 1378 2222 legitur

26 2235 70 2279 P
96 2240 225 2292 6371,
257 2237 302 2279 in
333 2237 526 2294 margine
560 2237 709 2279 dextro
740 2237 837 2279 folii
867 2237 997 2292 primi
1027 2236 1134 2279 recti
1165 2236 1259 2280 God.
1286 2234 1375 2279 Goz-

25 2306 168 2350 bertin.
204 2310 318 2352 1926
357 2307 511 2363 Reyius
546 2309 670 2351 5058.
714 2311 763 2363 2,
799 2308 844 2350 in
894 2307 1085 2351 eiusdem
1132 2308 1228 2350 folii
1268 2306 1379 2349 recti

1070 2376 1091 2397 ,Β

1041 2386 1063 2411 a
