1526 2444
619 68 707 106 X111
731 74 848 107 4-11
1326 69 1410 112 197

67 183 116 223 et
163 179 394 236 insignia
444 178 744 236 scaenisque
789 179 848 222 ad
892 178 1297 223 ostentationem
1340 177 1414 220 hi-

69 240 322 282 strionum
342 237 627 282 fabricatis.
679 239 829 281 simul
856 253 1003 282 croco
1031 252 1211 293 sparsa
1235 237 1457 280 humus8

66 301 115 340 et
158 297 261 340 alia
303 298 355 340 in
397 294 595 339 modu'm
639 298 822 354 templi
863 297 1200 341 celeberrimi.
1269 311 1416 352 prae-

65 360 207 400 terea
237 359 341 399 tum
373 355 572 398 sedenti
602 357 655 399 in
684 359 968 400 transenna
1000 356 1274 398 demissum
1298 354 1418 398 Vic-

30 416 236 459 5toriae
297 415 624 458 simulacrum
682 431 789 459 cum
845 416 1138 459 machinato
1195 415 1418 470 strepitu

66 474 352 518 tonitruum
377 489 616 517 coronam
641 476 685 518 ei
711 476 1026 531 imponebat,
1056 477 1162 517 tum
1188 474 1418 516 uenienti

67 537 180 577 ture
213 533 357 589 quasi
391 533 482 575 deo
514 535 917 590 supplicabatur.
987 537 1110 590 toga
1140 534 1281 590 picta
1310 533 1459 589 ple-9

67 607 276 647 rumque
308 592 528 635 amiculo
561 597 671 636 erat
702 593 1044 646 accumbenti,
1087 593 1266 648 epulae
1298 607 1418 635 uero

69 651 490 707 quaesitissimae
540 667 700 708 neque
749 668 837 708 per
880 666 1074 695 omnem
1117 652 1263 694 modo
1307 666 1420 706 pro-

16 727 50 753 ιο
70 711 291 753 uinciam
324 711 409 752 sed
440 713 585 754 trans
617 712 798 768 maria,
838 726 896 754 ex
928 711 1244 753 Mauritania
1276 711 1419 752 uolu-

70 784 206 813 crum
233 772 283 811 et
308 769 529 812 ferarum
555 771 826 826 incognita
857 772 1009 812 antea
1038 771 1187 825 plura
1219 783 1418 825 genera.

71 829 182 884 quis
222 829 373 870 rebus
414 828 732 884 aliquantam
771 832 966 884 partem
1009 829 1209 885 gloriae
1251 829 1419 883 demp—

71 890 226 942 serat,
288 887 602 943 maximeque
664 889 794 944 apud
849 891 1053 931 ueteres
1109 891 1157 930 et
1212 890 1418 930 sanctos

69 947 208 988 uiros
242 946 463 1001 superba
494 947 588 989 illa
620 948 800 1004 grauia
832 948 1045 1004 indigna
1070 946 1296 990 Romano
1328 947 1419 989 im-

16 1020 50 1047 15
69 1005 210 1060 perio
262 1005 614 1048 aestimantes.
698 1007 805 1049 haec
855 1006 1087 1050 Sallustius
1137 1006 1418 1062 grauissimus

69 1065 233 1107 alienae
264 1064 460 1106 luxuriae
493 1066 748 1122 obiurgator
780 1069 823 1108 et
853 1080 1015 1109 censor.

184 1123 377 1178 Accipite
411 1124 524 1166 inter
555 1125 837 1180 grauissimas
869 1140 1076 1181 personas
1108 1139 1196 1167 non
1228 1124 1413 1166 defuisse
1434 1125 1487 1167 10

68 1182 295 1224 luxuriam.
356 1182 493 1226 refero
520 1184 634 1226 enim
665 1185 792 1227 uobis
823 1184 1042 1240 pontificis
1073 1183 1414 1227 uetustissimam

68 1255 228 1296 cenam,
261 1256 370 1296 quae
396 1242 556 1297 scripta
581 1246 647 1285 est
671 1243 717 1285 in
741 1243 880 1286 indice
914 1246 1066 1300 quarto
1100 1242 1266 1285 Metelli
1297 1243 1414 1284 illius

0 1315 49 1355 {²⁰
67 1300 285 1356 pontificis
322 1301 497 1342 maximi
533 1301 580 1343 in
616 1303 721 1344 haec
751 1303 885 1345 uerba
917 1305 1035 1345 ante
1068 1302 1198 1344 diem
1228 1316 1415 1344 nonum
1435 1304 1484 1346 11

0 1368 1 1393 1
66 1358 310 1401 kalendas
339 1358 681 1416 Septembres,
714 1376 809 1417 quo
836 1362 915 1404 die
940 1361 1191 1403 Lentulus
1222 1361 1418 1403 flamen

67 1418 327 1460 Martialis
365 1418 705 1475 inauguratus
746 1423 840 1475 est,
879 1421 1052 1463 domus
1085 1423 1268 1463 ornata
1299 1419 1418 1474 fuit,

0 1473 1 1524 J
66 1477 306 1519 triclinia
331 1477 483 1520 lectis
511 1479 748 1521 eburneis
776 1482 940 1522 strata
964 1479 1192 1532 fuerunt,
1219 1479 1417 1522 duobus

0 1540 1 1591 ᾗ
67 1535 322 1578 tricliniis
383 1537 666 1592 pontifices
723 1539 1028 1594 cubuerunt,
1091 1538 1139 1589 Q.
1184 1537 1417 1592 Catulus,

14 1594 124 1637 25M.
166 1595 414 1637 Aemilius
463 1595 700 1651 Lepidus,
750 1597 799 1639 D.
844 1597 1069 1653 Silanus,
1119 1597 1165 1641 C.
1212 1596 1419 1651 Caesar,

67 1668 287 1696 *****rex
342 1669 621 1709 sacrorum,
681 1655 726 1697 P.
771 1656 1040 1708 Scaeuola,
1103 1655 1418 1711 Sextus****,

69 1712 117 1762 Q.
149 1712 434 1769 Cornelius,
471 1713 514 1755 P.
543 1713 858 1771 Volumnius,
898 1715 943 1758 P.
977 1712 1338 1758 Albinouanus
1371 1718 1420 1758 et

67 1771 113 1813 L.
144 1771 309 1813 Iulius
342 1770 530 1815 Caesar
571 1788 748 1830 augur,
793 1775 878 1830 qui
916 1789 1025 1817 eum
1066 1775 1417 1831 inaugurauit,

68 1831 120 1872 in
161 1831 322 1873 tertio
366 1831 600 1875 triclinio
645 1833 848 1888 Popilia
888 1833 1179 1890 Perpennia
1219 1834 1419 1877 Licinia

163 1963 184 1994 3
209 1958 414 1994 immodum
433 1960 469 1995 Β
536 1964 558 1995 4
583 1960 754 1996 trasenna
778 1959 827 1996 B'
895 1961 1081 1997 dlmiss'um
1100 1962 1136 1996 B
1205 1966 1225 1998 6
1251 1973 1417 2008 impone-

67 2006 160 2041 bant
183 2004 231 2042 P'
314 2007 468 2042 Tthure
493 2008 538 2050 P,
563 2009 639 2043 turi
663 2008 710 2043 B'
791 2008 895 2054 quafi
921 2009 966 2045 de
989 2012 994 2055 Ι
1017 2021 1059 2045 eo
1085 2009 1134 2044 B'
1214 2013 1235 2044 9
1261 2021 1305 2045 ex
1308 2009 1416 2054 q-ulsl

66 2052 203 2101 tissime
232 2053 269 2088 P
314 2010 383 2089 ⁷15
409 2054 488 2090 Nec
513 2054 560 2090 B‘
634 2055 806 2091 ralnstmf
827 2057 864 2091 P
930 2060 973 2093 17
1001 2057 1031 2093 85
1053 2068 1118 2093 mr
1143 2057 1181 2093 P
1244 2060 1289 2092 18
1314 2057 1423 2093 uobis

67 2110 132 2136 om.
158 2100 196 2135 Β
256 2103 302 2136 20
326 2101 500 2138 maximis
518 2106 561 2139 ut
584 2103 662 2140 uid.
689 2102 736 2138 P'
798 2115 938 2140 nouum
963 2104 1000 2139 Β
1062 2108 1104 2140 21
1133 2103 1353 2150 septembris
1368 2104 1416 2139 P'

68 2163 112 2196 22
138 2159 326 2195 matualis
350 2160 437 2196 θεῶ·
462 2161 499 2196 Β
619 2166 666 2198 24
693 2161 795 2205 Quae
828 2162 975 2199 catulus
995 2174 1086 2200 corr.
1112 2165 1154 2200 in
1181 2163 1234 2206 Q·
1262 2163 1424 2199 catullus

66 2219 110 2254 in
133 2219 169 2254 B
265 2222 310 2255 25
335 2233 361 2267 g
385 2231 405 2255 c
429 2220 486 2256 sar
510 2221 552 2265 P,
579 2222 611 2257 G
637 2222 746 2267 (corr.
771 2225 815 2258 ut
838 2223 917 2259 uid.
943 2233 987 2258 ex
1012 2224 1054 2280 C)
1081 2223 1213 2259 Caesar
1237 2222 1274 2257 B
1372 2225 1417 2256 26

68 2266 137 2302 Iac.
160 2267 328 2303 indecaui
384 2267 546 2304 ceuola
570 2268 607 2304 P
700 2272 745 2304 27
771 2269 987 2306 uolummuf
1006 2268 1052 2306 B'
1132 2273 1177 2306 28
1204 2269 1321 2306 luciul
1347 2269 1422 2304 BP

69 2313 180 2348 ruhal'
194 2312 239 2349 B'
292 2325 412 2362 augur
430 2326 497 2352 om.
518 2315 555 2350 P
599 2328 664 2361 qm
689 2327 772 2352 cum
791 2317 827 2352 B
877 2321 921 2353 29
940 2318 1071 2362 popha
1090 2318 1126 2352 B
1175 2327 1366 2364 ppennma
1384 2316 1421 2350 P
