1526 2444
129 86 188 128 40
643 87 742 123 SAT.
769 87 898 123 LIBRI
920 88 937 122 I

130 193 260 235 ritus
295 193 594 235 instituisse
625 208 890 236 sacrorum.
936 194 1047 236 ideo
1079 208 1184 237 eum
1214 195 1264 236 in
1301 196 1452 238 sacri·-

93 251 275 293 4ficiis
300 251 671 305 praefationem
696 253 937 294 meruisse
955 255 1257 307 perpetuam.
1284 254 1452 308 quidam

134 309 227 350 ideo
260 323 356 350 eum
387 308 484 350 dici
514 308 789 352 bifrontem
813 313 968 364 putant
991 310 1119 365 quod
1149 313 1198 352 et
1225 314 1451 366 praeter-

93 363 207 408 5ita
244 366 454 408 sciuerit
496 369 543 408 et
583 367 755 409 futura
796 368 1092 422 prouiderit.
1164 369 1234 410 sed
1277 381 1453 412 PHYSIOI

134 439 229 466 eum
260 425 428 478 magnis
460 427 709 466 consecrant
739 427 1000 480 argumentis
1039 426 1288 470 diuinitatis,
1352 441 1451 468 nam

133 486 232 524 sunt
268 482 339 536 qui
375 481 549 523 Ianum
587 483 794 524 eundem
830 498 940 525 esse
977 486 1128 538 atque
1164 484 1452 538 Apollinem

135 543 182 581 et
211 539 424 581 Dianam
455 539 642 594 dicant,
674 543 722 582 et
751 541 802 582 in
832 541 925 582 hoc
955 556 1050 583 uno
1081 543 1345 596 utrumque
1376 556 1454 584 ex-

92 597 281 652 6primi
312 611 492 638 numen
523 597 806 640 adfirment.
867 601 910 640 et
941 599 1069 653 enim,
1100 599 1208 641 sicut
1237 598 1453 643 NIGIDIVS

131 669 296 710 quoque
326 655 478 707 refert,
516 655 643 709 apud
675 655 889 698 Graecos
926 657 1111 710 Apollo
1148 657 1334 699 colitur
1370 658 1455 712 qui

131 716 355 767 Θυραϊος
392 716 619 767 uocatur,
652 714 858 769 eiusque
890 729 1001 756 aras
1039 716 1153 755 ante
1178 715 1313 757 fores
1341 730 1454 757 suas
1472 714 1502 756 1'

132 771 407 825 celebrant,
454 771 613 825 ipsum
659 772 823 813 exitus
866 773 915 813 et
963 771 1211 814 introitus
1255 772 1454 814 demon-

132 831 357 871 strantes
388 830 660 882 potentem:
696 830 825 871 idem
863 829 1052 883 Apollo
1092 830 1219 884 apud
1255 830 1376 872 illos
1408 833 1456 872 et

131 883 324 940 Ἀγυιεὺς
353 889 687 941 nuncupatur,
718 887 859 941 quasi
891 887 991 928 uiis
1022 889 1346 942 praepositus
1377 903 1455 930 ur-

131 945 295 986 banis:
326 944 391 985 illi
410 944 522 985 enim
548 945 651 999 uias,
679 959 784 999 quae
810 945 923 986 intra
946 945 1136 999 pomeria
1160 948 1272 998 sunt,
1298 943 1455 999 ἀγυιὰς

132 1003 368 1056 appellant:
410 1001 602 1043 Dianae
638 1017 755 1044 uero
792 1005 846 1044 ut
881 1002 1085 1044 Triuiae
1123 1003 1316 1045 uiarum
1355 1017 1488 1045 om-1

94 1060 268 1107 7nium
300 1060 534 1101 tribuunt
563 1062 887 1114 potestatem.
949 1060 1022 1102 sed
1053 1061 1164 1115 apud
1194 1075 1272 1103 nos
1303 1060 1455 1103 Ianum

133 1118 328 1160 omnibus
358 1131 554 1174 praeesse
584 1118 722 1159 ianuis
751 1132 905 1160 nomen
936 1118 1131 1172 ostendit,
1162 1119 1273 1173 quod
1304 1121 1369 1160 est
1400 1119 1454 1161 si-

131 1176 231 1217 mile
261 1177 450 1232 Θυραίῳ.
510 1190 609 1217 nam
649 1179 691 1218 et
728 1190 821 1217 cum
860 1176 970 1217 claui
1008 1190 1056 1218 ac
1092 1176 1216 1231 uirga
1250 1177 1457 1231 figuratur

131 1234 252 1288 quasi
284 1233 471 1275 omnium
509 1235 551 1274 et
586 1236 806 1287 portarum
845 1236 987 1275 custos
1027 1236 1069 1275 et
1105 1237 1244 1276 rector
1279 1235 1455 1277 uiarum.

91 1292 425 1346 Spronuntiauit
448 1290 663 1334 NIGIDIVS
689 1291 976 1345 Apollinem
1000 1290 1172 1333 Ianum
1205 1306 1309 1333 esse
1341 1291 1455 1334 Dia-

133 1363 343 1403 namque
389 1347 578 1403 Ianam,
620 1349 813 1404 adposita
854 1361 885 1390 D
921 1349 1084 1402 littera,
1127 1363 1235 1403 quae
1279 1364 1403 1404 saepe
1439 1362 1457 1392 1
1506 1379 1508 1383 ψ

134 1408 303 1449 litterae
340 1421 468 1448 causa
510 1407 671 1449 decoris
709 1407 954 1460 adponitur:
996 1407 1191 1448 reditur
1226 1408 1457 1449 redhibe-

93 1468 216 1513 9tur
245 1464 631 1519 redintegratur
669 1467 712 1506 et
742 1465 907 1506 similia.
967 1464 1141 1506 Ianum
1172 1465 1342 1519 quidam
1379 1480 1458 1508 so-

133 1523 229 1564 lem
273 1522 555 1564 demonstrari
595 1523 747 1565 uolunt
789 1525 832 1564 et
873 1523 984 1564 ideo
1027 1522 1271 1577 geminum
1314 1523 1457 1577 quasi

132 1581 399 1634 utriusque
441 1581 618 1622 ianuae
662 1580 903 1622 caelestis
939 1582 1214 1634 potentem,
1257 1582 1340 1634 qui
1377 1594 1491 1622 θὶς-ι

134 1640 304 1680 oriens
331 1638 529 1692 aperiat
554 1638 700 1693 diem,
732 1637 969 1679 occidens
1000 1637 1224 1679 claudat:
1255 1638 1456 1680 inuoca-

131 1697 273 1750 rique
304 1695 536 1750 primum,
574 1709 679 1737 cum
711 1695 867 1737 alicui
899 1695 988 1737 deo
1019 1709 1098 1736 res
1130 1695 1302 1737 diuina
1333 1697 1456 1738 cele-

132 1754 328 1808 bratur,
351 1755 405 1795 ut
434 1767 522 1807 per
553 1767 658 1795 eum
689 1755 867 1807 pateat
898 1753 955 1794 ad
985 1753 1147 1807 illum,
1178 1754 1256 1795 cui
1286 1754 1456 1796 immo-

131 1811 285 1864 latur,
329 1825 579 1864 accessus,
628 1811 772 1866 quasi
813 1825 986 1864 preces
1036 1811 1321 1865 supplicum
1369 1826 1457 1866 per

65 1871 309 1924 loportas
341 1883 455 1910 suas
495 1868 553 1910 ad
584 1869 701 1910 deos
738 1869 846 1923 ipse
883 1869 1215 1910 transmittat.
1280 1869 1376 1910 inde
1413 1872 1456 1911 et

134 1927 404 1968 simulacrum
455 1927 544 1968 eius
594 1927 839 1981 plerumque
887 1926 1062 1981 fingitur
1109 1940 1238 1968 manu
1286 1926 1458 1969 dextera

132 1987 418 2026 trecentorum
450 1987 492 2026 et
518 1985 690 2026 sinistra
715 1984 937 2039 sexaginta
962 1986 1004 2026 et
1029 1985 1212 2039 quinque
1236 1998 1457 2027 numerum
1507 1997 1511 2004 ¹

225 2102 248 2133 4
271 2098 402 2142 ph1s101
427 2098 512 2133 BP
583 2101 626 2133 10
646 2098 812 2134 enemo(
836 2099 872 2133 Ρ
940 2101 983 2133 12
1008 2097 1126 2132 mdest
1150 2097 1273 2142 apollo
1292 2096 1338 2133 B‘
1411 2101 1455 2133 13

132 2145 318 2180 ΑΤΥΙΕΥ(
344 2141 391 2179 B'
482 2143 540 2178 u1s
558 2144 603 2179 B'
691 2149 734 2179 14
759 2156 781 2180 a
805 2146 847 2179 in
871 2145 970 2179 mtra
993 2145 1035 2179 in
1057 2154 1130 2179 ras.
1154 2145 1196 2179 i‘n
1219 2144 1256 2178 P
1335 2145 1378 2179 17
1404 2143 1457 2179 est

131 2202 198 2227 om.
217 2191 254 2225 P
324 2194 367 2225 18
386 2191 534 2226 ΘΙΡΔΙω
557 2191 593 2226 Ρ
655 2194 698 2225 21
718 2190 888 2236 apposita
906 2191 966 2226 bP
1031 2193 1075 2225 22
1095 2190 1292 2234 apponitur
1310 2189 1348 2224 P
1411 2194 1455 2226 26

130 2247 369 2281 muucanque
394 2235 440 2272 B'
523 2241 567 2272 30
592 2236 688 2272 unde
714 2237 750 2272 B
833 2241 876 2272 32
902 2237 1090 2282 sexaginta
1113 2235 1171 2281 P‘,
1203 2236 1329 2272 deinde
1353 2237 1392 2271 et
1415 2237 1457 2272 ὐη

129 2294 201 2319 ras.
226 2284 268 2319 in
292 2284 329 2318 P
