1526 2444
153 84 240 125 524
451 84 598 121 ΟΟΜΜ.
623 85 676 120 IN
702 85 842 121 SOMN.
868 85 978 122 SCIP.
1003 86 1132 122 LIBRI
1154 86 1172 120 I

153 190 259 232 talia
290 190 543 232 desiderium
573 191 713 233 frenat
741 194 949 246 temperat
980 195 1023 234 et
1053 195 1309 248 sequestrat,
1345 196 1391 235 ut
1421 194 1472 237 de

153 248 245 290 uita
283 248 352 289 aui
389 252 431 290 et
466 249 600 301 patris
636 250 886 305 interroget,
929 250 1029 304 quid
1069 251 1151 292 nisi
1191 252 1473 305 temperantia

155 306 248 347 est?
297 308 344 346 ut
372 306 458 347 iam
488 308 580 347 tum
610 307 1080 361 liqueret,.Africanum
1111 322 1186 362 per
1210 309 1394 363 quietem
1420 309 1472 351 ad

112 363 140 404 5
156 378 204 405 ea
229 363 333 417 loca,
359 377 465 417 quae
486 364 567 405 sibi
587 364 849 420 deberentur,
874 366 1112 408 abductum.
1159 367 1204 407 in
1228 366 1307 408 hac
1333 369 1474 408 autem

152 421 487 475 interrogatione
549 421 599 463 de
660 422 825 464 animae
884 423 1194 466 inmortalitate
1253 426 1471 466 tractatur.
1507 435 1524 460 ⁵

152 479 287 533 ipsius
319 479 430 520 enim
462 480 788 521 consultationis
820 480 890 523 hic
915 495 1062 522 sensus
1088 483 1170 523 est:
1201 495 1292 536 nos,
1322 482 1472 536 inquit,

154 537 408 578 arbitramur
445 537 629 579 animam
661 552 755 579 cum
784 538 868 580 fine
899 539 1119 580 morientis
1153 539 1359 594 extingui,
1396 554 1472 582 nec

152 594 331 636 ulterius
363 609 454 636 esse
483 597 582 648 post
611 595 839 637 hominem.
894 597 952 637 ait
983 596 1095 638 enim
1127 611 1249 651 quos
1281 597 1473 639 extinc-

151 654 231 694 tos
277 667 385 694 esse
429 653 815 695 arbitraremur:
860 655 970 708 quod
1013 657 1154 696 autem
1199 654 1473 709 extinguitur,

154 724 244 751 esse
272 710 357 751 iam
383 710 548 752 desinit.
603 725 704 765 ergo
731 712 860 752 uelim
886 712 1013 766 dicas,
1044 713 1194 767 inquit,
1225 713 1261 753 si
1287 716 1329 754 et
1352 714 1473 766 pater
1491 722 1526 750 10

111 768 311 812 6Paulus
347 770 486 809 tecum
523 770 566 809 et
602 769 676 810 alii
713 772 951 822 supersunt.
1013 770 1065 811 ad
1101 771 1209 812 hanc
1242 772 1474 825 interroga-

152 826 331 879 tionem,
373 840 479 879 quae
516 827 559 866 et
595 826 645 867 de
682 827 928 881 parentibus
965 830 1012 868 ut
1050 843 1075 869 a
1110 828 1180 881 pio
1206 828 1312 878 filio,
1349 830 1392 869 et
1423 828 1472 869 de

153 883 322 936 ceteriS,
358 886 407 924 ut
445 898 469 924 a
507 883 695 937 sapiente
734 898 782 925 ac
818 887 1012 926 naturam
1050 885 1186 939 ipsam
1223 885 1472 927 discutiente

151 940 371 995 processit,
401 940 501 995 quid
531 941 602 982 ille
627 942 870 995 respondit?
925 943 1072 984 immo
1104 957 1223 984 uero
1254 943 1394 997 inquit
1421 943 1472 983 hi

151 998 355 1048 uiuunt,
404 999 486 1053 qui
535 1013 556 1039 e
605 1013 868 1053 corporum
917 1000 1104 1041 uinclis
1148 1002 1401 1054 tamquam
1450 1011 1524 1042 e15

152 1069 353 1097 earcere
385 1056 736 1098 euolauerunt:
770 1059 943 1099 uestra
976 1072 1110 1112 uero,
1135 1072 1259 1111 quae
1284 1057 1473 1100 dicitur

112 1118 260 1159 7esse
291 1113 414 1164 uita,
446 1128 577 1155 mors
608 1117 694 1155 est.
755 1115 792 1155 si
824 1114 876 1156 ad
902 1115 1058 1157 inferos
1090 1129 1230 1156 meare
1255 1130 1369 1157 mors
1396 1118 1471 1170 est,

153 1173 195 1212 et
232 1172 321 1212 uita
357 1174 422 1212 est
459 1185 550 1212 esse
589 1186 683 1213 cum
722 1172 902 1227 superis,
940 1173 1065 1215 facile
1102 1173 1321 1228 discernis,
1365 1187 1471 1227 quae

153 1243 267 1270 mors
305 1229 488 1282 animae,
528 1243 634 1282 quae
671 1230 762 1271 uita
798 1230 1003 1272 credenda
1041 1231 1114 1285 sit,
1151 1231 1187 1272 si
1223 1231 1472 1286 constiterit,

153 1287 226 1340 qui
256 1287 375 1328 locus
406 1287 624 1328 habendus
657 1287 714 1329 sit
743 1287 991 1342 inferorum,
1025 1291 1074 1330 ut
1105 1288 1257 1343 anima,
1289 1288 1388 1330 dum
1419 1289 1471 1330 ad
1491 1301 1526 1327 20

152 1344 264 1385 hunc
294 1344 490 1398 truditur,
522 1345 642 1398 mori,
673 1359 767 1387 cum
799 1345 851 1386 ab
883 1346 964 1388 hoc
992 1347 1139 1400 procul
1170 1349 1244 1400 est,
1275 1346 1365 1388 uita
1389 1346 1473 1388 frui

113 1404 196 1448 Set
226 1416 323 1443 uere
355 1416 573 1456 superesse
605 1403 810 1445 credatur.
870 1405 913 1444 et
944 1405 1042 1457 quia
1066 1406 1204 1446 totum
1230 1405 1471 1458 tractatum,

152 1474 275 1514 quem
335 1462 527 1501 ueterum
587 1460 795 1514 sapientia
857 1460 905 1502 de
962 1461 1291 1516 inuestigatione
1345 1461 1471 1504 huius

152 1518 410 1571 quaestionis
442 1518 633 1572 agitauit,
666 1519 709 1559 in
739 1518 819 1560 hac
850 1518 1053 1560 latentem
1082 1520 1307 1561 uerborum
1333 1520 1472 1573 pauci—

149 1577 238 1616 tate
269 1576 502 1629 repperies,
533 1590 583 1616 ex
614 1576 809 1617 omnibus
841 1576 996 1631 aliqua,
1028 1577 1179 1631 quibus
1210 1591 1287 1618 nos
1319 1577 1368 1618 de
1399 1577 1471 1631 rei,
1489 1575 1526 1645 23?

151 1647 277 1687 quam
304 1634 560 1688 quaerimus,
589 1634 856 1675 absolutione
882 1634 1062 1676 sufficiet
1086 1634 1302 1676 admoneri
1329 1649 1470 1676 amore
1522 1653 1526 1685 ξ

108 1690 372 1735 9breuitatis
433 1692 728 1746 excerpsimus.
813 1694 1042 1746 antequam
1098 1692 1283 1734 studium
1336 1692 1471 1746 philo-
1522 1695 1526 1747 ,3

151 1748 325 1802 sophiae
358 1749 467 1790 cirea
491 1752 666 1791 naturae
695 1749 1013 1804 inquisitionem
1039 1749 1091 1791 ad
1115 1751 1285 1791 tantum
1309 1750 1471 1805 uigoris
1520 1750 1526 1792 ἑ

149 1806 423 1860 adolesceret,
462 1807 534 1862 qui
571 1821 646 1861 per
683 1807 871 1849 diuersas
908 1811 1056 1862 gentes
1092 1810 1283 1862 auctores
1315 1808 1466 1849 consti—

147 1864 315 1905 tuendis
354 1865 483 1906 sacris
521 1865 870 1906 caerimoniarum
907 1865 1098 1919 fuerunt,
1137 1864 1251 1907 aliud
1287 1879 1378 1906 esse
1409 1865 1469 1906 in-

70 1165 102 1190 ⁸(

240 2003 263 2034 4
287 2011 359 2047 que
383 2001 450 2035 slbl
475 2002 606 2036 iterata
630 2013 654 2036 a
673 1998 724 2036 P'
821 2001 1020 2037 adductum
1045 2002 1066 2038 b
1161 2006 1181 2037 5
1206 2002 1411 2037 tractantur
1434 2003 1470 2037 Β

148 2051 170 2082 6
193 2047 322 2091 inquid
349 2046 396 2081 P'
472 2049 493 2080 9
519 2058 582 2090 qu1
601 2049 723 2082 autem
743 2047 789 2083 B'
864 2050 906 2083 12
931 2047 961 2082 8z
981 2048 1122 2102 decens
1136 2048 1173 2083 P
1241 2051 1285 2083 14
1302 2048 1400 2092 quod
1420 2046 1469 2083 B'
1512 2064 1513 2067 ¹

149 2097 192 2128 18
223 2092 394 2128 discermt
423 2093 460 2128 Β
556 2097 598 2128 21
630 2094 702 2128 frm
733 2095 771 2129 et
800 2098 1026 2129 euanuerunt
1049 2105 1091 2129 m
1114 2094 1150 2129 B
1245 2097 1288 2129 22
1315 2105 1401 2139 quia
1426 2114 1468 2120 —
1508 2127 1509 2130 ,

147 2142 192 2174 23
217 2149 324 2183 quem
349 2143 575 2175 emarcuerunt
598 2141 640 2175 in
663 2140 700 2175 Β
823 2140 999 2185 sapientie
1025 2140 1072 2174 P'
1198 2143 1244 2175 24
1268 2140 1476 2187 questiones

147 2186 308 2230 agitatur
332 2184 380 2220 P'
490 2190 533 2221 26
558 2186 716 2221 sufficiat
738 2186 786 2221 B'
893 2186 1112 2232 amlmonere
1137 2187 1174 2222 Β
1277 2191 1320 2222 27
1347 2197 1458 2230 exerp

146 2231 282 2276 spimus
301 2229 349 2266 B'
467 2236 510 2267 28
536 2244 579 2268 ac
603 2233 640 2267 Β
762 2235 806 2267 29
832 2232 1049 2268 adolescent
1071 2232 1116 2268 B‘
1237 2232 1400 2268 dmerrus
1418 2233 1456 2267 P

146 2280 192 2312 30
217 2279 429 2313 cenmonus
449 2289 551 2314 arum
577 2276 623 2313 P'
