1526 2444
191 74 275 115 592
485 74 633 111 COMM.
658 75 710 111 IN
735 75 875 111 SOMN.
902 75 1013 111 SCIP.
1038 76 1166 112 LIBRI
1184 77 1218 112 II

191 180 428 234 patefactis,
460 183 502 221 et
531 181 695 222 ratione
726 182 971 237 praemissa,
1001 196 1075 224 cur
1099 196 1150 224 ex
1173 183 1360 225 numeris
1385 185 1511 226 musi-

122 238 178 279 24
193 253 286 280 cam
323 238 564 279 creantibus
599 238 740 280 anima
771 239 936 281 intexta
966 240 1032 281 sit.
1090 240 1195 282 haec
1226 241 1338 282 enim
1370 242 1511 283 omnia

192 298 234 337 et
282 309 453 337 causam
502 296 702 337 mundani
749 299 888 338 motus
937 298 1179 352 ostendunt,
1228 313 1351 353 quem
1394 299 1509 341 solus

193 353 358 394 animae
406 355 595 406 praestat
644 353 853 408 inpulsus,
902 356 944 395 et
989 356 1286 397 necessitatem
1327 357 1511 398 musicae

193 410 497 464 concinentiae,
541 425 666 465 quam
708 412 843 453 motui
887 426 911 453 a
953 426 998 454 se
1036 412 1149 454 facto
1185 413 1335 456 inserit
1371 415 1511 456 anima

191 469 382 510 innatam
413 468 496 509 sibi
527 469 581 510 ab
613 469 789 524 origine.

124 549 190 591 ΙΙΙ
278 547 390 590 Hinc
421 549 544 591 Plato
576 550 621 590 in
651 549 712 591 Re
743 550 912 603 publica
940 565 1015 592 sua
1040 564 1134 592 cum
1159 551 1209 593 de
1235 552 1511 606 sphaerarum

192 607 438 648 caelestium
469 607 739 648 uolubilitate
770 609 991 658 tractaret,
1029 609 1221 663 singulas
1253 611 1312 651 ait
1343 610 1511 652 Sirenas

192 664 370 719 singulis
398 665 570 706 orbibus
596 665 788 716 insidere,
820 666 1066 719 significans
1093 667 1366 720 sphaerarum
1392 670 1512 709 motu

86 765 89 767 .
193 724 366 763 cantum
402 722 647 764 numinibus
685 723 884 765 exhiberi.
949 737 1048 765 nam
1086 723 1207 766 Siren
1243 725 1320 767 deo
1357 739 1512 767 canens

87 768 151 787 ”¹
193 778 354 821 Graeco
379 780 596 821 intellectu
622 781 748 821 ualet.
792 780 984 835 theologi
1009 796 1174 836 quoque
1199 797 1351 824 nouem
1370 782 1513 824 Musas

193 840 289 878 octo
328 836 603 891 sphaerarum
641 838 822 879 musicos
860 842 1007 880 cantus
1045 842 1087 880 et
1123 854 1249 880 unam
1286 841 1514 882 maximam

194 895 502 936 concinentiam
540 909 647 949 quae
685 895 814 936 confit
848 910 899 936 ex
930 896 1124 938 omnibus
1155 911 1245 938 esse
1276 898 1514 940 uoluerunt.

155 952 306 994 2unde
347 951 560 994 Hesiodus
610 953 655 993 in
697 952 945 1007 Theogonia
993 969 1067 995 sua
1113 957 1306 996 octauam
1349 955 1515 996 Musam

194 1008 398 1051 Vraniam
423 1013 560 1062 uocat,
586 1010 685 1063 quia
709 1012 806 1063 post
825 1013 986 1064 septem
1005 1025 1152 1065 uagas,
1176 1026 1282 1066 quae
1302 1013 1513 1054 subiectae

193 1071 302 1118 sunt,
311 1070 463 1108 octaua
477 1067 682 1109 stellifera
693 1067 871 1121 sphaera
883 1068 1151 1123 superposita
1161 1070 1334 1123 proprio
1346 1071 1515 1112 nomine

193 1126 354 1166 caelum
380 1127 566 1179 uocatur,
598 1127 641 1166 et
670 1128 718 1166 ut
742 1125 983 1167 ostenderet
1013 1141 1169 1168 nonam
1195 1141 1284 1169 esse
1315 1130 1358 1168 et
1385 1128 1515 1169 maxi-

194 1197 320 1237 mam,
341 1197 467 1236 quam
482 1183 653 1224 conficit
667 1197 869 1224 sonorum
889 1197 1061 1225 concors
1075 1185 1343 1237 uniuersitas‚
1363 1185 1517 1227 adiecit

250 1264 475 1316 Καλλιόπη
506 1260 547 1305 θ’
582 1263 608 1316 ἣ
641 1263 694 1317 δὴ
725 1264 1047 1320 προφερεστάτη
1079 1263 1196 1307 ἐστὶν
1227 1263 1426 1308 ἁπασέων

193 1358 243 1385 ex
272 1343 442 1385 nomine
474 1344 718 1399 ostendens,
747 1345 884 1398 ipsam
915 1346 1032 1388 uocis
1064 1346 1326 1388 dulcedinem
1355 1361 1513 1389 nonam

191 1401 358 1443 Musam
388 1402 550 1455 uocari,
588 1417 688 1443 nam
718 1404 943 1457 Καλλιόπη
976 1404 1160 1458 optimae
1196 1405 1315 1446 uocis
1353 1405 1514 1447 Graeca

192 1460 488 1513 interpretatio
532 1462 612 1501 est:
651 1463 693 1502 et
730 1463 777 1501 ut
812 1461 950 1515 ipsam
994 1475 1106 1515 esse,
1142 1476 1248 1516 quae
1291 1463 1422 1504 confit
1462 1477 1512 1504 ex

192 1517 405 1568 omnibus,
442 1518 630 1572 pressius
666 1518 889 1572 indicaret,
927 1519 1169 1573 adsignauit
1210 1520 1272 1561 illi
1308 1520 1512 1562 uniuersi-

191 1576 295 1617 tatis
338 1576 592 1617 uocabulum
636 1575 663 1629 ἣ
702 1576 755 1630 δὴ
792 1577 1114 1632 προφερεστάτη
1154 1576 1271 1619 ἐστὶν
1302 1577 1526 1620 ἁπασέων.ι

153 1645 293 1686 3nam
342 1637 385 1674 et
426 1632 672 1687 Apollinem
719 1634 814 1676 ideo
855 1633 1146 1689 Μουσηγέτην
1187 1639 1345 1678 uocant
1392 1635 1526 1690 quasi,

193 1691 341 1733 ducem
372 1693 415 1732 et
442 1692 676 1745 principem
702 1691 867 1733 orbium
899 1695 1144 1747 ceterorum,
1175 1696 1222 1734 ut
1251 1694 1341 1748 ipse
1367 1692 1526 1744 Cicero,

286 1820 308 1850 4
328 1821 412 1861 post
435 1816 597 1860 praestat
625 1816 667 1852 in
690 1816 727 1851 P
752 1817 911 1861 sequitur
940 1817 1068 1860 folium
1093 1820 1140 1853 16
1163 1819 1285 1854 ceteris
1308 1819 1418 1862 triplo
1440 1817 1526 1862 fere·

193 1863 339 1896 breuius
368 1863 505 1906 uiyinti
535 1863 712 1898 uirtutum
741 1863 915 1908 imagines
945 1864 1061 1899 eodem
1091 1874 1160 1909 quo
1187 1865 1381 1899 uniuersus
1405 1865 1526 1900 codex-¹

192 1908 348 1951 seriptus
373 1912 439 1951 est,
465 1912 506 1942 ut
529 1910 685 1952 uidetwr,
712 1911 851 1944 saeculo
876 1910 1110 1946 adumbratas
1133 1911 1327 1946 continens.
1357 1911 1420 1954 fol.
1453 1913 1526 1947 17¹.

192 1955 323 1998 incipit
352 1954 518 1998 mpulsus
543 1955 573 1989 &
603 1955 816 1991 necessitate
841 1956 878 1990 P
945 1956 1122 2001 nnpulsur
1140 1957 1175 1991 Β
1247 1961 1267 1992 5
1293 1957 1435 1992 contiae
1462 1952 1510 1990 P'

194 2003 213 2034 7
240 2003 273 2035 et
297 2003 317 2034 9
338 2004 369 2035 et
390 2004 431 2034 12
452 2000 633 2044 sperarum
653 2001 690 2035 Β
760 2005 780 2036 9
801 2002 952 2036 ordibus
967 2003 1004 2037 P
1073 2007 1114 2037 10
1134 2003 1248 2038 flrene
1269 2002 1331 2046 P‘,
1356 2002 1458 2046 syren
1477 2001 1522 2040 Β,

195 2049 237 2080 16
258 2046 361 2090 spera
378 2046 414 2080 B
488 2050 530 2081 18
549 2046 734 2082 sornorum
757 2049 800 2090 P,
824 2047 922 2082 soror
939 2048 976 2082 Β
1048 2053 1089 2083 19
1109 2049 1462 2084 ΠΡΟΦΕΡΕΤΤΔΤΗ
1476 2047 1518 2083 Β

194 2095 237 2126 19
262 2095 294 2126 et
318 2095 363 2126 24
387 2093 850 2129 ΠΡΟΗΡΗΕΤΔ·ΤΗ(ΤΙΝ
876 2095 913 2129 Β
984 2098 1025 2128 21
1055 2095 1274 2130 ΚΛΛΛΙΘΠΕ
1300 2096 1336 2129 Β
1406 2098 1450 2130 22
1471 2095 1523 2128 ut÷

191 2183 298 2216 super
321 2184 393 2208 ras.
420 2174 502 2208 add.
526 2185 552 2217 p
653 2177 696 2209 23
722 2174 919 2219 assignauit
943 2175 979 2210 B
1080 2179 1126 2210 24
1148 2142 1419 2211 ΠΡΟΦςΞΕΤΑΤ
1443 2173 1526 2222 N&

192 2220 576 2311 ξῶΙφΙζΙᾷἶῖῙΠΑΕΕωΝ
608 2220 644 2255 Ρ
805 2224 848 2255 25
881 2222 1187 2258 ΜΟΥΕΕΟΗΤΗΝ
1220 2223 1264 2268 (O
1302 2223 1377 2259 uid.
1409 2233 1451 2258 ecc
1481 2218 1526 2261 δ

1515 2320 1526 2345 ⁵·

1488 2347 1526 2444 i
