1526 2444
617 52 703 89 XVI
729 17 843 89 :az-s&
1312 51 1398 94 317

48 163 235 206 rusticae
266 162 384 205 uitae
416 162 663 217 secundum,
694 164 738 204 et
762 162 916 204 tertius
943 161 1103 204 desinit
1126 161 1172 203 in
1197 161 1400 216 pestilen-

48 224 154 265 tiam
186 236 400 277 pecorum,
432 221 577 277 quarti
607 221 705 263 finis
738 223 805 263 est
835 221 886 263 de
918 220 1090 275 Orpheo
1123 223 1167 263 et
1197 221 1399 263 Aristaeo

46 296 132 324 non
160 281 301 323 otiosa
325 281 535 323 narratio.
584 280 646 322 ita
671 281 716 322 in
737 280 863 332 omni,
875 294 1002 335 opere
1023 279 1218 322 Maronis
1239 279 1399 322 Home·

6 387 7 391 Ἰ
47 340 136 382 rica
167 340 282 382 lueet
311 339 515 382 imitatio.
570 339 784 382 Homerus
817 354 986 381 omnem
1014 339 1162 393 poesin
1189 353 1312 381 suam
1337 339 1440 388 ita6

0 415 30 443 ἰς
50 398 274 442 sententiis
319 398 464 454 farsit,
506 401 555 440 ut
599 398 773 454 singula
817 399 907 440 eius
945 397 1268 454 ἀποφθέγματα
1304 397 1399 440 uice

48 458 376 514 prouerbiorum
408 458 450 499 in
485 457 676 499 omnium
709 471 781 499 ore
813 458 1070 514 fungantur:

109 538 202 583 ἀλλ’
241 541 387 590 οὔπως
418 541 506 595 ἅμα
536 540 678 582 πάντα
707 538 808 583 θεοὶ
841 540 979 582 δόσαν
1011 529 1303 593 ἀνθρώποισι,

107 600 190 655 χρὴ
223 598 369 650 ξεῖνον
399 598 619 655 παρέοντα
650 601 811 653 φιλεῖν,
843 597 1056 641 ἐθέλοντα
1089 596 1137 640 δὲ
1168 598 1371 654 πέμπειν,

108 657 270 714 μέτρον
302 657 342 700 δ’
378 657 447 701 ἐπὶ
479 664 614 701 πᾶσιν
645 659 841 713 ἄριστον,

0 733 32 761 ιο
109 718 156 760 οἱ
182 717 363 768 πλέονες
393 719 586 772 κακίους,

111 777 257 819 δειλαί
282 792 351 819 τοι
383 777 542 819 δειλῶν
574 791 622 830 γε
653 773 731 817 παὶ
763 773 917 829 ἐγγύαι
949 773 1240 829 ἐγγυάασθαι,

0 871 1 881 2
110 835 266 892 ἀφρὼν
299 833 336 878 δ’
375 834 424 886 ὅς
448 833 486 877 κ’
519 833 667 877 ἐθέλοι
692 835 801 891 πρὸς
825 836 1084 890 κρείσσονας
1109 833 1402 890 ἀντιφερίζειν

0 900 1 923 ¹
51 921 94 960 et
137 918 221 960 alia
262 918 459 973 plurima.
525 932 603 960 nec
646 917 752 960 haee
797 917 908 972 apud
947 915 1191 972 Vergilium
1235 916 1439 967 frustra7

52 977 359 1019 desideraueris

15 1073 33 1103 ε
333 1073 422 1102 non
454 1059 599 1102 omnia
630 1073 860 1115 possumus
893 1073 1056 1110 omnes,

5 1117 13 1119 ⁹
111 1118 255 1161 omnia
287 1118 421 1161 uincit
453 1118 601 1173 Amor,

334 1178 459 1220 labor
490 1178 635 1220 omnia
666 1177 771 1220 uicit

110 1236 328 1291 inprobus,

111 1309 246 1350 usque
279 1296 441 1338 adeone
472 1296 583 1338 mori
614 1296 818 1338 miserum
851 1295 946 1337 est?

114 1357 202 1396 stat
234 1369 312 1396 sua
342 1355 493 1409 cuique
525 1355 626 1409 dies,

113 1413 234 1456 dolus
266 1429 323 1455 an
354 1415 491 1455 uirtus
524 1414 620 1468 quis
651 1413 694 1455 in
729 1413 854 1456 hoste
886 1413 1095 1468 requirit?

113 1475 156 1514 et
182 1472 282 1527 quid
309 1487 503 1528 quaeque
529 1474 641 1515 ferat
666 1473 785 1528 regio
812 1480 853 1514 et
879 1472 981 1528 quid
1009 1486 1203 1527 quaeque
1223 1473 1402 1528 recuset,

114 1532 207 1573 auri
239 1546 361 1574 saera
390 1532 538 1574 fames.

54 1616 114 1668 et,
150 1628 205 1656 ne
243 1613 480 1669 optundam
518 1618 622 1656 nota
658 1613 899 1668 referendo,
937 1614 1057 1656 mille
1090 1613 1442 1663 sententiarumg

55 1673 209 1715 talium
247 1675 322 1715 aut
352 1673 396 1715 in
429 1687 501 1715 ore
534 1675 635 1716 sunt
667 1673 939 1729 singulorum
971 1675 1046 1715 aut
1078 1673 1232 1715 obuiae
1265 1673 1401 1715 inten-

152 1804 169 1835 1
197 1799 329 1846 Georg.
356 1800 388 1834 II
415 1804 493 1836 458.
520 1801 571 1836 ΠΙ
598 1805 667 1837 478
771 1805 792 1836 2
818 1800 868 1836 ib.
895 1801 965 1836 ΠῙῙ
990 1804 1061 1836 454
1159 1805 1178 1837 7
1204 1801 1247 1837 Il.
1273 1802 1308 1836 Δ
1335 1804 1403 1836 320

55 1851 77 1883 8
104 1847 170 1884 Od.
198 1858 219 1882 ο
246 1851 292 1883 74
365 1850 410 1882 10
436 1848 550 1892 011.ss
577 1852 643 1885 277
721 1852 762 1884 11
791 1849 859 1884 Od.
886 1852 907 1884 θ
933 1851 999 1884 351
1077 1852 1120 1884 15
1146 1847 1260 1894 Verg.
1284 1849 1402 1893 eclog

54 1894 144 1930 VIII
170 1898 214 1930 63
300 1897 344 1930 16
369 1895 420 1931 ib.
446 1895 479 1930 X
506 1899 549 1931 69
631 1899 673 1932 17
701 1896 834 1942 Georg.
861 1896 876 1930 I
904 1899 971 1931 145
1054 1899 1096 1932 19
1124 1897 1213 1932 Aen.
1224 1860 1309 1932 gXII
1336 1899 1403 1932 646

55 1945 101 1978 20
126 1942 176 1978 ib.
201 1941 235 1976 X
259 1945 327 1977 467
402 1946 444 1978 21
469 1943 519 1978 ib.
540 1943 573 1978 Π
594 1947 662 1979 390
736 1947 779 1979 22
801 1944 934 1989 Georg.
955 1943 972 1978 I
992 1946 1036 1979 53
1110 1947 1156 1979 23
1176 1945 1266 1980 Aen.
1286 1943 1339 1979 III
1359 1947 1403 1978 57

154 2064 172 2095 1
198 2060 297 2096 tems
316 2060 354 2096 P
468 2065 488 2096 2
515 2061 648 2098 ansteo
674 2062 711 2097 P
827 2065 847 2096 3
874 2061 996 2098 oelosa
1020 2061 1057 2097 P
1173 2062 1348 2108 4poesm
1371 2063 1408 2098 P

58 2111 79 2143 5
104 2110 187 2144 uice
214 2108 252 2143 P
322 2112 342 2143 ‘1
369 2109 528 2144 ΟΥΠΟΕ
551 2109 588 2144 Ρ
652 2110 916 2145 ΑΝΕΡωΡΟΙΕΙ
939 2112 944 2154 Ι
965 2109 1002 2144 Ρ
1066 2114 1087 2146 8
1113 2110 1196 2145 ΧΡΕ
1221 2110 1258 2145 Ρ
1324 2110 1405 2156 ΞΕ-

59 2155 149 2191 ΝΟΝ
179 2154 216 2189 Ρ
286 2155 456 2191 ΦΙΛΕΙΝΕ
482 2156 716 2192 ΕΘΕΛΟΝΤΔ
745 2158 780 2192 P
849 2158 967 2193 ΠΕΝ-
990 2157 1122 2202 ΙΠΕΙΝ
1143 2157 1181 2192 Ρ
1246 2162 1266 2193 9
1288 2158 1351 2194 ΕΡΙ
1373 2158 1410 2192 Ρ

59 2203 249 2238 ΛΡΙΝΤΟΝ
279 2203 315 2237 Ρ
416 2206 461 2238 10
487 2204 664 2239 ΚΑΚΤΟΥ
690 2204 727 2239 Ρ
827 2208 868 2238 11
895 2205 952 2240 ΤΕ
977 2205 1063 2250 (pro
1088 2205 1145 2250 γε)
1174 2205 1210 2239 Ρ
1306 2206 1341 2241 ΚΙ
1371 2205 1408 2239 Ρ

59 2249 209 2285 ΕΓΤΙΑΤ
234 2249 271 2284 Ρ
377 2254 419 2286 12
446 2251 473 2285 Α
498 2251 620 2287 ΦΡΟΝ
650 2252 686 2286 Ρ
791 2252 879 2287 ΤΟ(
904 2251 941 2287 Ρ
1043 2253 1321 2288 ΚΡΕΛΕΟΝΔΕ·
1345 2254 1350 2297 Ι
1372 2253 1409 2288 Ρ

62 2300 106 2332 18
131 2296 288 2346 ιωρῦηΐ
308 2297 345 2332 Ρ
414 2301 457 2332 22
485 2298 610 2344 quldq.
634 2300 639 2344 Ι
661 2299 757 2334 ferat
781 2299 819 2334 P
886 2302 932 2334 24
958 2309 1058 2334 noua
1076 2299 1114 2334 P
