1526 2444
150 68 241 111 400
655 69 755 107 SAT.
778 71 906 105 LIBRI
932 70 981 106 v1

214 175 377 231 adpetis
416 175 680 217 dominatum
717 176 887 218 demens
923 179 1190 231 praemature
1221 191 1479 231 praecocem.

153 257 198 298 in
230 271 313 310 quo
343 270 468 298 uersu
497 256 917 299 animaduertendum
943 260 1018 312 est,
1050 258 1161 313 quod
1186 272 1479 312 praecocem

155 314 306 368 inquit,
334 328 421 356 non
449 328 802 369 praecoquem3
834 317 898 356 est
928 316 1040 357 enim
1071 331 1194 358 casus
1221 316 1309 358 eius
1334 318 1476 358 rectus

151 386 238 414 non
267 372 567 427 praecoquis
599 373 671 414 sed
701 372 943 426 praecox?

86 431 142 472 14
270 429 352 471 Hic
394 430 583 472 Auienus
625 444 771 472 rursus
813 431 1049 486 interrogat

156 487 296 541 inquit
333 487 525 529 ‘Aenean
568 502 690 530 suum
732 490 951 542 tamquam
994 503 1068 542 per
1111 489 1255 530 omnia
1295 490 1414 543 pium
1454 504 1480 531 a

158 546 411 600 contagione
443 546 599 588 atrocis
630 546 750 587 uisus
782 546 894 600 apud
924 546 1083 588 inferos
1114 546 1407 600 uindicauerit,
1437 550 1479 588 et

157 603 293 658 magis
331 617 426 645 eum
460 603 609 645 fecerit
640 603 784 645 audire
814 618 984 645 reorum
1015 604 1198 658 gemitus
1229 619 1355 658 quam
1385 605 1478 659 ipsa

156 661 298 703 uidere
326 663 548 715 tormenta,
578 662 622 702 in
647 661 762 715 ipsos
788 676 889 703 uero
916 676 1087 716 campos
1112 662 1278 716 piorum
1303 662 1479 704 licenter

1091 430 1103 448 Ε

1107 445 1201 473 cum
1243 430 1476 486 Vergilius'
1512 445 1526 473 ε

155 718 382 774 induxerit,
425 734 499 761 cur
535 719 615 761 hoc
650 722 793 760 tamen
828 733 954 760 uersu
992 720 1177 761 ostendit
1211 720 1276 761 illi
1311 722 1476 774 partem
1497 734 1526 761 ια

155 777 363 827 locorum,
395 777 547 831 quibus
578 777 700 831 impii
731 777 1041 818 cohibebantur

212 857 473 899 uestibulum
505 859 605 898 ante
634 857 776 911 ipsum
807 858 1038 912 primisque
1065 858 1110 898 in
1133 858 1326 900 faucibus
1351 857 1477 914 Orci?

156 937 227 992 qui
253 938 365 979 enim
389 938 646 979 uestibulum
673 940 715 979 et
739 938 882 980 fauces
901 938 1020 992 uidit,
1044 939 1156 980 intra
1173 939 1310 993 ipsam
1331 939 1476 980 aedem

157 997 243 1037 iam
287 995 377 1037 sine
420 995 685 1038 dubitatione
729 997 946 1050 successit,
989 998 1063 1038 aut
1098 996 1236 1051 siquid
1274 996 1386 1038 aliud
1427 997 1478 1038 de

157 1054 406 1095 uestibuli
437 1054 643 1095 uocabulo
670 1054 999 1109 intellegendum
1025 1055 1100 1107 est,
1131 1055 1237 1095 scire
1261 1053 1478 1096 desidero?
1497 1068 1526 1096 ιε

91 1115 145 1155 15
277 1111 344 1153 Ad
374 1111 479 1153 haec
505 1111 676 1154 Seruius
708 1110 923 1166 ‘pleraque
955 1114 1054 1153 sunt
1077 1111 1296 1165 uocabula,
1326 1111 1477 1166 quibus

160 1170 289 1224 uulgo
324 1170 498 1224 utimur,
534 1183 670 1224 neque
701 1172 843 1210 tamen
875 1169 1034 1223 liquido
1067 1169 1342 1222 aduerffimus,
1379 1169 1479 1224 quid

160 1241 209 1268 ea
235 1241 284 1268 ex
308 1241 410 1268 uera
434 1228 693 1281 proprietate
719 1227 971 1282 significent,
997 1227 1122 1268 sicuti
1141 1229 1204 1269 est
1222 1227 1478 1269 uestibulum
1519 1254 1526 1282 f

157 1286 204 1325 in
230 1285 496 1326 sermonibus
522 1285 685 1326 celebre
711 1287 838 1339 atque
863 1285 1037 1327 obuium
1061 1285 1249 1336 uerbum,
1278 1299 1366 1327 non
1391 1299 1478 1326 om·
1523 1290 1526 1302 ¹

157 1342 280 1384 nibus
318 1347 478 1396 tamen,
516 1343 586 1396 qui
621 1343 698 1385 illo
735 1343 858 1384 facile
888 1344 1081 1397 utuntur,
1116 1343 1276 1397 liquido
1309 1356 1477 1397 exspec-
1495 1339 1526 1386 sd

157 1403 309 1443 tatum.
357 1403 510 1454 putant
541 1401 653 1442 enim
683 1401 993 1442 uestibulum
1020 1415 1110 1442 esse
1135 1403 1302 1454 partem
1326 1401 1476 1442 domus

87 1462 139 1502 16
155 1459 354 1512 priorem,
373 1473 498 1512 quam
519 1459 705 1500 atrium
725 1460 891 1500 uocant.
935 1458 1007 1500 sed
1028 1457 1073 1501 O.
1092 1458 1260 1500 AELIVS
1281 1458 1476 1512 GALLVS,

153 1516 220 1557 uir
263 1515 552 1567 doctissimus,
595 1516 639 1557 in
680 1528 816 1558 LIBRo
859 1528 921 1557 DE
962 1527 1332 1558 SIGNIFICATIONE
1368 1528 1475 1558 VER-

152 1585 328 1629 EORVM,
372 1586 492 1623 QVAE
537 1586 599 1615 AD
642 1585 713 1616 IVS
753 1586 905 1616 CIVILE
941 1586 1220 1629 PERTINENT,
1263 1585 1474 1616 SECVNDO

153 1632 464 1674 uestibulum
505 1631 606 1673 dicit
645 1646 754 1673 esse
785 1646 883 1674 non
912 1632 963 1672 in
994 1632 1122 1686 ipsis
1155 1632 1360 1673 aedibus
1390 1645 1474 1673 ne-

153 1703 244 1743 que
294 1690 486 1732 aedium
535 1692 730 1743 partem
780 1690 864 1730 sed
913 1690 1074 1731 locum
1119 1691 1233 1731 ante
1275 1690 1474 1731 ianuam

154 1751 327 1789 domus
370 1761 599 1800 uacuum,
642 1761 730 1801 per
772 1762 915 1802 quem
958 1747 1014 1789 de
1056 1747 1138 1788 uia
1182 1747 1349 1789 aditus
1395 1761 1474 1789 ac-

153 1819 425 1859 cessusque
457 1806 515 1847 ad
546 1805 681 1847 fores
713 1805 909 1847 aedium
941 1805 1019 1846 sit.
1080 1805 1174 1860 ipsa
1205 1806 1317 1846 enim
1347 1805 1474 1846 ianua

86 1868 137 1908 17
153 1863 300 1917 procul
327 1878 350 1904 a
375 1864 445 1904 uia
469 1864 612 1918 fiebat,
638 1877 735 1905 area
760 1863 969 1918 intersita,
1000 1877 1105 1918 quae
1130 1865 1314 1905 uacaret.
1368 1876 1474 1917 quae

248 1981 265 2010 1
291 1989 327 2011 u.
353 1980 419 2011 335
446 1977 501 2011 ed.
528 1980 548 2011 2
575 1977 682 2012 Ribb.
758 1981 799 2011 12
825 1979 914 2012 Aen.
939 1977 989 2012 VI
1014 1981 1080 2012 273

249 2085 266 2115 1
294 2081 442 2115 demens
469 2080 624 2115 Gellius:
648 2080 778 2116 u&er1s
798 2081 834 2114 P
942 2084 963 2114 2
988 2092 1027 2114 m
1052 2091 1124 2123 quo
1149 2090 1239 2115 corr.
1264 2083 1306 2115 ut
1329 2080 1405 2115 uid.
1430 2090 1474 2114 ex

152 2128 275 2172 inquit
303 2128 346 2162 in
375 2127 412 2161 P
526 2126 629 2161 uersu
653 2147 697 2151 —
724 2131 744 2161 3
775 2137 848 2161 non
878 2136 943 2162 om.
974 2126 1019 2170 P,
1050 2127 1135 2162 add.
1170 2125 1475 2170 Cantabriyiemis

152 2178 174 2208 4
198 2174 394 2226 procoquis
413 2183 502 2208 corr.
527 2173 569 2207 in
592 2172 786 2217 precoqms
804 2173 846 2207 in
873 2174 908 2206 P
995 2177 1018 2226 6·
1040 2182 1156 2208 enean
1180 2173 1216 2207 P
1295 2176 1316 2207 8
1341 2172 1417 2216 ipse
1442 2171 1483 2211 P¹
1524 2217 1526 2220 Ι

152 2224 196 2254 22
225 2219 261 2254 C.
279 2220 406 2254 Aehus
431 2218 558 2254 Gallus
578 2219 786 2255 Gronouius
805 2220 905 2264 apud
924 2218 1095 2254 Gellzum:
1121 2217 1294 2254 caeclhuf
1306 2217 1429 2263 gallus
1441 2217 1478 2252 P
1497 2236 1500 2239 ·
1524 2255 1526 2257 ,

152 2270 196 2300 29
221 2266 365 2309 fiebant
389 2266 425 2300 P

1518 1312 1526 1337 ἃ

1518 1386 1526 1506 i

1492 1508 1526 1705 Δ
