1526 2444
586 59 654 94 XV
683 63 819 95 12—21
1324 58 1377 100 ’Π

31 172 111 214 bus
141 170 288 213 Idibus
316 169 412 212 Ioui
438 168 690 211 immolatur
715 183 741 210 a
765 167 953 210 flamine,
1014 167 1139 210 nobis
1164 167 1242 209 illa
1266 168 1377 210 ratio
1396 169 1448 210 17

31 229 218 273 nominis
256 243 358 272 uero
396 228 575 283 propior
612 227 887 281 aestimatur,
931 229 981 269 ut
1017 226 1138 269 Idus
1175 240 1380 269 uocemus

32 289 145 331 diem
183 288 268 344 qui
305 287 496 330 diuidit
533 300 766 330 mensem.
827 286 1006 328 iduare
1043 286 1156 328 enim
1193 285 1380 328 Etrusca

31 349 179 403 lingua
217 347 448 389 diuidere
481 349 566 398 est,
593 345 706 387 unde
736 345 892 387 uidua
924 345 1048 401 quasi
1080 344 1230 387 ualde
1262 345 1381 387 idua

0 416 16 443 ⁵
33 406 77 448 id
98 408 156 448 ist
179 406 328 449 ualde
354 405 541 460 diuisa,
567 407 643 447 aut
667 404 843 459 uidua,¹
864 405 908 446 id
929 408 995 446 est
1015 419 1039 446 a
1065 404 1177 446 uiro
1197 404 1378 446 diuisa.

30 471 81 508 ut
111 467 256 508 autem
286 464 406 507 Idus
438 479 610 507 omnes
642 463 775 519 Ioui,
805 464 879 506 ita
910 478 1086 506 omnes
1118 463 1379 506 Kalendas
1397 464 1449 506 18

31 525 215 567 Iunoni
250 525 478 566 tributas
511 526 555 566 et
585 522 826 566 VARRONIS
859 525 903 565 et
940 522 1276 577 pontificalis
1310 522 1382 565 ad-

31 584 178 626 firmat
210 583 458 626 auctoritas.
520 582 635 637 quod
667 582 800 624 etiam
831 581 1067 624 Laurentes
1098 581 1251 636 patriis
1283 582 1381 624 reli-

33 643 234 699 gionibus
261 644 448 696 seruant,
475 643 548 696 qui
573 644 618 684 et
641 655 882 697 cognomen
908 641 1010 682 deae
1037 655 1088 682 ex
1109 641 1382 683 caerimoniis

0 701 302 755 oaddiderunt,
333 700 676 743 Kalendarem
707 699 950 742 Iunonem
981 702 1200 755 uocantes,
1232 699 1306 741 sed
1338 703 1382 741 et

34 761 231 803 omnibus
256 760 463 802 Kalendis
490 774 515 802 a
540 773 687 801 mense
711 758 870 801 Martio
897 758 951 800 ad
970 757 1253 800 Decembrem
1278 758 1381 801 huic

33 820 135 862 deae
166 819 458 862 Kalendarum
489 819 556 860 die
588 818 845 873 supplicant.
898 817 1063 860 Romae
1095 832 1264 873 quoque
1295 817 1451 861 Ka-19

33 879 172 920 lendis
203 878 414 931 omnibus,
443 881 616 933 praeter
647 877 762 932 quod
791 876 988 931 pontifex
1020 877 1162 919 minor
1188 877 1234 918 in
1260 878 1380 919 curia

35 935 221 980 Calabra
245 952 336 979 rem
363 937 554 979 diuinam
580 936 735 979 Iunoni
761 935 877 989 facit,
909 937 1041 978 etiam
1066 936 1216 991 regina
1242 951 1381 979 sacro-

0 1010 145 1051 5rum,
184 997 228 1038 id
266 998 333 1038 est
369 996 485 1052 regis
523 1010 649 1049 uxor,
685 1009 861 1050 porcam
892 996 963 1037 uel
994 1008 1153 1050 agnam
1184 995 1230 1036 in
1261 996 1383 1052 regia

32 1054 188 1098 Iunoni
229 1055 440 1098 immolat.
512 1069 537 1096 a
581 1070 667 1110 qua
711 1054 844 1096 etiam
886 1053 1065 1096 Ianum
1109 1053 1383 1097 Iunonium

34 1115 386 1170 cognominatum
425 1114 626 1167 diximus,
671 1114 783 1168 quod
821 1113 887 1155 illi
924 1113 1002 1155 deo
1041 1114 1181 1156 omnis
1219 1114 1382 1170 ingres-

36 1187 126 1228 sus,
161 1173 262 1216 huic
299 1174 403 1216 deae
441 1173 585 1216 cuncti
615 1172 912 1215 Kalendarum
950 1172 1039 1215 dies
1079 1173 1281 1215 uidentur
1313 1173 1384 1216 ad-

37 1232 200 1287 scripti.
259 1247 355 1275 eum
392 1233 507 1274 enim
539 1232 664 1274 initia
694 1233 908 1274 mensium
939 1232 1124 1274 maiores
1155 1233 1294 1275 nostri
1327 1233 1381 1275 ab
1396 1234 1454 1276 20

3 1305 20 1331 o
39 1294 189 1333 exortu
218 1291 347 1333 lunae
379 1291 666 1345 seruauerint,
696 1291 787 1332 iure
818 1291 978 1333 Iunoni
1009 1291 1266 1333 addixerunt
1297 1291 1382 1335 Ka-

37 1349 200 1404 landas,
229 1350 377 1392 lunam
409 1364 458 1392 ac
488 1349 699 1392 Iunonem
729 1350 907 1392 eandem
932 1352 1155 1405 putantes:
1186 1352 1256 1393 uel
1282 1352 1385 1406 quia
1485 1363 1526 1402 εξ

37 1409 141 1451 luna
171 1423 247 1463 per
279 1423 421 1451 aerem
451 1411 580 1463 meat,
610 1408 720 1450 unde
752 1411 796 1450 et
828 1408 980 1451 Graeci
1010 1409 1156 1451 lunam
1176 1408 1384 1467 ’Ἄρτεμιν

37 1470 341 1524 nuncuparunt
371 1468 415 1509 id
447 1470 513 1509 est
543 1465 796 1523 ἀερότομιν,
827 1468 941 1522 quod
972 1482 1073 1510 aera
1104 1471 1239 1523 secat,
1275 1469 1383 1511 Iuno

40 1529 185 1568 autem
217 1526 328 1569 aeris
360 1526 524 1569 arbitra
553 1530 631 1582 est,
663 1527 816 1568 merito
842 1527 968 1569 initia
992 1527 1216 1583 mensium,
1246 1527 1292 1570 id
1318 1532 1384 1571 est

0 1599 24 1626 2⁵
42 1584 285 1640 Kalendas,
304 1586 404 1627 huic
436 1585 538 1627 deae
570 1588 943 1628 consecrauerunt.

154 1644 245 1687 Nec
275 1644 358 1687 hoc
388 1645 765 1700 praetermiserim,
795 1645 909 1700 quod
940 1645 1103 1700 nuptiis
1130 1646 1380 1700 copulandis
1398 1648 1452 1689 21

37 1703 254 1746 Kalendas
285 1703 435 1746 Nonas
468 1708 511 1745 et
540 1703 643 1746 Idus
674 1703 922 1759 religiosas,
954 1704 998 1746 id
1030 1707 1096 1746 est
1128 1705 1383 1747 deuitandas

37 1765 304 1805 censuerunt.
368 1763 414 1804 hi
447 1763 560 1804 enim
592 1763 681 1804 dies
713 1765 886 1817 praeter
910 1761 1061 1805 Nonas
1092 1763 1237 1806 feriati
1269 1768 1384 1819 sunt,

38 1821 156 1864 feriis
182 1825 325 1864 autem
351 1822 439 1863 uim
465 1822 666 1877 cuiquam
690 1822 785 1863 fieri
809 1822 1029 1878 piaculare
1056 1826 1133 1877 est,
1158 1823 1255 1865 ideo
1280 1826 1384 1866 tunc

0 1895 22 1922 o
38 1881 231 1923 nitantur
273 1881 450 1936 nuptiae
493 1881 540 1922 in
578 1881 732 1936 quibus
770 1882 837 1923 uis
874 1881 969 1924 fieri
1004 1882 1166 1938 uirgini
1203 1882 1384 1926 uidetur.

132 2002 151 2032 1
178 1996 276 2032 iouis
293 1996 511 2032 immolatur
534 1997 570 2031 B
661 2000 682 2031 2
707 2007 880 2042 proprior
907 1998 945 2032 P
1029 2003 1052 2034 4
1078 1998 1115 2033 al
1139 2000 1182 2034 in
1206 1998 1318 2034 ualde
1343 2001 1385 2035 in

0 2047 2 2084 ἱ
37 2054 110 2080 ras.
135 2046 178 2080 in
199 2044 236 2079 P
313 2048 356 2080 10
381 2043 613 2080 addederunt
641 2043 691 2078 P'
770 2044 1014 2082 kalendarem
1040 2066 1084 2072 —
1111 2050 1154 2081 11
1180 2046 1268 2082 huic
1294 2047 1385 2082 deae

0 2098 3 2147 ἱ
38 2115 121 2150 aaa.
148 2115 212 2150 Bm
298 2119 341 2150 12
366 2100 607 2150 kalendargm
632 2113 715 2150 <hes
735 2114 799 2160 sup
802 2114 921 2151 hoaut
944 2115 981 2150 B
1064 2116 1325 2162 supphcabant
1351 2118 1388 2152 P

41 2165 85 2197 14
108 2172 237 2197 1on0n1
262 2160 308 2198 B'
361 2167 404 2197 15
429 2174 496 2208 reg
497 2161 532 2196 11*
550 2172 618 2197 om.
644 2161 681 2196 P
728 2127 952 2198 16p10nom1'1
978 2161 1119 2199 B'17
1146 2166 1323 2199 uocatum
1353 2165 1389 2199 P

41 2213 84 2244 18
108 2208 258 2254 ascripti
281 2210 318 2244 P
393 2213 439 2244 20
464 2175 602 2245 kradas
626 2209 663 2243 P
738 2213 782 2245 22
809 2220 894 2245 aere
920 2213 984 2246 eat
1008 2211 1045 2245 B
1127 2214 1286 2247 artemm
1312 2212 1389 2247 BP

0 2295 1 2300 ¹
39 2259 85 2291 23
121 2259 275 2301 epotom
317 2267 409 2293 corr.
446 2258 490 2292 in
532 2258 724 2302 epotomm
750 2258 825 2302 (sed
861 2269 887 2302 p
924 2262 975 2294 est
1014 2257 1159 2295 Graeca
1194 2259 1233 2305 ρ)
1270 2260 1314 2295 in
1351 2259 1385 2293 B

0 2309 6 2362 ἢ
39 2313 185 2339 *nera
214 2303 250 2338 P
320 2307 363 2339 27
390 2303 508 2340 nonas
527 2315 594 2340 om.
623 2304 660 2338 P
