1526 2444
171 57 255 99 526
468 55 615 92 COMM.
640 55 692 91 IN
717 55 858 91 SOMN.
885 54 995 90 SCIP.
1021 55 1149 90 LIBRI
1173 55 1190 89 I

171 165 260 206 tate
298 163 519 217 patiuntur
556 161 788 203 nescientes
819 163 944 215 parta
973 161 1199 215 respicere,
1235 160 1333 202 dum
1364 162 1490 215 egent

107 222 161 263 14
173 221 394 262 habendis:
432 220 530 261 illos
561 219 690 260 radiis
720 222 911 261 rotarum
941 219 1121 273 pendere
1152 218 1385 272 districtos,
1421 219 1492 273 qui

173 279 281 320 nihil
318 277 495 319 consilio
532 275 841 332 praeuidentes,
875 277 983 318 nihil
1017 276 1181 318 ratione
1214 276 1493 332 moderantes,

173 336 280 377 nihil
305 334 536 376 uirtutibus
563 334 832 389 explicantes,
858 348 983 388 seque
1009 336 1051 375 et
1076 336 1193 376 actus
1220 348 1365 376 omnes
1392 348 1490 375 suos

171 394 373 435 fortunae
415 391 729 446 permittentes,
785 392 951 433 casibus
1001 394 1043 433 et
1089 392 1276 433 fortuitis
1327 406 1491 446 semper
1525 420 1526 426 ,

105 452 159 493 15
173 454 382 504 rotantur,
408 465 554 491 saxum
581 451 730 504 ingens
752 449 924 491 uoluere
943 449 1229 491 inefficacibus
1247 450 1491 491 laboriosis-

174 524 253 563 que
285 508 507 550 conatibus
538 508 671 549 uitam
701 509 897 561 terentes,
928 509 1064 548 atram
1091 507 1252 549 silicem
1276 507 1492 561 lapsuram

173 581 338 621 semper
365 569 407 608 et
432 565 598 608 cadenti
627 565 806 607 similem
830 565 1000 606 illorum
1026 565 1235 620 capitibus
1260 565 1492 620 imminere,

172 626 242 679 qui
281 624 435 666 arduas
475 625 710 677 potestates
750 626 792 665 et
821 622 1050 664 infaustam
1081 623 1272 664 ambiunt
1301 623 1490 676 tyranni-

172 683 266 724 dem
297 696 528 736 numquam
554 681 643 723 sine
668 683 818 723 timore
843 681 1008 735 uicturi‚
1039 683 1082 721 et
1106 683 1303 735 cogentes
1329 681 1490 722 subiec-
1510 692 1525 716 1

171 744 263 782 tum
283 740 436 795 uulgus
462 739 627 781 odisse
647 739 671 780 d
684 755 760 781 um
780 741 986 793 metuat,
1013 753 1178 792 semper
1197 738 1279 780 sibi
1297 738 1493 780 uidentur

173 798 366 852 exitium,
411 797 523 851 quod
566 800 796 851 merentur,
839 797 1039 850 excipere.
1104 810 1181 838 nec
1216 796 1375 838 frustra
1411 796 1493 838 hoc

105 856 363 911 16theologi
411 855 615 909 suspicati
664 857 772 897 sunt.
849 869 950 895 nam
999 857 1041 895 et
1087 853 1321 908 Dionysius
1370 854 1493 895 aulae

173 913 338 956 Siculae
370 913 770 954 inclementissimus
801 912 1023 953 incubator
1051 911 1253 953 familiari
1279 911 1492 966 quondam

173 986 249 1014 suo
288 971 424 1013 solam
460 971 631 1012 beatam
671 970 930 1012 existimanti
968 970 1101 1011 uitam
1132 969 1305 1024 tyranni
1334 970 1494 1024 uolens,
1512 981 1526 1006 1

173 1044 300 1084 quam
337 1031 539 1083 perpetuo
576 1031 690 1070 metu
730 1028 899 1081 misera,
937 1041 1144 1081 quamque
1175 1027 1494 1081 inpendentium

176 1101 341 1142 semper
376 1086 660 1141 periculorum
696 1087 824 1140 plena
861 1088 988 1138 esset,
1025 1085 1262 1139 ostendere,
1306 1085 1494 1139 gladium

172 1145 332 1199 uagina
368 1147 537 1199 raptum
575 1147 616 1185 et
654 1160 679 1186 a
715 1144 866 1198 capulo
907 1143 957 1184 de
994 1142 1064 1184 filo
1095 1143 1214 1184 tenui
1243 1143 1494 1197 pendentem

171 1217 370 1246 mucrone
414 1203 595 1244 demisso
639 1202 765 1244 iussit
806 1201 1028 1242 familiaris
1064 1200 1178 1242 illius
1219 1201 1347 1254 capiti
1383 1201 1494 1243 inter

173 1262 319 1315 epulas
350 1261 582 1313 imminere,
614 1274 791 1314 cumque
821 1259 894 1300 ille
926 1261 969 1300 et
995 1257 1157 1300 Siculas
1183 1261 1226 1299 et
1250 1259 1494 1312 tyrannicas
1513 1269 1526 1295 Ξ

173 1319 316 1372 copias
360 1319 594 1372 praesentis
638 1317 787 1359 mortis
831 1316 1019 1371 periculo
1065 1319 1331 1371 grauaretur‚
1374 1315 1494 1358 ‘talis

173 1376 257 1419 est'
295 1377 434 1430 inquit
470 1375 704 1430 Dionysius
743 1375 870 1429 ‘uita‚
914 1389 1040 1429 quam
1084 1375 1252 1416 beatam
1294 1374 1494 1428 putabas:

173 1435 234 1477 sic
296 1449 461 1489 semper
520 1436 700 1475 mortem
760 1433 883 1474 nobis
942 1432 1232 1474 imminentem
1291 1431 1495 1474 uidemus.

175 1493 372 1548 aestima,
414 1491 580 1546 quando
625 1505 716 1533 esse
758 1491 860 1532 felix
902 1490 1077 1544 poterit,
1119 1491 1189 1545 qui
1225 1490 1374 1531 timere
1410 1503 1497 1531 non

108 1551 159 1592 17
177 1550 359 1592 desinit.'
420 1549 649 1591 secundum
678 1550 784 1590 haec
814 1548 955 1603 igitur,
989 1563 1096 1602 quae
1127 1563 1152 1590 a
1181 1548 1394 1603 theologis
1424 1548 1495 1590 ad-
1513 1557 1526 1584 2

175 1611 389 1662 seruntur,
433 1608 469 1649 si
505 1622 602 1649 uere
647 1608 854 1661 quisque
900 1621 1014 1648 suos
1051 1606 1271 1661 patimur
1308 1620 1496 1657 manes,

174 1669 216 1708 et
247 1666 406 1708 inferos
437 1666 483 1707 in
512 1666 579 1707 his
612 1665 856 1719 corporibus
889 1679 980 1706 esse
1006 1665 1224 1717 credimus,
1257 1664 1357 1718 quid
1384 1663 1496 1705 aliud
1524 1717 1526 1719 ι

267 1809 311 1840 26
338 1804 446 1848 Verg.
472 1804 561 1839 Aen.
587 1803 638 1838 VI
664 1806 729 1838 743

1517 1808 1526 1891 ε’

269 1937 286 1966 1
312 1933 456 1975 partem
482 1932 519 1966 P
596 1941 758 1975 recipere
783 1930 832 1964 P'
915 1933 934 1964 5
961 1941 980 1976 e
1006 1930 1047 1964 in
1070 1929 1213 1975 fortune
1237 1929 1279 1963 in
1302 1938 1374 1963 ras.
1398 1929 1439 1962 in
1463 1927 1500 1962 P

173 1977 412 2023 permitentes
432 1975 479 2012 P'
577 1976 755 2011 fortuitus
774 1980 815 2012 ut
838 1976 914 2012 uid.
940 1977 981 2010 in
1008 1973 1056 2010 P'
1154 1978 1174 2009 6
1198 1974 1436 2010 ineficacibus
1456 1977 1497 2009 ut

174 2025 249 2060 uid.
276 2021 339 2066 P'‚
364 2023 614 2058 inefficatibus
633 2024 668 2057 Β
759 2027 779 2058 7
805 2024 939 2058 attram
964 2022 1009 2066 P,
1032 2022 1159 2057 deinde
1183 2021 1320 2056 scilicet
1343 2020 1380 2054 Β
1475 2024 1495 2054 9

173 2070 395 2106 tirannidem
422 2070 458 2104 Β
560 2073 601 2103 13
627 2068 767 2114 teologi
791 2068 840 2103 P'
948 2067 1126 2103 diunisius
1145 2077 1235 2103 corr.
1261 2068 1302 2101 in
1327 2065 1502 2101 dionisius
1510 2087 1512 2091 ν

173 2118 215 2152 i‘n
240 2117 274 2153 B
348 2119 391 2150 14
415 2115 612 2151 familiaria
636 2113 681 2150 B'
756 2118 798 2149 15
824 2117 960 2150 tiranm
986 2114 1022 2149 B
1094 2118 1135 2149 17
1157 2113 1226 2148 esse
1246 2113 1282 2148 B
1355 2115 1397 2147 18
1417 2111 1496 2147 filio

172 2164 209 2199 B
316 2166 360 2197 20
385 2173 536 2197 iminere
562 2163 599 2197 Β
692 2160 893 2196 tirannicas
911 2161 947 2195 Β
1054 2163 1098 2195 22
1124 2159 1296 2195 dionisius
1315 2159 1351 2193 P
1451 2162 1497 2193 23

173 2209 281 2244 nobis
318 2210 473 2244 mortem
509 2209 546 2244 P
683 2211 726 2243 25
771 2207 974 2243 asseruntur
1010 2207 1046 2242 Β
1180 2210 1224 2241 26
1267 2205 1431 2250 quisquis
1460 2205 1498 2239 Β

173 2255 327 2291 manens
347 2254 392 2290 B'
