1526 2444
617 87 685 123 xv
711 88 850 123 20-29
1322 81 1408 125 641

14 250 17 257 3
62 201 149 244 alia
177 214 265 243 non
295 212 486 251 mouere,
522 211 609 239 11011
641 197 812 239 constat
842 194 966 249 illud,
1002 195 1052 236 ut
1081 193 1263 250 aliquid,
1293 191 1408 249 quod

62 261 237 303 moueat
278 271 356 300 nec
399 259 547 300 tamen
589 257 831 308 moueatur,
874 253 1081 296 inuenias.
1151 253 1232 295 illa
1272 252 1408 308 igitur
1422 249 1480 294 25

22 350 40 374 ἢ,
62 318 202 374 magis
238 316 460 373 probanda
497 317 562 357 est
600 314 646 356 in
683 313 846 356 decimo
885 312 936 354 de
970 311 1139 368 legibus
1172 326 1198 354 a
1227 311 1411 354 Platone

26 378 41 414 's
63 381 259 420 motuum
296 376 468 431 prolata
506 373 672 416 diuisio.
736 371 899 415 omni's
938 374 1104 414 motus
1141 370 1286 426 inquit
1323 371 1412 413 aut

14 438 35 466 '³'
67 440 117 480 et
166 450 216 479 80
259 437 430 477 11101101
475 435 524 475 et
555 432 660 475 alia
703 434 791 475 aut
833 431 893 472 ab
938 430 1041 473 alio
1087 432 1321 472 mouetur
1364 431 1413 471 et

14 542 39 554 ‚-
65 495 169 538 alia
211 496 391 536 mouet.
458 495 501 534 et
536 491 655 547 prior
694 490 747 533 ad
785 490 989 544 animam,
1033 489 1087 531 ad
1126 488 1272 531 omnia
1309 501 1412 530 uero

25 562 37 597 ’ζ
65 567 247 609 corpora
295 551 505 595 secundus
549 550 744 592 refertur.
817 548 864 591 hi
908 562 1010 603 ergo
1055 548 1138 590 duo
1183 549 1328 591 motus
1372 548 1424 589 et.

19 637 39 663 ‚··
67 612 305 655 differentia
331 612 587 666 separantur
612 612 655 651 et
681 608 884 651 societate
910 607 1158 663 iunguntur,
1190 619 1414 649 commune

14 707 38 712 ,
65 672 148 714 hoc
185 671 365 726 habent,
404 669 516 724 quod
554 670 597 710 et
633 667 749 723 prior
788 669 831 709 et
868 666 1077 709 secundus
1109 668 1287 708 mouent
1318 665 1415 720 alia,

66 731 148 773 1100
186 733 329 772 autem
367 728 587 780 differunt,
625 727 739 782 quod
775 726 849 768 ille
886 740 912 767 a
944 740 988 766 se
1020 725 1091 767 hic
1123 725 1177 767 ab
1210 725 1294 767 alio
1327 738 1416 766 mo-

15 787 28 830 'T-
67 792 202 832 uetur.
264 803 314 830 ex
351 787 419 829 his
458 786 676 840 omnibus,
714 799 822 840 quae
858 786 979 826 eruta
1010 783 1060 825 de
1091 783 1414 825 Platonicorum
1429 782 1486 825 26

15 842 35 872 ³³
68 862 269 890 sensuum
319 845 579 888 fecunditate
630 843 882 899 collegimus
891 876 903 899 ‚
952 842 1150 885 constitit
1192 855 1279 884 non
1323 855 1417 883 0880

27 938 39 962 3
67 921 234 961 uerum,
278 905 422 948 omnia
458 917 566 959 quae
604 906 832 945 mouentur
869 902 922 943 ab
962 901 1048 943 alio
1085 901 1269 955 moueri,
1314 914 1416 956 ergo

10 970 33 998 Ψ·
69 979 146 1009 1100
188 964 449 1021 principium
492 965 636 1005 motus
675 961 728 1004 ad
767 960 1078 1015 deprecandam
1115 959 1291 1002 alterius
1328 973 1417 1001 mo-

15 1027 47 1087 ζ
72 1025 216 1067 11011118
270 1023 574 1065 necessitatem
630 1023 743 1063 stare
792 1019 974 1073 dicetur,
1030 1019 1130 1074 quia
1177 1021 1325 1074 potest
1375 1032 1419 1059 80
1451 1026 1526 1071 “3¹53

26 1115 30 1119 -
70 1084 232 1139 ipsum,
270 1085 319 1124 ut
350 1081 551 1132 diximus,
583 1094 757 1122 mouere
790 1079 877 1121 alio
907 1093 996 1120 11011
1027 1080 1240 1120 11101ῑο1110.
1302 1047 1488 1128 eger-&7

15 1147 41 1200 3
71 1146 200 1198 HQ
242 1143 310 1183 est
344 1140 479 1195 igitur
516 1139 814 1194 syllogismus,
857 1152 985 1193 quem
1021 1137 1260 1192 praemissa
1297 1136 1421 1178 uaria
1482 1149 1526 1200 N

10 1201 32 1259 ᾗ
74 1203 118 1244 01
148 1199 380 1254 multiplici
410 1199 619 1241 diuisione
652 1197 896 1253 collegerat,
925 1196 968 1238 id
1001 1198 1067 1238 est
1092 1196 1261 1238 anima
1284 1195 1422 1250 prin·
1511 1202 1514 1204 '

74 1260 265 1315 cipium
315 1260 482 1300 motus
532 1259 628 1308 est,
676 1255 987 1312 principium
1038 1257 1204 1297 autem
1254 1256 1422 1296 motus

16 1337 50 1364 „1
75 1334 173 1362 non
241 1319 493 1372 mouetur,
559 1316 724 1372 igitur
792 1314 960 1357 anima
1018 1328 1117 1356 non
1179 1315 1423 1356 mouetur.

22 1378 39 1412 T'
74 1379 228 1433 restat,
265 1379 314 1419 ut
353 1376 454 1432 quia
491 1375 687 1418 constitit
721 1388 846 1429 posse
880 1372 1042 1429 aliquid
1073 1387 1149 1428 per
1180 1387 1225 1414 se
1257 1371 1424 1414 moueri

12 1458 35 1491 3
76 1437 160 1480 alio
199 1450 288 1478 non
326 1437 544 1490 mouente,
583 1434 772 1476 animam
809 1433 891 1475 hoc
926 1446 1019 1474 esse
1051 1432 1274 1487 doceatur,
1311 1430 1425 1486 quod

19 1494 35 1500 '⁴
75 1496 203 1538 facile
247 1494 487 1548 docebitur,
531 1493 568 1535 si
611 1493 661 1534 de
705 1491 946 1534 manifestis
986 1493 1029 1532 et
1067 1490 1424 1533 indubitabilibus

78 1559 331 1609 argumenta
392 1567 623 1595 sumamus.
709 1551 875 1594 homini
929 1552 1095 1592 motum
1152 1552 1227 1592 aut
1282 1549 1426 1591 anima
1439 1548 1496 1591 28

21 1610 54 1647 ’Ἀ
79 1615 272 1670 praestat
317 1614 391 1655 aut
437 1625 590 1666 corpus
635 1612 710 1652 aut
753 1610 804 1652 de
847 1611 1030 1664 utroque
1073 1608 1312 1663 permixtio.
1382 1610 1426 1650 et

80 1672 181 1728 quia
210 1672 295 1714 tria
327 1674 440 1726 sunt,
471 1671 521 1712 de
554 1670 708 1725 quibus
733 1668 957 1724 inquisitio
983 1668 1068 1710 ista
1092 1667 1298 1723 procedit,
1330 1681 1427 1709 cum

78 1745 215 1787 neque
261 1745 286 1773 a
323 1744 503 1785 corpore
539 1742 678 1784 neque
717 1743 742 1769 a
777 1726 1063 1782 permixtione
1099 1727 1311 1781 praestari
1345 1725 1427 1768 hoc

18 1790 39 1810 ’
79 1804 206 1846 posse
231 1789 487 1840 constiterit,
518 1790 667 1843 restat,
693 1790 741 1829 ut
766 1788 819 1829 ab
848 1786 992 1829 anima
1017 1786 1182 1828 moueri
1207 1785 1428 1827 hominem

80 1849 201 1891 nulla
238 1848 453 1891 dubitatio
493 1847 560 1889 sit.
621 1860 733 1888 nunc
773 1845 824 1888 de
863 1845 1045 1901 singulis
1079 1859 1128 1887 ac
1159 1845 1345 1900 primum
1376 1843 1427 1885 de
1441 1843 1497 1886 29

26 1922 57 1941 ·
82 1922 258 1963 corpore
313 1907 551 1962 loquamur.
630 1905 799 1947 nullum
854 1905 1090 1946 inanimum
1144 1918 1298 1958 corpus
1349 1917 1427 1946 suo

14 1989 33 2025 »³3
82 1969 202 2009 motu
234 1966 398 2009 moueri
430 1964 698 2007 manifestius
731 1966 797 2006 est
826 1977 954 2019 quam
979 1965 1029 2006 ut
1054 1962 1334 2005 adserendum
1361 1962 1429 2014 sit,

178 2086 201 2117 4
225 2093 261 2127 p.
287 2084 358 2117 894
381 2080 412 2115 Β

183 2193 200 2223 1
227 2190 293 2232 aut
317 2189 353 2223 B
428 2190 448 2222 5
474 2188 539 2223 aut
563 2186 599 2222 se
623 2186 659 2221 B
738 2189 760 2222 8
786 2189 944 2221 cfimune
970 2182 1018 2221 P'
1094 2188 1139 2220 10
1164 2184 1195 2220 St
1219 2188 1304 2221 ante
1329 2183 1432 2219 d1ffe-

15 2242 53 2269 ι’
86 2236 173 2271 runt
196 2246 265 2271 om.
291 2234 339 2270 P'
429 2239 472 2269 14
498 2235 665 2269 mouenti
688 2233 725 2269 P
809 2236 852 2268 15
879 2233 1023 2268 dicetur
1047 2232 1143 2267 stare
1169 2233 1205 2267 B
1279 2235 1322 2267 17
1350 2231 1434 2266 silo—

16 2312 26 2322 „
87 2282 227 2364 firmus
247 2283 284 2319 Β
394 2286 437 2318 18
464 2281 659 2327 collegerit
683 2281 720 2316 P
807 2284 851 2315 22
877 2280 948 2315 hoc
974 2279 1046 2315 esse
1073 2290 1237 2315 ammam
1261 2279 1297 2314 B
1388 2281 1435 2314 24

102 2329 274 2365 umamul'
287 2331 509 2375 argumenta
528 2330 633 2374 (corr.
651 2339 696 2366 ex
715 2328 989 2374 argumentum)
1002 2327 1039 2363 B
1093 2330 1138 2362 31
1153 2326 1383 2363 asserendum
1398 2326 1436 2361 B

159 2395 348 2423 monomvs
1105 2390 1149 2421 41
