1526 2444
0 0 23 104 f
554 58 624 93 1111
648 61 788 94 23—25
823 57 855 93 V
883 61 973 94 1-5
1350 58 1435 99 237

147 167 248 225 quid
279 181 512 210 memorem
542 166 767 209 Alcidem?

149 229 346 270 Antenor
375 226 521 282 potuit
550 225 702 269 mediis
735 226 906 281 elapsus
937 225 1130 269 Achiuis.

88 311 194 353 haec
243 310 358 352 enim
409 309 555 351 omnia
603 308 947 354 misericordiam
990 311 1184 363 mouent,
1233 309 1437 364 quoniam

0 380 6 431 ᾗ
88 368 315 426 indignum
340 367 511 411 uidetur
540 370 690 424 negari
722 365 818 423 sibi,
851 367 964 423 quod
995 368 1091 410 aliis
1123 368 1336 410 indultum
1369 367 1480 419 sil-„3

0 449 5 463 r
55 452 71 477 5
91 427 241 470 deinde
271 427 382 482 uide,
412 427 523 470 unde
556 430 685 483 auget
716 426 924 470 inuidiam

150 512 187 554 si
217 511 361 567 potuit
389 509 539 552 Manes
572 523 789 552 accersere
822 510 1020 566 coniugis
1053 508 1260 566 Orpheus.

0 584 13 636 Ῑ,
89 594 224 636 habes
274 607 448 636 causam
497 592 730 648 disparem:
779 591 932 635 Manes
975 591 1064 635 illic
1107 592 1320 648 coniugis,
1370 592 1440 634 hic

90 653 245 707 patris3
278 652 367 694 illis
399 665 628 703 accersere,
660 651 730 694 hic
762 651 915 694 uidere.

0 720 10 821 Ξ
150 734 350 777 Threicia
380 734 516 777 fretus
546 733 723 776 cithara.

0 822 11 851 ⁵⁴·
39 839 72 864 ιο
91 818 162 860 hic
194 817 420 860 materiam
452 816 543 858 eius
575 816 723 858 irrisit.

151 899 188 942 si
218 898 397 941 fratrem
428 897 582 940 Pollux
612 898 779 940 alterna
809 900 950 941 morte
980 897 1179 953 redemit,
1286 904 1289 907 '
1453 897 1483 939 4

148 958 265 1014 itque
297 957 491 1012 reditque
521 957 639 999 uiam
670 957 841 1000 totiens.
867 981 870 985 ·

0 1040 19 1058 ’·
92 1041 174 1083 hoc
198 1041 285 1082 iam
312 1054 337 1082 a
361 1039 502 1094 modo,
532 1040 629 1094 plus
655 1036 722 1082 est
747 1055 843 1082 enm
871 1054 997 1096 saepe
1024 1041 1087 1082 ire
1119 1055 1248 1096 quam
1280 1040 1431 1083 semel.

373 1122 474 1176 quid
505 1121 671 1165 Thesea
701 1136 907 1180 magnum

43 1201 77 1228 ιε
158 1181 259 1237 quid
291 1195 523 1223 memorem
554 1181 768 1224 Alciden?

93 1264 164 1307 hic
202 1265 378 1319 propter
415 1264 614 1321 egregias
645 1279 854 1320 personas
891 1279 980 1308 non
1010 1265 1184 1320 habuit,
1216 1258 1331 1320 quod
1362 1265 1441 1307 mi-

93 1326 246 1366 nueret
287 1325 416 1378 atque
458 1325 638 1378 augeret
674 1338 837 1379 uerum,
879 1324 991 1379 quod
1030 1324 1077 1366 in
1114 1324 1201 1366 illis
1233 1324 1442 1379 elucebat,

0 1396 3 1401 ’
91 1382 173 1425 hoc
205 1382 288 1424 sibi
318 1381 453 1424 iactat
484 1396 582 1425 cum
612 1382 681 1425 his
713 1397 806 1425 esse
838 1397 1062 1426 commune

377 1466 422 1506 et
451 1464 512 1506 mi
543 1478 678 1520 genus
711 1465 765 1507 ab
797 1464 900 1508 Ioue
931 1480 1111 1508 summo.

0 1598 7 1616 ν
40 1547 234 1591 zosimile
272 1549 339 1589 est
375 1549 418 1589 et
454 1547 561 1589 illud
599 1548 652 1589 ab
685 1547 1001 1604 indignatione:
1040 1548 1144 1603 quid
1175 1547 1318 1590 enim?
1381 1546 1483 1591 ait5

93 1605 199 1648 Iuno
377 1664 581 1707 Pallasne
611 1680 784 1707 exurere
816 1666 998 1708 classem

0 1718 31 1824 ξ
154 1723 368 1780 Argiuum
399 1723 571 1779 potuit?

0 1811 30 1870 {3²
94 1807 181 1848 iam
217 1806 300 1849 hoc
336 1805 434 1860 plus
472 1808 555 1861 est,
597 1807 780 1850 classem
811 1807 1031 1851 uictricem
1071 1823 1201 1864 quam
1237 1808 1442 1865 reliquias

0 1858 30 1969 ,ἐξ
14 1865 362 1920 {refugientium
424 1865 576 1907 deinde
607 1881 781 1909 causam
813 1867 970 1910 minuit

11 1938 22 1952 ἱ

21 2002 29 2014 ε
153 1947 280 1990 unius
312 1947 367 1990 ob
399 1962 556 1990 noxam
588 1951 631 1991 et
663 1949 796 1992 furias
827 1950 974 1993 Aiacis
1007 1949 1135 2005 Oilei,

10 2055 34 2070 Α
96 2045 224 2084 quam
267 2029 440 2085 minuit,
483 2033 532 2072 ut
573 2045 730 2075 noxam
773 2033 952 2089 diceret,
994 2034 1107 2089 quod
1147 2033 1255 2076 leuis
1293 2033 1443 2089 culpae

189 2150 210 2180 2
237 2145 328 2183 Aen.
354 2145 368 2180 1
393 2149 461 2181 242
535 2150 580 2182 22
605 2148 655 2183 ib.
680 2148 697 2182 Ι
722 2123 767 2184 3-9

14 2258 43 2283 L«
192 2256 214 2287 2
239 2253 385 2290 seclusit
409 2254 546 2290 Ionius
617 2257 639 2289 5
664 2255 706 2290 in
730 2255 817 2296 uide
844 2260 895 2292 est
919 2267 939 2292 e
963 2256 1005 2292 in
1029 2266 1103 2292 ras.
1128 2256 1171 2292 in
1196 2256 1233 2291 P
1304 2259 1349 2290 26
1377 2255 1444 2290 oili

98 2298 395 2346 salisburgensi-s,
421 2300 494 2337 olei
518 2301 556 2336 P
