<?xml version="1.0" encoding="UTF-8"?>
<!DOCTYPE html PUBLIC "-//W3C//DTD XHTML 1.0 Transitional//EN"
    "http://www.w3.org/TR/xhtml1/DTD/xhtml1-transitional.dtd">
<html xmlns="http://www.w3.org/1999/xhtml" xml:lang="en" lang="en">
 <head>
  <title>
</title>
<meta http-equiv="Content-Type" content="text/html;charset=utf-8" />
  <meta name='ocr-system' content='tesseract 3.04.00' />
  <meta name='ocr-capabilities' content='ocr_page ocr_carea ocr_par ocr_line ocrx_word'/>
</head>
<body>
  <div class='ocr_page' id='page_1' title='image "./macrobiusfrancis00macruoft_0021.png"; bbox 0 0 1526 2444; ppageno 0'>
   <div class='ocr_carea' id='block_1_1' title="bbox 594 65 1422 108">
    <p class='ocr_par' dir='ltr' id='par_1_1' title="bbox 594 65 1422 108">
     <span class='ocr_line' id='line_1_1' title="bbox 594 65 1422 108; baseline -0.002 -7"><span class='ocrx_word' id='word_1_1' title='bbox 594 66 631 101; x_wconf 93' lang='lat'><strong>11</strong></span> <span class='ocrx_word' id='word_1_2' title='bbox 655 69 771 101; x_wconf 78' lang='lat'>9-20</span> <span class='ocrx_word' id='word_1_3' title='bbox 809 65 861 100; x_wconf 93' lang='lat'><strong>111</strong></span> <span class='ocrx_word' id='word_1_4' title='bbox 888 70 906 101; x_wconf 91' lang='lat'>1</span> <span class='ocrx_word' id='word_1_5' title='bbox 1395 67 1422 108; x_wconf 91' lang='lat'>9</span> 
     </span>
    </p>
   </div>
   <div class='ocr_carea' id='block_1_2' title="bbox 0 171 1497 1940">
    <p class='ocr_par' dir='ltr' id='par_1_2' title="bbox 74 171 1424 393">
     <span class='ocr_line' id='line_1_2' title="bbox 74 171 1422 229; baseline -0.001 -13"><span class='ocrx_word' id='word_1_6' title='bbox 74 177 238 229; x_wconf 89' lang='lat' dir='ltr'><strong>turum,</strong></span> <span class='ocrx_word' id='word_1_7' title='bbox 275 188 372 216; x_wconf 91' lang='lat' dir='ltr'><strong>cum</strong></span> <span class='ocrx_word' id='word_1_8' title='bbox 407 171 581 216; x_wconf 87' lang='lat' dir='ltr'><strong>Vettius</strong></span> <span class='ocrx_word' id='word_1_9' title='bbox 618 171 918 216; x_wconf 72' lang='lat' dir='ltr'><strong>Praetextatus</strong></span> <span class='ocrx_word' id='word_1_10' title='bbox 955 173 1072 216; x_wconf 89' lang='lat' dir='ltr'><strong>domi</strong></span> <span class='ocrx_word' id='word_1_11' title='bbox 1109 173 1339 216; x_wconf 90' lang='lat' dir='ltr'><strong>conuenire</strong></span> <span class='ocrx_word' id='word_1_12' title='bbox 1377 189 1422 216; x_wconf 85' lang='lat' dir='ltr'><strong>se</strong></span> 
     </span>
     <span class='ocr_line' id='line_1_3' title="bbox 75 231 1422 290; baseline 0 -15"><span class='ocrx_word' id='word_1_13' title='bbox 75 233 361 290; x_wconf 73' lang='lat' dir='ltr'>gestientibus</span> <span class='ocrx_word' id='word_1_14' title='bbox 410 231 580 286; x_wconf 89' lang='lat' dir='ltr'><strong>copiam</strong></span> <span class='ocrx_word' id='word_1_15' title='bbox 629 231 812 287; x_wconf 87' lang='lat' dir='ltr'><strong>faceret,</strong></span> <span class='ocrx_word' id='word_1_16' title='bbox 863 246 913 275; x_wconf 94' lang='lat' dir='ltr'><strong>eo</strong></span> <span class='ocrx_word' id='word_1_17' title='bbox 962 235 1176 275; x_wconf 90' lang='lat' dir='ltr'><strong>uenerunt</strong></span> <span class='ocrx_word' id='word_1_18' title='bbox 1221 233 1422 275; x_wconf 82' lang='lat' dir='ltr'><strong>Aurelius</strong></span> 
     </span>
     <span class='ocr_line' id='line_1_4' title="bbox 76 290 1423 347; baseline 0 -13"><span class='ocrx_word' id='word_1_19' title='bbox 76 291 355 347; x_wconf 82' lang='lat' dir='ltr'><strong>Symmachus</strong></span> <span class='ocrx_word' id='word_1_20' title='bbox 381 293 425 333; x_wconf 90' lang='lat' dir='ltr'><strong>et</strong></span> <span class='ocrx_word' id='word_1_21' title='bbox 451 290 636 333; x_wconf 85' lang='lat' dir='ltr'><strong>Caecina</strong></span> <span class='ocrx_word' id='word_1_22' title='bbox 657 290 852 344; x_wconf 83' lang='lat' dir='ltr'><strong>Albinus,</strong></span> <span class='ocrx_word' id='word_1_23' title='bbox 879 305 975 334; x_wconf 89' lang='lat' dir='ltr'><strong>cum</strong></span> <span class='ocrx_word' id='word_1_24' title='bbox 1002 294 1143 334; x_wconf 90' lang='lat' dir='ltr'><strong>aetate</strong></span> <span class='ocrx_word' id='word_1_25' title='bbox 1167 293 1262 334; x_wconf 92' lang='lat' dir='ltr'><strong>tum</strong></span> <span class='ocrx_word' id='word_1_26' title='bbox 1290 292 1423 334; x_wconf 90' lang='lat' dir='ltr'><strong>etiam</strong></span> 
     </span>
     <span class='ocr_line' id='line_1_5' title="bbox 75 349 1424 393; baseline -0.001 0"><span class='ocrx_word' id='word_1_27' title='bbox 75 350 268 393; x_wconf 88' lang='lat' dir='ltr'><strong>moribus</strong></span> <span class='ocrx_word' id='word_1_28' title='bbox 306 364 356 392; x_wconf 81' lang='lat' dir='ltr'><strong>ac</strong></span> <span class='ocrx_word' id='word_1_29' title='bbox 393 349 546 392; x_wconf 88' lang='lat' dir='ltr'><strong>studiis</strong></span> <span class='ocrx_word' id='word_1_30' title='bbox 583 349 697 392; x_wconf 84' lang='lat' dir='ltr'><strong>inter</strong></span> <span class='ocrx_word' id='word_1_31' title='bbox 729 364 773 391; x_wconf 92' lang='lat' dir='ltr'><strong>se</strong></span> <span class='ocrx_word' id='word_1_32' title='bbox 805 351 1160 393; x_wconf 88' lang='lat' dir='ltr'><strong>coniunctissimi.</strong></span> <span class='ocrx_word' id='word_1_33' title='bbox 1215 350 1296 393; x_wconf 92' lang='lat' dir='ltr'><strong>hos</strong></span> <span class='ocrx_word' id='word_1_34' title='bbox 1330 350 1424 393; x_wconf 84' lang='lat' dir='ltr'><strong>Ser-</strong></span> 
     </span>
    </p>

    <p class='ocr_par' dir='ltr' id='par_1_3' title="bbox 38 408 1493 701">
     <span class='ocr_line' id='line_1_6' title="bbox 38 408 1423 465; baseline 0.002 -16"><span class='ocrx_word' id='word_1_35' title='bbox 38 422 57 449; x_wconf 77' lang='lat'>5</span> <span class='ocrx_word' id='word_1_36' title='bbox 75 410 170 452; x_wconf 92' lang='lat' dir='ltr'><strong>uius</strong></span> <span class='ocrx_word' id='word_1_37' title='bbox 190 409 303 451; x_wconf 91' lang='lat' dir='ltr'><strong>inter</strong></span> <span class='ocrx_word' id='word_1_38' title='bbox 316 408 625 465; x_wconf 86' lang='lat' dir='ltr'><strong>grammaticos</strong></span> <span class='ocrx_word' id='word_1_39' title='bbox 638 408 858 452; x_wconf 89' lang='lat' dir='ltr'><strong>doctorem</strong></span> <span class='ocrx_word' id='word_1_40' title='bbox 879 423 1028 452; x_wconf 90' lang='lat' dir='ltr'><strong>recens</strong></span> <span class='ocrx_word' id='word_1_41' title='bbox 1048 409 1282 465; x_wconf 90' lang='lat' dir='ltr'><strong>professus,</strong></span> <span class='ocrx_word' id='word_1_42' title='bbox 1300 409 1423 452; x_wconf 82' lang='lat' dir='ltr'><strong>iuxta</strong></span> 
     </span>
     <span class='ocr_line' id='line_1_7' title="bbox 75 467 1422 525; baseline 0.001 -15"><span class='ocrx_word' id='word_1_43' title='bbox 75 469 270 511; x_wconf 88' lang='lat' dir='ltr'><strong>doctrina</strong></span> <span class='ocrx_word' id='word_1_44' title='bbox 300 467 512 510; x_wconf 91' lang='lat' dir='ltr'><strong>mirabilis</strong></span> <span class='ocrx_word' id='word_1_45' title='bbox 547 470 590 509; x_wconf 91' lang='lat' dir='ltr'><strong>et</strong></span> <span class='ocrx_word' id='word_1_46' title='bbox 621 468 821 510; x_wconf 90' lang='lat' dir='ltr'><strong>amabilis</strong></span> <span class='ocrx_word' id='word_1_47' title='bbox 853 469 1127 525; x_wconf 80' lang='lat' dir='ltr'><strong>uerecundia,</strong></span> <span class='ocrx_word' id='word_1_48' title='bbox 1164 471 1326 511; x_wconf 90' lang='lat' dir='ltr'><strong>terram</strong></span> <span class='ocrx_word' id='word_1_49' title='bbox 1357 469 1422 511; x_wconf 90' lang='lat' dir='ltr'><strong>in-</strong></span> 
     </span>
     <span class='ocr_line' id='line_1_8' title="bbox 74 527 1493 583; baseline 0.001 -14"><span class='ocrx_word' id='word_1_50' title='bbox 74 530 198 569; x_wconf 89' lang='lat' dir='ltr'><strong>tuens</strong></span> <span class='ocrx_word' id='word_1_51' title='bbox 237 529 280 569; x_wconf 92' lang='lat' dir='ltr'><strong>et</strong></span> <span class='ocrx_word' id='word_1_52' title='bbox 315 527 436 569; x_wconf 91' lang='lat' dir='ltr'><strong>uelut</strong></span> <span class='ocrx_word' id='word_1_53' title='bbox 472 527 628 569; x_wconf 86' lang='lat' dir='ltr'><strong>latenti</strong></span> <span class='ocrx_word' id='word_1_54' title='bbox 666 527 820 569; x_wconf 89' lang='lat' dir='ltr'><strong>similis</strong></span> <span class='ocrx_word' id='word_1_55' title='bbox 853 528 1123 582; x_wconf 89' lang='lat' dir='ltr'><strong>sequebatur.</strong></span> <span class='ocrx_word' id='word_1_56' title='bbox 1185 543 1292 583; x_wconf 92' lang='lat' dir='ltr'><strong>quos</strong></span> <span class='ocrx_word' id='word_1_57' title='bbox 1325 542 1422 570; x_wconf 87' lang='lat' dir='ltr'><strong>cum</strong></span> <span class='ocrx_word' id='word_1_58' title='bbox 1439 527 1493 569; x_wconf 88' lang='grc'><strong>16</strong></span> 
     </span>
     <span class='ocr_line' id='line_1_9' title="bbox 75 585 1422 642; baseline 0.001 -14"><span class='ocrx_word' id='word_1_59' title='bbox 75 586 312 641; x_wconf 76' lang='lat' dir='ltr'>aspexisset</span> <span class='ocrx_word' id='word_1_60' title='bbox 337 585 595 642; x_wconf 90' lang='lat' dir='ltr'><strong>obuiamque</strong></span> <span class='ocrx_word' id='word_1_61' title='bbox 620 586 904 640; x_wconf 76' lang='lat' dir='ltr'><strong>processisset</strong></span> <span class='ocrx_word' id='word_1_62' title='bbox 929 601 979 629; x_wconf 84' lang='lat' dir='ltr'><strong>ac</strong></span> <span class='ocrx_word' id='word_1_63' title='bbox 1003 586 1236 642; x_wconf 89' lang='lat' dir='ltr'><strong>perblande</strong></span> <span class='ocrx_word' id='word_1_64' title='bbox 1263 587 1422 629; x_wconf 87' lang='lat' dir='ltr'><strong>saluta-</strong></span> 
     </span>
     <span class='ocr_line' id='line_1_10' title="bbox 73 644 1423 701; baseline 0 -14"><span class='ocrx_word' id='word_1_65' title='bbox 73 645 210 687; x_wconf 88' lang='lat' dir='ltr'><strong>uisset</strong></span> <span class='ocrx_word' id='word_1_66' title='bbox 261 659 492 688; x_wconf 88' lang='lat' dir='ltr'><strong>conuersus</strong></span> <span class='ocrx_word' id='word_1_67' title='bbox 525 644 579 686; x_wconf 90' lang='lat' dir='ltr'><strong>ad</strong></span> <span class='ocrx_word' id='word_1_68' title='bbox 609 644 787 687; x_wconf 87' lang='lat' dir='ltr'><strong>Furium</strong></span> <span class='ocrx_word' id='word_1_69' title='bbox 818 645 1046 700; x_wconf 89' lang='lat' dir='ltr'><strong>Albinum,</strong></span> <span class='ocrx_word' id='word_1_70' title='bbox 1084 646 1158 701; x_wconf 90' lang='lat' dir='ltr'><strong>qui</strong></span> <span class='ocrx_word' id='word_1_71' title='bbox 1188 648 1280 687; x_wconf 90' lang='lat' dir='ltr'><strong>tum</strong></span> <span class='ocrx_word' id='word_1_72' title='bbox 1311 645 1423 688; x_wconf 83' lang='lat' dir='ltr'><strong>forte</strong></span> 
     </span>
    </p>

    <p class='ocr_par' dir='ltr' id='par_1_4' title="bbox 20 703 1493 995">
     <span class='ocr_line' id='line_1_11' title="bbox 20 703 1424 759; baseline 0 -13"><span class='ocrx_word' id='word_1_73' title='bbox 20 719 56 746; x_wconf 85' lang='lat'><strong>10</strong></span> <span class='ocrx_word' id='word_1_74' title='bbox 70 718 171 746; x_wconf 81' lang='lat' dir='ltr'><strong>cum</strong></span> <span class='ocrx_word' id='word_1_75' title='bbox 201 704 371 747; x_wconf 90' lang='lat' dir='ltr'><strong>Auieno</strong></span> <span class='ocrx_word' id='word_1_76' title='bbox 404 704 569 746; x_wconf 88' lang='lat' dir='ltr'><strong>aderat:</strong></span> <span class='ocrx_word' id='word_1_77' title='bbox 607 703 761 745; x_wconf 75' lang='lat' dir='ltr'><strong>‘uisne&#39;</strong></span> <span class='ocrx_word' id='word_1_78' title='bbox 794 704 858 746; x_wconf 85' lang='lat' dir='ltr'><strong>ait</strong></span> <span class='ocrx_word' id='word_1_79' title='bbox 889 703 964 745; x_wconf 72' lang='lat' dir='ltr'><strong>‘mi</strong></span> <span class='ocrx_word' id='word_1_80' title='bbox 994 703 1171 759; x_wconf 89' lang='lat' dir='ltr'><strong>Albine,</strong></span> <span class='ocrx_word' id='word_1_81' title='bbox 1207 719 1304 746; x_wconf 92' lang='lat' dir='ltr'><strong>cum</strong></span> <span class='ocrx_word' id='word_1_82' title='bbox 1343 704 1424 758; x_wconf 89' lang='lat' dir='ltr'><strong>his,</strong></span> 
     </span>
     <span class='ocr_line' id='line_1_12' title="bbox 75 763 1424 819; baseline 0 -14"><span class='ocrx_word' id='word_1_83' title='bbox 75 777 182 818; x_wconf 89' lang='lat' dir='ltr'><strong>quos</strong></span> <span class='ocrx_word' id='word_1_84' title='bbox 220 763 446 805; x_wconf 89' lang='lat' dir='ltr'><strong>aduenisse</strong></span> <span class='ocrx_word' id='word_1_85' title='bbox 476 765 764 818; x_wconf 89' lang='lat' dir='ltr'><strong>peroportune</strong></span> <span class='ocrx_word' id='word_1_86' title='bbox 795 763 933 817; x_wconf 86' lang='lat' dir='ltr'><strong>uides,</strong></span> <span class='ocrx_word' id='word_1_87' title='bbox 973 777 1164 819; x_wconf 89' lang='lat' dir='ltr'><strong>quosque</strong></span> <span class='ocrx_word' id='word_1_88' title='bbox 1195 763 1288 805; x_wconf 88' lang='lat' dir='ltr'><strong>iure</strong></span> <span class='ocrx_word' id='word_1_89' title='bbox 1320 764 1424 806; x_wconf 88' lang='lat' dir='ltr'><strong>ciui-</strong></span> 
     </span>
     <span class='ocr_line' id='line_1_13' title="bbox 74 821 1424 878; baseline 0.001 -15"><span class='ocrx_word' id='word_1_90' title='bbox 74 822 178 865; x_wconf 87' lang='lat' dir='ltr'><strong>tatis</strong></span> <span class='ocrx_word' id='word_1_91' title='bbox 204 825 378 865; x_wconf 85' lang='lat' dir='ltr'><strong>nostrae</strong></span> <span class='ocrx_word' id='word_1_92' title='bbox 403 821 568 863; x_wconf 88' lang='lat' dir='ltr'><strong>lumina</strong></span> <span class='ocrx_word' id='word_1_93' title='bbox 593 821 837 876; x_wconf 88' lang='lat' dir='ltr'><strong>dixerimus,</strong></span> <span class='ocrx_word' id='word_1_94' title='bbox 870 836 963 864; x_wconf 92' lang='lat' dir='ltr'><strong>eam</strong></span> <span class='ocrx_word' id='word_1_95' title='bbox 989 836 1092 877; x_wconf 90' lang='lat' dir='ltr'><strong>rem,</strong></span> <span class='ocrx_word' id='word_1_96' title='bbox 1124 822 1175 864; x_wconf 91' lang='lat' dir='ltr'><strong>de</strong></span> <span class='ocrx_word' id='word_1_97' title='bbox 1202 837 1287 878; x_wconf 88' lang='lat' dir='ltr'><strong>qua</strong></span> <span class='ocrx_word' id='word_1_98' title='bbox 1311 823 1424 864; x_wconf 90' lang='lat' dir='ltr'><strong>inter</strong></span> 
     </span>
     <span class='ocr_line' id='line_1_14' title="bbox 73 880 1424 936; baseline 0.001 -14"><span class='ocrx_word' id='word_1_99' title='bbox 73 895 152 923; x_wconf 90' lang='lat' dir='ltr'><strong>nos</strong></span> <span class='ocrx_word' id='word_1_100' title='bbox 188 881 307 923; x_wconf 89' lang='lat' dir='ltr'><strong>nasci</strong></span> <span class='ocrx_word' id='word_1_101' title='bbox 343 883 543 935; x_wconf 87' lang='lat' dir='ltr'><strong>coeperat</strong></span> <span class='ocrx_word' id='word_1_102' title='bbox 581 894 740 936; x_wconf 89' lang='lat' dir='ltr'><strong>sermo,</strong></span> <span class='ocrx_word' id='word_1_103' title='bbox 783 881 1190 923; x_wconf 56' lang='lat' dir='ltr'><strong>communicemus?</strong></span> <span class='ocrx_word' id='word_1_104' title='bbox 1260 880 1424 936; x_wconf 76' lang='lat' dir='ltr'><strong>‘quidni</strong></span> 
     </span>
     <span class='ocr_line' id='line_1_15' title="bbox 74 927 1493 995; baseline 0 -13"><span class='ocrx_word' id='word_1_105' title='bbox 74 939 259 982; x_wconf 85' lang='lat' dir='ltr'><strong>maxime</strong></span> <span class='ocrx_word' id='word_1_106' title='bbox 296 938 470 982; x_wconf 70' lang='lat' dir='ltr'><strong>uelimP&#39;</strong></span> <span class='ocrx_word' id='word_1_107' title='bbox 531 938 717 982; x_wconf 87' lang='lat' dir='ltr'><strong>Albinus</strong></span> <span class='ocrx_word' id='word_1_108' title='bbox 754 939 895 995; x_wconf 91' lang='lat' dir='ltr'><strong>inquit</strong></span> <span class='ocrx_word' id='word_1_109' title='bbox 926 939 1021 982; x_wconf 73' lang='lat' dir='ltr'><strong>‘nec</strong></span> <span class='ocrx_word' id='word_1_110' title='bbox 1059 941 1172 982; x_wconf 90' lang='lat' dir='ltr'><strong>enim</strong></span> <span class='ocrx_word' id='word_1_111' title='bbox 1208 941 1299 982; x_wconf 90' lang='lat' dir='ltr'><strong>ulla</strong></span> <span class='ocrx_word' id='word_1_112' title='bbox 1338 927 1493 983; x_wconf 80' lang='lat' dir='ltr'><strong>alia17</strong></span> 
     </span>
    </p>

    <p class='ocr_par' dir='ltr' id='par_1_5' title="bbox 22 998 1423 1055">
     <span class='ocr_line' id='line_1_16' title="bbox 22 998 1423 1055; baseline 0.001 -15"><span class='ocrx_word' id='word_1_113' title='bbox 22 1012 61 1043; x_wconf 17' lang='lat'><strong>15⁷</strong></span> <span class='ocrx_word' id='word_1_114' title='bbox 75 999 125 1040; x_wconf 92' lang='lat' dir='ltr'><strong>de</strong></span> <span class='ocrx_word' id='word_1_115' title='bbox 156 1013 202 1040; x_wconf 91' lang='lat' dir='ltr'><strong>re</strong></span> <span class='ocrx_word' id='word_1_116' title='bbox 234 1013 362 1054; x_wconf 89' lang='lat' dir='ltr'><strong>quam</strong></span> <span class='ocrx_word' id='word_1_117' title='bbox 390 998 441 1040; x_wconf 94' lang='lat' dir='ltr'><strong>de</strong></span> <span class='ocrx_word' id='word_1_118' title='bbox 467 998 605 1040; x_wconf 92' lang='lat' dir='ltr'><strong>doctis</strong></span> <span class='ocrx_word' id='word_1_119' title='bbox 632 998 956 1054; x_wconf 73' lang='lat' dir='ltr'><strong>quaestionibus</strong></span> <span class='ocrx_word' id='word_1_120' title='bbox 983 999 1172 1055; x_wconf 85' lang='lat' dir='ltr'><strong>colloqui</strong></span> <span class='ocrx_word' id='word_1_121' title='bbox 1199 1002 1273 1042; x_wconf 89' lang='lat' dir='ltr'><strong>aut</strong></span> <span class='ocrx_word' id='word_1_122' title='bbox 1297 999 1423 1042; x_wconf 85' lang='lat' dir='ltr'><strong>nobis</strong></span> 
     </span>
    </p>

    <p class='ocr_par' dir='ltr' id='par_1_6' title="bbox 0 1045 1494 1291">
     <span class='ocr_line' id='line_1_17' title="bbox 0 1045 1494 1114; baseline 0.001 -15"><span class='ocrx_word' id='word_1_123' title='bbox 0 1064 1 1070; x_wconf 77' lang='grc'>’</span> <span class='ocrx_word' id='word_1_124' title='bbox 76 1059 151 1099; x_wconf 88' lang='lat' dir='ltr'><strong>aut</strong></span> <span class='ocrx_word' id='word_1_125' title='bbox 181 1057 249 1100; x_wconf 89' lang='lat' dir='ltr'><strong>his</strong></span> <span class='ocrx_word' id='word_1_126' title='bbox 281 1060 428 1112; x_wconf 91' lang='lat' dir='ltr'><strong>potest</strong></span> <span class='ocrx_word' id='word_1_127' title='bbox 459 1072 552 1099; x_wconf 90' lang='lat' dir='ltr'><strong>esse</strong></span> <span class='ocrx_word' id='word_1_128' title='bbox 583 1057 838 1100; x_wconf 89' lang='lat' dir='ltr'><strong>iucundius.&#39;</strong></span> <span class='ocrx_word' id='word_1_129' title='bbox 901 1073 1082 1114; x_wconf 88' lang='lat' dir='ltr'><strong>cumque</strong></span> <span class='ocrx_word' id='word_1_130' title='bbox 1114 1059 1423 1113; x_wconf 88' lang='lat' dir='ltr'><strong>consedissent,</strong></span> <span class='ocrx_word' id='word_1_131' title='bbox 1440 1045 1494 1087; x_wconf 75' lang='grc'><strong>18</strong></span> 
     </span>
     <span class='ocr_line' id='line_1_18' title="bbox 74 1116 1424 1172; baseline 0.001 -14"><span class='ocrx_word' id='word_1_132' title='bbox 74 1120 165 1159; x_wconf 86' lang='lat' dir='ltr'><strong>tum</strong></span> <span class='ocrx_word' id='word_1_133' title='bbox 193 1116 378 1159; x_wconf 87' lang='lat' dir='ltr'><strong>Caecina</strong></span> <span class='ocrx_word' id='word_1_134' title='bbox 403 1116 624 1172; x_wconf 73' lang='lat' dir='ltr'><strong>‘quidnam</strong></span> <span class='ocrx_word' id='word_1_135' title='bbox 650 1117 695 1158; x_wconf 90' lang='lat' dir='ltr'><strong>id</strong></span> <span class='ocrx_word' id='word_1_136' title='bbox 721 1117 789 1172; x_wconf 87' lang='lat' dir='ltr'><strong>sit,</strong></span> <span class='ocrx_word' id='word_1_137' title='bbox 819 1118 879 1159; x_wconf 91' lang='lat' dir='ltr'><strong>mi</strong></span> <span class='ocrx_word' id='word_1_138' title='bbox 906 1117 1193 1172; x_wconf 87' lang='lat' dir='ltr'><strong>Praetextate,</strong></span> <span class='ocrx_word' id='word_1_139' title='bbox 1223 1120 1314 1160; x_wconf 86' lang='lat' dir='ltr'><strong>tam</strong></span> <span class='ocrx_word' id='word_1_140' title='bbox 1341 1119 1424 1160; x_wconf 89' lang='lat' dir='ltr'><strong>etsi</strong></span> 
     </span>
     <span class='ocr_line' id='line_1_19' title="bbox 77 1175 1424 1231; baseline 0.001 -14"><span class='ocrx_word' id='word_1_141' title='bbox 77 1175 214 1218; x_wconf 88' lang='lat' dir='ltr'><strong>adhuc</strong></span> <span class='ocrx_word' id='word_1_142' title='bbox 255 1176 419 1231; x_wconf 91' lang='lat' dir='ltr'><strong>nescio,</strong></span> <span class='ocrx_word' id='word_1_143' title='bbox 463 1175 660 1218; x_wconf 88' lang='lat' dir='ltr'><strong>dubitare</strong></span> <span class='ocrx_word' id='word_1_144' title='bbox 703 1178 849 1218; x_wconf 89' lang='lat' dir='ltr'><strong>tamen</strong></span> <span class='ocrx_word' id='word_1_145' title='bbox 884 1191 972 1219; x_wconf 93' lang='lat' dir='ltr'><strong>non</strong></span> <span class='ocrx_word' id='word_1_146' title='bbox 1009 1176 1142 1219; x_wconf 86' lang='lat' dir='ltr'><strong>debeo</strong></span> <span class='ocrx_word' id='word_1_147' title='bbox 1182 1191 1274 1219; x_wconf 88' lang='lat' dir='ltr'><strong>esse</strong></span> <span class='ocrx_word' id='word_1_148' title='bbox 1312 1177 1424 1219; x_wconf 88' lang='lat' dir='ltr'><strong>scitu</strong></span> 
     </span>
     <span class='ocr_line' id='line_1_20' title="bbox 77 1233 1423 1291; baseline 0.002 -16"><span class='ocrx_word' id='word_1_149' title='bbox 77 1233 305 1289; x_wconf 88' lang='lat' dir='ltr'><strong>optimum,</strong></span> <span class='ocrx_word' id='word_1_150' title='bbox 338 1249 435 1278; x_wconf 90' lang='lat' dir='ltr'><strong>cum</strong></span> <span class='ocrx_word' id='word_1_151' title='bbox 466 1237 510 1276; x_wconf 92' lang='lat' dir='ltr'><strong>et</strong></span> <span class='ocrx_word' id='word_1_152' title='bbox 540 1235 666 1277; x_wconf 91' lang='lat' dir='ltr'><strong>uobis</strong></span> <span class='ocrx_word' id='word_1_153' title='bbox 698 1235 751 1276; x_wconf 90' lang='lat' dir='ltr'><strong>ad</strong></span> <span class='ocrx_word' id='word_1_154' title='bbox 784 1235 1114 1291; x_wconf 91' lang='lat' dir='ltr'><strong>colloquendum</strong></span> <span class='ocrx_word' id='word_1_155' title='bbox 1145 1250 1319 1278; x_wconf 85' lang='lat' dir='ltr'><strong>causam</strong></span> <span class='ocrx_word' id='word_1_156' title='bbox 1352 1236 1423 1278; x_wconf 89' lang='lat' dir='ltr'><strong>ad-</strong></span> 
     </span>
    </p>

    <p class='ocr_par' dir='ltr' id='par_1_7' title="bbox 24 1293 1495 1573">
     <span class='ocr_line' id='line_1_21' title="bbox 24 1293 1493 1350; baseline 0 -15"><span class='ocrx_word' id='word_1_157' title='bbox 24 1308 59 1335; x_wconf 75' lang='lat' dir='ltr'><strong>so</strong></span> <span class='ocrx_word' id='word_1_158' title='bbox 76 1293 224 1338; x_wconf 88' lang='lat' dir='ltr'><strong>tulerit</strong></span> <span class='ocrx_word' id='word_1_159' title='bbox 260 1296 304 1335; x_wconf 89' lang='lat' dir='ltr'><strong>et</strong></span> <span class='ocrx_word' id='word_1_160' title='bbox 338 1307 418 1336; x_wconf 89' lang='lat' dir='ltr'><strong>nos</strong></span> <span class='ocrx_word' id='word_1_161' title='bbox 456 1294 545 1335; x_wconf 89' lang='lat' dir='ltr'><strong>eius</strong></span> <span class='ocrx_word' id='word_1_162' title='bbox 583 1308 676 1336; x_wconf 90' lang='lat' dir='ltr'><strong>esse</strong></span> <span class='ocrx_word' id='word_1_163' title='bbox 711 1297 906 1350; x_wconf 76' lang='lat' dir='ltr'><strong>expertes</strong></span> <span class='ocrx_word' id='word_1_164' title='bbox 938 1310 1026 1338; x_wconf 90' lang='lat' dir='ltr'><strong>non</strong></span> <span class='ocrx_word' id='word_1_165' title='bbox 1059 1294 1240 1337; x_wconf 65' lang='lat' dir='ltr'><strong>sinatis?</strong></span> <span class='ocrx_word' id='word_1_166' title='bbox 1303 1295 1423 1350; x_wconf 89' lang='lat' dir='ltr'><strong>atqui</strong></span> <span class='ocrx_word' id='word_1_167' title='bbox 1439 1293 1493 1335; x_wconf 86' lang='lat'><strong>19</strong></span> 
     </span>
     <span class='ocr_line' id='line_1_22' title="bbox 77 1351 1423 1410; baseline 0.002 -17"><span class='ocrx_word' id='word_1_168' title='bbox 77 1351 187 1395; x_wconf 91' lang='lat' dir='ltr'><strong>scias</strong></span> <span class='ocrx_word' id='word_1_169' title='bbox 219 1354 390 1406; x_wconf 88' lang='lat' dir='ltr'><strong>oportet</strong></span> <span class='ocrx_word' id='word_1_170' title='bbox 422 1366 519 1394; x_wconf 89' lang='lat' dir='ltr'><strong>eum</strong></span> <span class='ocrx_word' id='word_1_171' title='bbox 550 1353 663 1395; x_wconf 89' lang='lat' dir='ltr'><strong>inter</strong></span> <span class='ocrx_word' id='word_1_172' title='bbox 692 1368 773 1396; x_wconf 91' lang='lat' dir='ltr'><strong>nos</strong></span> <span class='ocrx_word' id='word_1_173' title='bbox 807 1368 1046 1396; x_wconf 89' lang='lat' dir='ltr'><strong>sermonem</strong></span> <span class='ocrx_word' id='word_1_174' title='bbox 1070 1354 1216 1409; x_wconf 88' lang='lat' dir='ltr'><strong>fuisse,</strong></span> <span class='ocrx_word' id='word_1_175' title='bbox 1246 1357 1296 1396; x_wconf 90' lang='lat' dir='ltr'><strong>ut</strong></span> <span class='ocrx_word' id='word_1_176' title='bbox 1322 1369 1423 1410; x_wconf 91' lang='lat' dir='ltr'><strong>quo-</strong></span> 
     </span>
     <span class='ocr_line' id='line_1_23' title="bbox 75 1411 1424 1467; baseline 0.002 -15"><span class='ocrx_word' id='word_1_177' title='bbox 75 1411 193 1453; x_wconf 84' lang='lat' dir='ltr'><strong>niam</strong></span> <span class='ocrx_word' id='word_1_178' title='bbox 218 1411 308 1453; x_wconf 92' lang='lat' dir='ltr'><strong>dies</strong></span> <span class='ocrx_word' id='word_1_179' title='bbox 334 1411 546 1453; x_wconf 90' lang='lat' dir='ltr'><strong>crastinus</strong></span> <span class='ocrx_word' id='word_1_180' title='bbox 571 1411 694 1454; x_wconf 85' lang='lat' dir='ltr'><strong>festis</strong></span> <span class='ocrx_word' id='word_1_181' title='bbox 716 1411 902 1454; x_wconf 87' lang='lat' dir='ltr'><strong>Saturno</strong></span> <span class='ocrx_word' id='word_1_182' title='bbox 923 1413 1077 1455; x_wconf 89' lang='lat' dir='ltr'><strong>dicatis</strong></span> <span class='ocrx_word' id='word_1_183' title='bbox 1097 1413 1270 1455; x_wconf 87' lang='lat' dir='ltr'><strong>initium</strong></span> <span class='ocrx_word' id='word_1_184' title='bbox 1290 1414 1424 1467; x_wconf 86' lang='lat' dir='ltr'><strong>dabit,</strong></span> 
     </span>
     <span class='ocr_line' id='line_1_24' title="bbox 77 1469 1425 1527; baseline 0.002 -16"><span class='ocrx_word' id='word_1_185' title='bbox 77 1469 247 1525; x_wconf 87' lang='lat' dir='ltr'><strong>quando</strong></span> <span class='ocrx_word' id='word_1_186' title='bbox 290 1469 535 1512; x_wconf 75' lang='lat' dir='ltr'><strong>Saturnalia</strong></span> <span class='ocrx_word' id='word_1_187' title='bbox 577 1471 764 1526; x_wconf 89' lang='lat' dir='ltr'><strong>incipere</strong></span> <span class='ocrx_word' id='word_1_188' title='bbox 807 1471 1018 1527; x_wconf 87' lang='lat' dir='ltr'><strong>dicamus,</strong></span> <span class='ocrx_word' id='word_1_189' title='bbox 1059 1472 1103 1513; x_wconf 86' lang='lat' dir='ltr'><strong>id</strong></span> <span class='ocrx_word' id='word_1_190' title='bbox 1146 1474 1214 1514; x_wconf 90' lang='lat' dir='ltr'><strong>est</strong></span> <span class='ocrx_word' id='word_1_191' title='bbox 1256 1472 1425 1527; x_wconf 88' lang='lat' dir='ltr'><strong>quando</strong></span> 
     </span>
     <span class='ocr_line' id='line_1_25' title="bbox 77 1528 1495 1573; baseline 0.001 -3"><span class='ocrx_word' id='word_1_192' title='bbox 77 1529 311 1571; x_wconf 86' lang='lat' dir='ltr'><strong>crastinum</strong></span> <span class='ocrx_word' id='word_1_193' title='bbox 343 1528 455 1571; x_wconf 90' lang='lat' dir='ltr'><strong>diem</strong></span> <span class='ocrx_word' id='word_1_194' title='bbox 485 1530 658 1571; x_wconf 89' lang='lat' dir='ltr'><strong>initium</strong></span> <span class='ocrx_word' id='word_1_195' title='bbox 691 1545 856 1572; x_wconf 88' lang='lat' dir='ltr'><strong>sumere</strong></span> <span class='ocrx_word' id='word_1_196' title='bbox 889 1530 1194 1573; x_wconf 79' lang='lat' dir='ltr'><strong>existimemus,</strong></span> <span class='ocrx_word' id='word_1_197' title='bbox 1243 1535 1286 1573; x_wconf 86' lang='lat' dir='ltr'><strong>et</strong></span> <span class='ocrx_word' id='word_1_198' title='bbox 1310 1532 1422 1573; x_wconf 89' lang='lat' dir='ltr'><strong>inter</strong></span> <span class='ocrx_word' id='word_1_199' title='bbox 1436 1530 1495 1571; x_wconf 80' lang='lat'><strong>20</strong></span> 
     </span>
    </p>

    <p class='ocr_par' dir='ltr' id='par_1_8' title="bbox 23 1587 1426 1882">
     <span class='ocr_line' id='line_1_26' title="bbox 23 1587 1424 1645; baseline 0.003 -17"><span class='ocrx_word' id='word_1_200' title='bbox 23 1601 57 1628; x_wconf 82' lang='lat'><strong>25</strong></span> <span class='ocrx_word' id='word_1_201' title='bbox 76 1602 154 1630; x_wconf 90' lang='lat' dir='ltr'><strong>nos</strong></span> <span class='ocrx_word' id='word_1_202' title='bbox 186 1587 359 1643; x_wconf 90' lang='lat' dir='ltr'><strong>quidem</strong></span> <span class='ocrx_word' id='word_1_203' title='bbox 389 1602 527 1643; x_wconf 86' lang='lat' dir='ltr'><strong>parua</strong></span> <span class='ocrx_word' id='word_1_204' title='bbox 558 1589 767 1643; x_wconf 86' lang='lat' dir='ltr'><strong>quaedam</strong></span> <span class='ocrx_word' id='word_1_205' title='bbox 799 1590 850 1631; x_wconf 90' lang='lat' dir='ltr'><strong>de</strong></span> <span class='ocrx_word' id='word_1_206' title='bbox 881 1589 965 1633; x_wconf 89' lang='lat' dir='ltr'><strong>hac</strong></span> <span class='ocrx_word' id='word_1_207' title='bbox 996 1589 1287 1645; x_wconf 89' lang='lat' dir='ltr'><strong>disputatione</strong></span> <span class='ocrx_word' id='word_1_208' title='bbox 1316 1591 1424 1632; x_wconf 89' lang='lat' dir='ltr'><strong>liba-</strong></span> 
     </span>
     <span class='ocr_line' id='line_1_27' title="bbox 75 1646 1424 1704; baseline 0.003 -17"><span class='ocrx_word' id='word_1_209' title='bbox 75 1646 233 1688; x_wconf 83' lang='lat' dir='ltr'><strong>uimus:</strong></span> <span class='ocrx_word' id='word_1_210' title='bbox 264 1660 415 1689; x_wconf 92' lang='lat' dir='ltr'><strong>uerum</strong></span> <span class='ocrx_word' id='word_1_211' title='bbox 446 1647 548 1703; x_wconf 88' lang='lat' dir='ltr'><strong>quia</strong></span> <span class='ocrx_word' id='word_1_212' title='bbox 578 1650 621 1689; x_wconf 83' lang='lat' dir='ltr'><strong>te</strong></span> <span class='ocrx_word' id='word_1_213' title='bbox 652 1648 858 1704; x_wconf 90' lang='lat' dir='ltr'><strong>quidquid</strong></span> <span class='ocrx_word' id='word_1_214' title='bbox 890 1649 936 1690; x_wconf 89' lang='lat' dir='ltr'><strong>in</strong></span> <span class='ocrx_word' id='word_1_215' title='bbox 961 1649 1083 1691; x_wconf 89' lang='lat' dir='ltr'><strong>libris</strong></span> <span class='ocrx_word' id='word_1_216' title='bbox 1109 1649 1220 1691; x_wconf 92' lang='lat' dir='ltr'><strong>latet</strong></span> <span class='ocrx_word' id='word_1_217' title='bbox 1243 1649 1424 1692; x_wconf 90' lang='lat' dir='ltr'><strong>inuesti-</strong></span> 
     </span>
     <span class='ocr_line' id='line_1_28' title="bbox 77 1705 1425 1764; baseline 0.002 -17"><span class='ocrx_word' id='word_1_218' title='bbox 77 1718 178 1760; x_wconf 84' lang='lat' dir='ltr'><strong>gare</strong></span> <span class='ocrx_word' id='word_1_219' title='bbox 221 1705 366 1748; x_wconf 88' lang='lat' dir='ltr'><strong>notius</strong></span> <span class='ocrx_word' id='word_1_220' title='bbox 411 1710 495 1759; x_wconf 88' lang='lat' dir='ltr'><strong>est,</strong></span> <span class='ocrx_word' id='word_1_221' title='bbox 538 1721 665 1761; x_wconf 89' lang='lat' dir='ltr'><strong>quam</strong></span> <span class='ocrx_word' id='word_1_222' title='bbox 710 1709 760 1749; x_wconf 92' lang='lat' dir='ltr'><strong>ut</strong></span> <span class='ocrx_word' id='word_1_223' title='bbox 802 1721 880 1762; x_wconf 88' lang='lat' dir='ltr'><strong>per</strong></span> <span class='ocrx_word' id='word_1_224' title='bbox 922 1708 1226 1750; x_wconf 89' lang='lat' dir='ltr'><strong>uerecundiam</strong></span> <span class='ocrx_word' id='word_1_225' title='bbox 1265 1722 1425 1764; x_wconf 87' lang='lat' dir='ltr'><strong>negare</strong></span> 
     </span>
     <span class='ocr_line' id='line_1_29' title="bbox 75 1764 1423 1822; baseline 0.002 -16"><span class='ocrx_word' id='word_1_226' title='bbox 75 1764 228 1819; x_wconf 89' lang='lat' dir='ltr'><strong>possis,</strong></span> <span class='ocrx_word' id='word_1_227' title='bbox 252 1778 407 1820; x_wconf 87' lang='lat' dir='ltr'><strong>pergas</strong></span> <span class='ocrx_word' id='word_1_228' title='bbox 432 1765 533 1807; x_wconf 95' lang='lat' dir='ltr'><strong>uolo</strong></span> <span class='ocrx_word' id='word_1_229' title='bbox 553 1766 598 1806; x_wconf 95' lang='lat' dir='ltr'><strong>in</strong></span> <span class='ocrx_word' id='word_1_230' title='bbox 618 1765 806 1808; x_wconf 90' lang='lat' dir='ltr'><strong>medium</strong></span> <span class='ocrx_word' id='word_1_231' title='bbox 826 1766 1016 1821; x_wconf 90' lang='lat' dir='ltr'><strong>proferre</strong></span> <span class='ocrx_word' id='word_1_232' title='bbox 1037 1767 1239 1822; x_wconf 89' lang='lat' dir='ltr'><strong>quicquid</strong></span> <span class='ocrx_word' id='word_1_233' title='bbox 1259 1767 1310 1809; x_wconf 91' lang='lat' dir='ltr'><strong>de</strong></span> <span class='ocrx_word' id='word_1_234' title='bbox 1329 1767 1423 1818; x_wconf 92' lang='lat' dir='ltr'><strong>hoc,</strong></span> 
     </span>
     <span class='ocr_line' id='line_1_30' title="bbox 78 1823 1426 1882; baseline 0.002 -18"><span class='ocrx_word' id='word_1_235' title='bbox 78 1823 192 1878; x_wconf 91' lang='lat' dir='ltr'><strong>quod</strong></span> <span class='ocrx_word' id='word_1_236' title='bbox 231 1823 497 1879; x_wconf 84' lang='lat' dir='ltr'><strong>quaerimus,</strong></span> <span class='ocrx_word' id='word_1_237' title='bbox 533 1823 730 1867; x_wconf 88' lang='lat' dir='ltr'><strong>edoctum</strong></span> <span class='ocrx_word' id='word_1_238' title='bbox 760 1825 844 1868; x_wconf 91' lang='lat' dir='ltr'><strong>tibi</strong></span> <span class='ocrx_word' id='word_1_239' title='bbox 875 1826 1315 1882; x_wconf 88' lang='lat' dir='ltr'><strong>comprehensumque</strong></span> <span class='ocrx_word' id='word_1_240' title='bbox 1348 1829 1426 1869; x_wconf 89' lang='lat' dir='ltr'><strong>est.</strong></span> 
     </span>
    </p>

    <p class='ocr_par' dir='ltr' id='par_1_9' title="bbox 23 1881 1497 1940">
     <span class='ocr_line' id='line_1_31' title="bbox 23 1881 1497 1940; baseline 0.005 -18"><span class='ocrx_word' id='word_1_241' title='bbox 23 1883 58 1909; x_wconf 74' lang='lat'><strong>⁸⁰</strong></span> <span class='ocrx_word' id='word_1_242' title='bbox 195 1881 307 1924; x_wconf 86' lang='lat' dir='ltr'><strong>Tum</strong></span> <span class='ocrx_word' id='word_1_243' title='bbox 343 1881 528 1926; x_wconf 88' lang='lat' dir='ltr'><strong>Caecina</strong></span> <span class='ocrx_word' id='word_1_244' title='bbox 567 1882 679 1926; x_wconf 75' lang='lat' dir='ltr'><strong>‘cum</strong></span> <span class='ocrx_word' id='word_1_245' title='bbox 723 1884 847 1927; x_wconf 88' lang='lat' dir='ltr'><strong>uobis</strong></span> <span class='ocrx_word' id='word_1_246' title='bbox 891 1886 965 1940; x_wconf 89' lang='lat' dir='ltr'><strong>qui</strong></span> <span class='ocrx_word' id='word_1_247' title='bbox 1002 1899 1069 1927; x_wconf 89' lang='lat' dir='ltr'><strong>me</strong></span> <span class='ocrx_word' id='word_1_248' title='bbox 1106 1886 1152 1927; x_wconf 88' lang='lat' dir='ltr'><strong>in</strong></span> <span class='ocrx_word' id='word_1_249' title='bbox 1188 1885 1301 1928; x_wconf 91' lang='lat' dir='ltr'><strong>hunc</strong></span> <span class='ocrx_word' id='word_1_250' title='bbox 1339 1887 1497 1930; x_wconf 88' lang='lat' dir='ltr'><strong>ser-III</strong></span> 
     </span>
    </p>
   </div>
   <div class='ocr_carea' id='block_1_3' title="bbox 76 1966 359 1971">
    <p class='ocr_par' dir='ltr' id='par_1_10' title="bbox 76 1966 359 1971">
     <span class='ocr_line' id='line_1_32' title="bbox 76 1966 359 1971; baseline 0 0"><span class='ocrx_word' id='word_1_251' title='bbox 76 1966 359 1971; x_wconf 95' lang='lat' dir='ltr'><strong> </strong></span> 
     </span>
    </p>
   </div>
   <div class='ocr_carea' id='block_1_4' title="bbox 77 2009 1430 2112">
    <p class='ocr_par' dir='ltr' id='par_1_11' title="bbox 77 2009 1430 2112">
     <span class='ocr_line' id='line_1_33' title="bbox 173 2009 1428 2057; baseline 0.003 -13"><span class='ocrx_word' id='word_1_252' title='bbox 173 2014 190 2044; x_wconf 88' lang='lat'>1</span> <span class='ocrx_word' id='word_1_253' title='bbox 218 2009 356 2045; x_wconf 82' lang='lat' dir='ltr'><strong>u&amp;cius</strong></span> <span class='ocrx_word' id='word_1_254' title='bbox 378 2010 415 2045; x_wconf 91' lang='lat' dir='ltr'><strong><em>P</em></strong></span> <span class='ocrx_word' id='word_1_255' title='bbox 491 2021 688 2047; x_wconf 86' lang='lat' dir='ltr'><strong>conuemre</strong></span> <span class='ocrx_word' id='word_1_256' title='bbox 706 2011 984 2057; x_wconf 52' lang='lat' dir='ltr'><strong>*ssgestlentibz</strong></span> <span class='ocrx_word' id='word_1_257' title='bbox 1012 2012 1050 2046; x_wconf 91' lang='lat' dir='ltr'><strong><em>P</em></strong></span> <span class='ocrx_word' id='word_1_258' title='bbox 1130 2017 1151 2047; x_wconf 90' lang='lat'><strong>3</strong></span> <span class='ocrx_word' id='word_1_259' title='bbox 1177 2011 1373 2048; x_wconf 78' lang='lat' dir='ltr'><strong>simachus</strong></span> <span class='ocrx_word' id='word_1_260' title='bbox 1391 2014 1428 2048; x_wconf 90' lang='lat' dir='ltr'><em>P</em></span> 
     </span>
     <span class='ocr_line' id='line_1_34' title="bbox 77 2056 1430 2112; baseline 0.002 -20"><span class='ocrx_word' id='word_1_261' title='bbox 77 2056 290 2112; x_wconf 61' lang='grc' dir='ltr'><strong>οὖᾷὃῒῇὣιεῖ.</strong></span> <span class='ocrx_word' id='word_1_262' title='bbox 327 2057 365 2091; x_wconf 88' lang='grc' dir='ltr'><strong><em>Ρ</em></strong></span> <span class='ocrx_word' id='word_1_263' title='bbox 462 2062 482 2093; x_wconf 87' lang='grc'><strong>6</strong></span> <span class='ocrx_word' id='word_1_264' title='bbox 515 2059 686 2093; x_wconf 85' lang='lat' dir='ltr'><strong>doct-rma</strong></span> <span class='ocrx_word' id='word_1_265' title='bbox 724 2058 1057 2106; x_wconf 74' lang='lat' dir='ltr'><strong>Cantabriyiensis:</strong></span> <span class='ocrx_word' id='word_1_266' title='bbox 1095 2060 1304 2095; x_wconf 82' lang='lat' dir='ltr'><strong>doctrinam</strong></span> <span class='ocrx_word' id='word_1_267' title='bbox 1347 2060 1430 2095; x_wconf 91' lang='lat' dir='ltr'><strong>BP</strong></span> 
     </span>
    </p>
   </div>
   <div class='ocr_carea' id='block_1_5' title="bbox 76 2116 1425 2349">
    <p class='ocr_par' dir='ltr' id='par_1_12' title="bbox 76 2116 1425 2349">
     <span class='ocr_line' id='line_1_35' title="bbox 76 2116 1423 2164; baseline 0.001 -13"><span class='ocrx_word' id='word_1_268' title='bbox 76 2120 96 2151; x_wconf 88' lang='grc'>9</span> <span class='ocrx_word' id='word_1_269' title='bbox 127 2116 240 2151; x_wconf 75' lang='lat' dir='ltr'><strong>rufim</strong></span> <span class='ocrx_word' id='word_1_270' title='bbox 266 2116 347 2151; x_wconf 89' lang='lat' dir='ltr'><strong>BP</strong></span> <span class='ocrx_word' id='word_1_271' title='bbox 374 2118 513 2159; x_wconf 77' lang='lat' dir='ltr'><strong>(uerum</strong></span> <span class='ocrx_word' id='word_1_272' title='bbox 536 2127 668 2152; x_wconf 72' lang='lat' dir='ltr'><strong>‘nomen</strong></span> <span class='ocrx_word' id='word_1_273' title='bbox 692 2118 785 2153; x_wconf 76' lang='lat' dir='ltr'><strong>alibi</strong></span> <span class='ocrx_word' id='word_1_274' title='bbox 813 2119 856 2153; x_wconf 75' lang='lat' dir='ltr'><strong>in</strong></span> <span class='ocrx_word' id='word_1_275' title='bbox 879 2119 985 2154; x_wconf 79' lang='lat' dir='ltr'><strong>libris</strong></span> <span class='ocrx_word' id='word_1_276' title='bbox 1009 2122 1078 2154; x_wconf 81' lang='lat' dir='ltr'><strong>est:</strong></span> <span class='ocrx_word' id='word_1_277' title='bbox 1106 2119 1152 2162; x_wconf 81' lang='lat' dir='ltr'><strong>ef.</strong></span> <span class='ocrx_word' id='word_1_278' title='bbox 1178 2119 1305 2164; x_wconf 62' lang='lat' dir='ltr'><strong>indere)</strong></span> <span class='ocrx_word' id='word_1_279' title='bbox 1381 2122 1423 2153; x_wconf 82' lang='lat'><strong>12</strong></span> 
     </span>
     <span class='ocr_line' id='line_1_36' title="bbox 76 2150 1425 2212; baseline 0.001 -14"><span class='ocrx_word' id='word_1_280' title='bbox 76 2150 232 2199; x_wconf 62' lang='lat' dir='ltr'><strong>dlxenffi</strong></span> <span class='ocrx_word' id='word_1_281' title='bbox 259 2163 296 2197; x_wconf 89' lang='lat' dir='ltr'><strong><em>P</em></strong></span> <span class='ocrx_word' id='word_1_282' title='bbox 367 2167 411 2198; x_wconf 87' lang='lat'><strong>13</strong></span> <span class='ocrx_word' id='word_1_283' title='bbox 435 2163 505 2198; x_wconf 91' lang='lat' dir='ltr'><strong>nos</strong></span> <span class='ocrx_word' id='word_1_284' title='bbox 523 2165 566 2198; x_wconf 77' lang='lat' dir='ltr'><strong>in</strong></span> <span class='ocrx_word' id='word_1_285' title='bbox 583 2174 655 2199; x_wconf 81' lang='lat' dir='ltr'><strong>ras.</strong></span> <span class='ocrx_word' id='word_1_286' title='bbox 676 2165 719 2199; x_wconf 76' lang='lat' dir='ltr'><strong>in</strong></span> <span class='ocrx_word' id='word_1_287' title='bbox 740 2165 776 2199; x_wconf 93' lang='lat' dir='ltr'><strong><em>P</em></strong></span> <span class='ocrx_word' id='word_1_288' title='bbox 847 2176 865 2200; x_wconf 90' lang='lat' dir='ltr'><strong>c</strong></span> <span class='ocrx_word' id='word_1_289' title='bbox 891 2167 999 2210; x_wconf 82' lang='lat' dir='ltr'><strong>perat</strong></span> <span class='ocrx_word' id='word_1_290' title='bbox 1020 2166 1058 2200; x_wconf 92' lang='lat' dir='ltr'><strong><em>P</em></strong></span> <span class='ocrx_word' id='word_1_291' title='bbox 1130 2169 1172 2201; x_wconf 90' lang='lat'><strong>15</strong></span> <span class='ocrx_word' id='word_1_292' title='bbox 1193 2167 1371 2212; x_wconf 61' lang='lat' dir='ltr'><strong>colloquii</strong></span> <span class='ocrx_word' id='word_1_293' title='bbox 1389 2167 1425 2200; x_wconf 88' lang='lat' dir='ltr'><em>B</em></span> 
     </span>
     <span class='ocr_line' id='line_1_37' title="bbox 77 2177 1423 2263; baseline 0.001 -18"><span class='ocrx_word' id='word_1_294' title='bbox 77 2210 143 2263; x_wconf 68' lang='lat' dir='ltr'><strong>aut</strong></span> <span class='ocrx_word' id='word_1_295' title='bbox 171 2208 234 2246; x_wconf 75' lang='lat' dir='ltr'><strong>his</strong></span> <span class='ocrx_word' id='word_1_296' title='bbox 258 2211 323 2245; x_wconf 83' lang='lat' dir='ltr'><strong>aut</strong></span> <span class='ocrx_word' id='word_1_297' title='bbox 345 2210 454 2245; x_wconf 79' lang='lat' dir='ltr'><strong>nobis</strong></span> <span class='ocrx_word' id='word_1_298' title='bbox 473 2210 510 2244; x_wconf 92' lang='lat' dir='ltr'><strong><em>P</em></strong></span> <span class='ocrx_word' id='word_1_299' title='bbox 587 2215 629 2245; x_wconf 87' lang='grc'><strong>19</strong></span> <span class='ocrx_word' id='word_1_300' title='bbox 656 2212 827 2247; x_wconf 83' lang='lat' dir='ltr'><strong>attulent</strong></span> <span class='ocrx_word' id='word_1_301' title='bbox 851 2177 916 2258; x_wconf 44' lang='grc' dir='ltr'><strong>(ᾗ)</strong></span> <span class='ocrx_word' id='word_1_302' title='bbox 994 2217 1038 2249; x_wconf 91' lang='grc'><strong>21</strong></span> <span class='ocrx_word' id='word_1_303' title='bbox 1065 2224 1181 2258; x_wconf 79' lang='lat' dir='ltr'><strong>supra</strong></span> <span class='ocrx_word' id='word_1_304' title='bbox 1205 2213 1313 2248; x_wconf 74' lang='lat' dir='ltr'><strong>fuisse</strong></span> <span class='ocrx_word' id='word_1_305' title='bbox 1339 2214 1423 2249; x_wconf 83' lang='lat' dir='ltr'><strong>add.</strong></span> 
     </span>
     <span class='ocr_line' id='line_1_38' title="bbox 77 2255 1424 2304; baseline 0.002 -12"><span class='ocrx_word' id='word_1_306' title='bbox 77 2256 151 2303; x_wconf 81' lang='lat' dir='ltr'><strong>Pgt</strong></span> <span class='ocrx_word' id='word_1_307' title='bbox 173 2255 332 2303; x_wconf 54' lang='lat' dir='ltr'><strong>§textae</strong></span> <span class='ocrx_word' id='word_1_308' title='bbox 365 2257 416 2293; x_wconf 77' lang='lat'><strong>12²</strong></span> <span class='ocrx_word' id='word_1_309' title='bbox 487 2268 566 2302; x_wconf 78' lang='lat' dir='ltr'><strong>sup.</strong></span> <span class='ocrx_word' id='word_1_310' title='bbox 597 2258 658 2302; x_wconf 75' lang='lat' dir='ltr'><strong>qfn</strong></span> <span class='ocrx_word' id='word_1_311' title='bbox 671 2259 757 2294; x_wconf 84' lang='lat' dir='ltr'><strong>add.</strong></span> <span class='ocrx_word' id='word_1_312' title='bbox 788 2260 858 2304; x_wconf 68' lang='lat' dir='ltr'><strong>lqd</strong></span> <span class='ocrx_word' id='word_1_313' title='bbox 883 2261 903 2295; x_wconf 85' lang='lat' dir='ltr'><strong>b</strong></span> <span class='ocrx_word' id='word_1_314' title='bbox 977 2264 1021 2295; x_wconf 89' lang='grc'><strong>22</strong></span> <span class='ocrx_word' id='word_1_315' title='bbox 1055 2260 1235 2296; x_wconf 82' lang='lat' dir='ltr'><strong>castinum</strong></span> <span class='ocrx_word' id='word_1_316' title='bbox 1262 2259 1305 2295; x_wconf 87' lang='lat' dir='ltr'><strong>P&#39;</strong></span> <span class='ocrx_word' id='word_1_317' title='bbox 1379 2264 1424 2295; x_wconf 84' lang='grc'><strong>29</strong></span> 
     </span>
     <span class='ocr_line' id='line_1_39' title="bbox 78 2303 535 2349; baseline 0.002 -11"><span class='ocrx_word' id='word_1_318' title='bbox 78 2303 475 2349; x_wconf 85' lang='lat' dir='ltr'><strong>compraehensumque</strong></span> <span class='ocrx_word' id='word_1_319' title='bbox 498 2305 535 2339; x_wconf 92' lang='lat' dir='ltr'><em>B</em></span> 
     </span>
    </p>
   </div>
  </div>
 </body>
</html>
