1526 2444
628 66 715 102 XVI
739 69 856 102 5—14
1331 65 1415 108 471

2 221 6 231 ,
70 175 294 218 matricem
341 177 440 217 ante
483 175 708 218 mulierem
750 174 933 230 factum,
971 176 1013 216 et
1050 174 1123 230 qui
1159 173 1419 230 interrogat:

72 248 198 290 quem
230 234 283 276 ad
309 233 484 276 modum
515 234 680 290 gallina
712 235 802 276 sine
829 248 912 276 ouo
939 248 1032 276 esse
1057 233 1229 289 potuit?
1261 233 1419 275 similis

72 296 138 335 est
185 293 489 349 interroganti,
533 307 721 349 quonam
764 296 891 349 pacto
936 293 1133 336 homines
1176 292 1281 336 facti
1333 293 1420 334 sint

0 376 14 406 φ,-
73 354 172 394 ante
203 351 416 407 pudenda,
454 352 505 395 de
536 352 691 408 quibus
723 352 920 394 homines
953 354 1247 408 procreantur.
1307 351 1420 394 unde

0 415 53 453 ¹15
74 411 182 453 sicut
224 425 351 454 nemo
395 414 510 454 recte
548 411 678 467 dicet,
726 411 946 454 hominem
991 411 1166 454 seminis
1210 425 1302 453 esse
1347 410 1422 453 sed

0 477 11 481 ’“
73 484 219 512 semen
256 470 462 526 hominis,
498 471 561 513 ita
597 485 676 512 nec
715 471 786 512 oui
817 470 1026 527 gallinam
1059 470 1133 513 sed
1166 485 1295 513 ouum
1328 484 1421 512 esse

74 528 270 583 gallinae.
332 529 484 572 deinde
517 530 553 572 si
585 530 887 585 concedamus,
919 532 968 571 ut
1000 530 1053 572 ab
1086 529 1266 572 aduersa
1296 531 1420 584 parte
1436 529 1488 571 11

74 587 236 629 dictum
268 590 347 642 est,
377 589 496 644 haec,
528 603 636 644 quae
669 591 770 631 sunt
795 603 845 630 ex
870 591 1076 644 tempore,
1109 587 1282 644 aliquod
1308 603 1420 630 sum-

73 646 212 701 psisse
255 647 534 704 principium,
575 650 731 690 natura
773 648 960 702 primum
1002 648 1176 703 singula
1214 648 1422 689 animalia

21 721 56 747 ιο
73 705 263 760 perfecta
296 706 521 761 formauit,
559 707 712 748 deinde
741 709 996 762 perpetuam
1029 707 1168 762 legem
1200 706 1336 761 dedit,
1372 710 1423 748 ut

74 765 393 807 continuaretur
430 765 727 820 procreatione
766 765 989 807 successio.
1050 766 1242 820 perfecta
1275 765 1493 807 autem12

74 824 119 865 in
157 823 328 866 exordio
366 824 459 865 fieri
495 825 708 878 potuisse,
745 824 995 866 testimonio
1035 826 1139 866 sunt
1174 839 1288 866 nunc
1321 839 1421 879 quo-

75 897 155 937 que
197 896 284 924 non
326 897 464 938 pauca
508 883 760 937 animantia,
804 898 913 938 quae
957 884 1008 925 de
1051 886 1168 926 terra
1206 886 1249 925 et
1286 883 1422 925 imbre

74 940 262 996 perfecta
292 945 544 997 nascuntur,
579 946 627 984 ut
657 943 702 984 in
731 941 934 998 Aegypto
967 957 1130 998 mures,
1168 944 1217 984 ut
1249 942 1345 984 aliis
1377 943 1423 984 in

15 1014 56 1057 1²¹⁵
77 1000 181 1042 locis
217 1014 348 1042 ranae
386 1003 690 1057 serpentesque
723 1004 766 1043 et
797 1002 967 1044 similia.
1031 1017 1114 1044 oua
1151 1004 1296 1044 autem
1335 1015 1423 1043 non

77 1073 311 1114 numquam
343 1058 396 1102 de
426 1063 543 1102 terra
574 1062 673 1102 sunt
703 1063 942 1115 procreata,
975 1061 1078 1116 quia
1109 1061 1153 1102 in
1184 1061 1272 1103 illis
1304 1061 1424 1103 nulla

16 1124 19 1126 '
75 1117 283 1173 perfectio
316 1121 395 1172 est,
428 1122 585 1161 natura
615 1134 716 1162 uero
749 1119 940 1174 perfecta
970 1119 1141 1174 format,
1174 1123 1217 1162 et
1247 1120 1298 1162 de
1329 1133 1423 1175 per-

12 1173 17 1179 ’
75 1176 200 1219 fectis
237 1177 323 1219 ista
360 1178 615 1233 procedunt,
650 1181 700 1220 ut
736 1178 786 1220 de
820 1179 1071 1234 integritate
1102 1181 1262 1234 partes.
1321 1194 1423 1221 nam
1441 1179 1494 1220 13

77 1238 125 1277 ut
163 1236 415 1291 concedam,
458 1251 542 1279 oua
584 1238 729 1279 auium
767 1251 860 1280 esse
898 1238 1145 1294 seminaria,
1188 1238 1424 1294 uideamus,

22 1307 60 1335 κο
79 1294 181 1349 quid
213 1295 264 1337 de
297 1296 455 1337 semine
488 1297 584 1351 ipso
616 1296 975 1351 philosophorum
1008 1297 1200 1340 definitio
1227 1299 1424 1352 testatur,

79 1367 188 1408 quae
218 1354 281 1396 ita
314 1356 471 1397 sancit:
505 1369 650 1397 semen
681 1358 747 1397 est
779 1357 999 1410 generatio
1032 1356 1085 1398 ad
1117 1357 1224 1411 eius,
1256 1371 1307 1398 ex
1339 1370 1423 1411 quo

79 1414 162 1467 est,
211 1413 539 1455 similitudinem
589 1428 791 1470 pergens;
846 1429 935 1456 non
982 1418 1128 1470 potest
1177 1418 1321 1457 autem
1371 1415 1425 1457 ad

0 1480 14 1515 ζ
79 1471 404 1514 similitudinem
441 1473 564 1528 pergi
600 1474 682 1528 rei,
719 1488 827 1528 quae
865 1473 1044 1516 necdum
1083 1476 1167 1528 est,
1205 1474 1317 1516 sicut
1347 1488 1425 1516 nec

80 1544 225 1573 semen
252 1545 302 1573 ex
328 1545 390 1583 eo,
423 1532 536 1587 quod
563 1532 701 1574 adhuc
725 1547 813 1575 non
839 1533 1052 1587 subsistit,
1085 1535 1270 1575 emanat.
1320 1546 1423 1588 ergo
1443 1533 1497 1575 14

0 1599 62 1629 3’5
80 1589 126 1631 in
151 1589 290 1645 primo
316 1604 458 1633 rerum
485 1594 583 1633 ortu
601 1591 918 1647 intellegamus,
946 1607 1043 1634 cum
1062 1592 1214 1635 ceteris
1235 1593 1424 1635 animan·

81 1647 217 1703 tibus,
260 1664 369 1704 quae
414 1650 506 1692 solo
552 1650 714 1693 semine
759 1654 1012 1706 nascuntur,
1056 1652 1107 1694 de
1146 1652 1300 1707 quibus
1337 1666 1427 1694 non

6 1754 11 1759 ⁴
82 1707 328 1763 ambigitur,
359 1709 464 1763 quin
495 1710 614 1765 prius
645 1709 806 1752 fuerint
831 1725 959 1765 quam
986 1725 1130 1753 semen
1156 1726 1292 1765 suum,
1324 1725 1426 1753 aues

0 1761 26 1818 f*
82 1780 249 1821 quoque
287 1767 440 1822 opifice
473 1771 628 1810 natura
659 1769 854 1811 extitisse
885 1769 1116 1826 perfectas,
1152 1773 1196 1812 et
1227 1770 1328 1825 quia
1358 1770 1425 1812 uis

81 1826 315 1881 generandi
353 1826 516 1869 inserta
554 1828 612 1869 sit
649 1828 850 1884 singulis,
889 1828 942 1870 ab
978 1829 1046 1871 his
1078 1829 1164 1872 iam
1196 1829 1425 1884 procedere

0 1878 64 1950 {5⁴2⁰
80 1884 282 1926 nascendi
331 1885 503 1940 modos,
554 1900 659 1941 quos
709 1901 787 1941 pro
838 1887 1088 1930 diuersitate
1139 1888 1422 1930 animantium

78 1945 234 1985 natura
276 1943 476 1987 uariauit.
547 1945 700 1999 habes,
747 1946 992 2002 Euangele‚
1041 1948 1269 2015 utrobique
1313 1947 1426 2003 quod

77 2003 242 2054 teneas,
286 2005 330 2044 et
367 2003 638 2046 dissimulata
677 2005 898 2080 paulisper
935 2006 1141 2050 inrisione
1178 2011 1318 2049 tecum
1358 2006 1425 2048 de-

77 2060 224 2115 libera,
257 2061 359 2117 quid
391 2061 609 2118 sequaris?

173 2215 194 2247 8
219 2212 344 2257 ahquo
373 2213 410 2248 P
487 2217 531 2250 10
554 2214 682 2260 pfacta
706 2213 754 2250 P'
838 2219 882 2251 14
908 2218 1036 2264 egipto
1064 2217 1101 2251 P
1174 2221 1217 2253 15
1242 2229 1316 2252 non
1342 2222 1426 2253 ante

77 2269 279 2303 numquam
303 2270 370 2296 om.
396 2261 507 2306 uulyo
599 2265 644 2298 20
668 2262 748 2307 1psa
770 2263 808 2298 P
897 2266 940 2298 21
969 2263 1105 2299 sanccit
1129 2263 1167 2298 P
1248 2270 1293 2300 23
1320 2265 1425 2310 pergi

77 2306 148 2352 rei]
172 2317 286 2352 pgere
314 2307 350 2342 P
421 2310 465 2342 31
493 2307 583 2353 quid
611 2309 648 2343 P
