1526 2444
151 70 236 112 378
653 70 751 107 SAT.
778 71 904 106 LIBRI
927 72 979 107 VI

150 177 461 218 umbraculis
510 177 897 231 persequamur?
970 178 1165 220 similiter
1214 179 1259 219 in
1307 178 1467 221 BRVTO

150 234 398 333 {ii-{effigi}
426 234 767 289 Theophrasti
797 235 1084 277 doctissimi
1114 236 1334 277 hominis
1366 251 1468 278 um-

107 385 133 426 9
206 383 521 425 Transmittunt
551 398 676 426 cursu
707 398 877 439 campos
910 387 1036 440 atque
1067 386 1238 441 agmina
1268 387 1381 427 cerui

204 442 501 496 puluerulenta
531 441 633 497 fuga
664 443 910 497 glomerant.
1503 459 1520 486 5

150 522 260 576 qnod
291 523 352 564 ait
383 522 571 577 speciose
601 522 961 565 transmittunt
984 537 1061 577 pro
1086 525 1372 580 transeunt,
1404 525 1464 567 sic

148 583 190 621 et
218 579 440 622 Lucretius
471 581 515 622 in
547 581 727 622 secundo

206 663 247 703 et
277 661 618 703 circumuolitant
648 662 807 715 equites
839 661 1083 717 mediosque
1113 665 1285 717 repente

203 719 502 760 transmittunt
530 719 674 761 ualido
706 720 941 774 quatientes
972 719 1128 774 impete
1159 734 1343 774 campos.

148 799 218 841 sed
244 802 286 841 et
305 799 606 842 Paestanum
630 803 667 841 et
685 799 1027 841 Vibonensem
1048 798 1216 843 CICERO
1244 803 1305 842 ait
1329 801 1465 855 pedi·
1486 818 1520 845 ιο

147 857 239 899 bus
271 858 442 911 aequis
473 857 852 899 transmisimus
885 857 997 912 quod
1028 860 1093 899 est
1122 859 1466 901 transiuimus.

78 950 133 992 10
425 955 560 1004 Quam
591 957 684 997 tota
713 955 863 998 cohors
894 956 1062 997 imitata
1091 957 1250 998 relictis

204 1013 257 1055 ad
286 1016 445 1055 terram
476 1013 649 1054 defluxit
681 1013 812 1067 equis.

146 1094 206 1136 sic
236 1093 390 1136 Furius
420 1094 466 1135 in
495 1094 632 1149 primo

201 1175 273 1216 ille
305 1175 425 1230 graui
457 1174 597 1216 subito
629 1174 849 1216 deuinctus
879 1175 1051 1216 uulnere
1082 1175 1270 1217 habenas
1485 1181 1526 1235 15}

202 1233 319 1275 misit
354 1233 450 1287 equi
486 1233 712 1286 lapsusque
749 1232 794 1273 in
831 1232 1006 1274 humum
1044 1232 1217 1275 defluxit
1253 1236 1296 1275 et
1333 1234 1461 1276 armis

203 1290 384 1332 reddidit
414 1291 568 1332 aeratis
600 1290 796 1332 sonitum.

1518 1287 1526 1336 ³

78 1397 128 1438 11
202 1388 491 1488 Tum-'zdurare
523 1389 661 1431 solum
693 1390 735 1430 et
765 1388 995 1430 discludere
1026 1387 1166 1430 Nerea
1195 1391 1325 1443 ponto
1516 1362 1526 1468 Ξ

202 1460 320 1501 coep1
342 1480 350 1488 .
1515 1468 1526 1514 ς]

145 1528 243 1570 ferit
268 1541 389 1570 aures
414 1530 583 1569 nostras
607 1527 688 1569 hoc
712 1527 890 1569 uerbum
916 1526 1195 1570 discludere
1221 1531 1269 1570 ut
1291 1543 1462 1583 nouum,

145 1586 217 1628 sed
247 1586 364 1640 prior
394 1585 615 1627 Lucretius
646 1585 691 1626 in
722 1585 867 1639 quinto

203 1667 406 1722 diffugere
436 1666 532 1708 inde
563 1666 645 1708 loci
675 1668 817 1721 partes
849 1679 1022 1720 coepere
1053 1680 1256 1720 paresque

203 1739 298 1767 cum
329 1724 503 1780 paribus
534 1724 654 1779 iungi
683 1737 748 1765 res
781 1725 823 1765 et
854 1723 1084 1765 discludere
1117 1724 1332 1767 mundum.

240 1888 258 1919 1
285 1884 384 1919 Brut.
411 1888 444 1926 9,
470 1887 513 1918 37
592 1887 614 1918 4
639 1885 727 1919 Aen.
752 1882 820 1917 1111
848 1886 913 1917 154
991 1886 1011 1917 8
1035 1883 1070 1917 Π
1095 1886 1161 1918 329
1236 1887 1277 1919 12
1303 1884 1392 1920 Aen.
1419 1884 1470 1920 XI
1508 1874 1509 1877 ’

147 1934 214 1966 500
287 1933 329 1964 18
356 1929 471 1974 eclog.
499 1929 548 1963 VI
573 1932 616 1964 35
689 1934 731 1964 22
758 1929 792 1964 V
816 1932 884 1964 437
1511 1951 1514 1953 -

241 2086 258 2116 1
284 2080 462 2129 &requam
476 2081 513 2115 P
580 2083 600 2114 2
621 2079 821 2124 theoprasti
838 2080 874 2115 P
943 2083 963 2114 9
983 2079 1215 2114 tansmittunt
1232 2080 1269 2115 P
1329 2081 1467 2125 impete
1498 2115 1499 2118 ,

145 2129 187 2162 in
211 2138 283 2164 ras.
307 2128 349 2162 in
373 2127 409 2161 P
496 2130 538 2162 10
563 2126 781 2161 Paestanum
806 2127 844 2161 et
861 2125 1110 2161 Vibonensem
1136 2125 1261 2161 Cicero
1287 2126 1342 2161 ait
1365 2126 1468 2171 pedi·

144 2174 213 2209 bus
243 2173 369 2218 aequis
400 2173 541 2218 <aequis
572 2172 772 2208 Salmasius
802 2183 911 2208 exere.
943 2172 1043 2208 Ptin.
1071 2183 1110 2218 p.
1137 2174 1223 2217 567)
1255 2172 1460 2208 Pantanus:

145 2216 275 2265 pestar'i
305 2219 526 2265 mbonenlsls
551 2230 602 2254 sic
633 2220 688 2254 ait
711 2218 869 2264 ped1bur
889 2218 1005 2266 equos
1024 2219 1061 2254 P
1176 2222 1219 2254 15
1244 2218 1412 2254 deuictus
1433 2219 1471 2254 P
1489 2220 1494 2262 j
1525 2253 1526 2256 ,

147 2270 189 2302 16
214 2266 380 2312 humum]
407 2270 482 2301 unu
506 2266 543 2301 P
