1526 2444
154 45 240 86 418
644 45 743 81 SAT.
769 45 896 82 LIBRI
920 47 989 82 VII

156 153 239 205 est,
281 153 329 193 ut
365 151 562 193 discenda
598 151 830 206 praecipiat
866 176 921 182 —
960 167 1055 195 cum
1091 154 1255 206 uideas,
1291 152 1475 207 inquam,

157 223 310 263 anceps
348 222 438 250 esse
470 223 592 250 omne
624 211 901 251 scommatum
932 224 1082 266 genus,
1120 212 1275 253 suadeo
1305 210 1350 251 in
1381 224 1475 252 con-

156 267 296 320 uiuiis,
326 266 371 306 in
396 266 548 320 quibus
573 267 760 308 laetitiae
785 267 1010 310 insidiatur
1034 269 1109 323 ira,
1134 269 1185 311 ab
1211 268 1336 310 huius
1362 267 1476 309 modi

156 323 279 365 dictis
322 323 505 365 facessas
549 326 591 365 et
632 325 767 378 magis
811 326 1078 378 quaestiones
1123 326 1364 368 conuiuales
1407 326 1475 367 uel

88 382 144 425 24
155 395 369 436 proponas
418 381 486 423 uel
533 381 625 435 ipse
674 382 893 423 dissoluas.
967 384 1079 438 quod
1128 398 1260 439 genus
1310 384 1474 424 ueteres
1511 396 1526 424 5

155 440 217 481 ita
247 439 455 480 ludicrum
485 453 572 480 non
601 441 822 493 putarunt,
858 442 906 480 ut
935 443 978 481 et
1008 441 1259 483 Aristoteles
1292 441 1341 481 de
1371 440 1475 494 ipsis

157 498 299 551 aliqua
330 497 627 550 conscripserit
658 499 700 537 et
730 496 983 540 Plutarchus
1016 501 1058 539 et
1088 501 1229 540 uester
1258 497 1476 552 Apuleius,

155 569 233 596 nec
253 554 606 653 cossn'temnendum
626 554 693 609 sit,
714 554 823 609 quod
843 556 910 596 tot
927 555 1319 610 philosophantium
1332 569 1475 597 curam

156 627 291 654 merui
312 644 321 653 .

87 692 178 735 IIII
271 691 329 734 Et
370 692 666 733 Praetextatus
717 691 812 734 ‘hoc
863 694 1158 747 quaestionum
1201 707 1333 748 genus
1380 707 1474 734 cum
1494 707 1526 734 10

157 750 332 792 senilem
381 750 527 792 deceat
575 751 772 803 aetatem,
824 764 897 791 cur
939 750 1020 792 soli
1061 751 1206 792 iuueni
1249 750 1474 792 suadetur?

157 808 260 863 quin
291 807 414 862 agite,
446 821 590 849 omnes
620 807 691 861 qui
717 807 874 848 adestis
900 808 981 860 hic,
1012 811 1112 860 apta
1137 808 1331 850 conuiuio
1356 808 1475 849 fabu-

156 867 311 919 lemur,
345 879 422 906 nec
458 865 507 905 de
540 865 682 906 cibatu
713 867 880 906 tantum
913 865 984 906 sed
1017 868 1059 907 et
1090 866 1210 920 siqua
1241 866 1290 906 de
1322 867 1475 907 natura

158 937 381 976 corporum
412 922 480 963 uel
512 922 612 975 alia,
650 925 872 975 praesente
902 923 1083 964 maxime
1114 922 1283 965 Disario
1315 925 1474 976 nostro,

158 981 275 1023 cuius
305 980 531 1034 plurimum
565 980 617 1021 ad
643 979 722 1021 1106
748 994 879 1034 genus
905 981 1198 1034 quaestionum
1224 981 1381 1034 poterit
1406 995 1472 1022 ars
1494 993 1526 1020 1⁵

159 1041 202 1080 et
233 1038 425 1081 doctrina
456 1037 661 1091 conferre,
695 1038 1016 1092 sortiamurque,
1048 1038 1084 1079 si
1115 1039 1293 1090 uidetur,
1324 1041 1371 1079 ut
1400 1053 1475 1092 per

158 1096 348 1138 ordinem
395 1109 504 1136 unus
554 1095 729 1149 quisque
778 1098 1006 1149 proponat,
1055 1110 1180 1150 quam
1229 1095 1473 1137 soluendam

158 1154 357 1195 aestimat
388 1151 706 1207 quaestionem.⁹

119 1214 146 1255 2
281 1210 364 1252 Hic
401 1210 568 1251 adsensi
605 1223 752 1251 omnes
783 1209 1055 1251 Praetextato
1088 1211 1375 1265 anteloquium
1406 1210 1473 1252 de·
1522 1253 1526 1255 ,

157 1270 347 1311 tulerunt
378 1270 546 1310 orantes
578 1270 636 1320 ut,
667 1281 760 1309 cum
785 1267 875 1321 ipse
902 1267 1120 1322 coepisset,
1152 1268 1302 1310 ceteris
1329 1282 1378 1309 ex
1402 1268 1474 1310 filo
1493 1269 1526 1308 za

159 1326 484 1369 consultationis
522 1325 612 1366 eius
648 1324 939 1380 interrogandi
976 1327 1303 1367 constitueietur
1340 1339 1475 1367 exem·
1516 1311 1526 1377 ,³¹

116 1385 288 1439 3plum.
352 1386 443 1424 tum
485 1383 558 1424 ille
601 1381 787 1437 quaero'
830 1383 967 1437 inquit
1009 1383 1163 1424 utrum
1207 1384 1385 1437 simplex
1422 1398 1476 1424 an
1512 1383 1526 1418 ,33

158 1442 381 1496 multiplex
412 1441 529 1483 cibus
561 1440 729 1495 digestu
760 1440 817 1481 sit
840 1440 1017 1494 facilior,
1048 1441 1146 1495 quia
1171 1442 1326 1483 multos
1351 1441 1476 1495 hunc,
1516 1431 1526 1508 Ξ·

157 1515 244 1542 11011
280 1499 420 1540 nullos
455 1499 576 1539 illum
614 1499 822 1539 sectantes
858 1498 1060 1540 uidemus
1125 1501 1167 1540 et
1204 1501 1268 1540 est
1306 1497 1526 1552 quidem

158 1557 341 1612 superba
360 1559 402 1597 et
421 1559 649 1598 contumax
668 1558 709 1596 et
727 1556 843 1597 uelut
857 1558 921 1597 sui
937 1557 1188 1598 ostentatrix
1202 1556 1475 1609 continentia,
1493 1527 1526 1615 εξ

159 1618 308 1658 contra
342 1628 563 1656 amoenam
596 1628 640 1655 se
671 1615 714 1654 et
743 1627 904 1655 comem
936 1614 1180 1667 adpetentia
1210 1615 1302 1655 uult
1331 1613 1526 1655 uideri.

159 1688 255 1715 cum
297 1685 398 1727 ergo
442 1686 525 1713 una
567 1671 759 1713 censoria
803 1671 876 1724 sit,
920 1674 1065 1712 contra
1107 1671 1288 1713 delicata
1332 1672 1478 1726 altera,
1514 1667 1526 1727 {j

161 1731 267 1773 scire
306 1729 497 1784 equidem
527 1729 671 1783 uelim,
708 1743 814 1782 quae
846 1729 1075 1770 seruandae
1107 1730 1247 1783 aptior
1278 1729 1334 1770 sit
1366 1729 1474 1770 sani·
1513 1734 1526 1772 ·}

159 1788 249 1829 tati.
310 1801 388 1829 nec
418 1789 545 1842 longe
575 1786 778 1841 petendus
810 1786 1003 1827 adsertor
1033 1789 1116 1840 est,
1157 1801 1250 1828 cum
1281 1786 1475 1827 Disarius
1506 1781 1526 1830 ἐξ

161 1846 288 1899 adsit,
338 1845 409 1899 qui
459 1845 557 1898 quid
599 1844 824 1886 conueniat
866 1844 1111 1898 corporibus
1154 1844 1349 1886 humanis
1391 1827 1526 1890 non&

159 1903 299 1945 minus
337 1903 461 1944 callet
500 1917 625 1956 quam
655 1902 748 1955 ipsa
778 1903 930 1943 natura
961 1902 1145 1943 fabricae
1175 1902 1299 1942 huius
1331 1903 1476 1943 auctor
1511 1908 1526 1957 ξ·

161 1963 204 2002 et
233 1960 390 2002 nutrix.
446 1960 558 2001 dicas
591 1972 690 2013 crgo
721 1959 863 2013 uelim,
895 1959 995 2013 quid
1026 1959 1076 2000 de
1107 1959 1186 2001 hoc
1218 1959 1328 2014 quod
1352 1973 1476 2013 quae·

160 2019 268 2060 ritur
299 2017 530 2059 medicinae
561 2017 671 2058 ratio
702 2015 978 2070 persuadeat?
1502 2019 1523 2067 'J'

117 2083 148 2123 4
278 2074 339 2117 <Si
375 2074 458 2115 me'
488 2074 682 2115 Disarius
718 2074 855 2127 inquit
893 2073 1062 2128 ‘aliquis
1100 2089 1150 2115 ex
1185 2074 1307 2128 plebe
1346 2074 1476 2128 impe·
1499 2058 1523 2108 ³¹».

254 2192 274 2223 8
300 2187 566 2234 conltepnendfi
591 2187 627 2221 P
694 2190 736 2221 12
762 2187 837 2233 hic]
863 2186 931 2234 hec
958 2187 995 2222 P
1066 2192 1107 2223 16
1127 2187 1327 2223 sortiamur.
1349 2186 1425 2233 Qu&
1444 2185 1500 2220 P
1501 2185 1522 2223 f

161 2239 205 2271 20
230 2235 372 2283 cepil'f&
396 2235 433 2270 P
499 2238 543 2270 26
569 2245 700 2281 amena
723 2234 759 2267 P
