1526 2444
625 69 661 106 11
689 72 826 107 12-18
1311 67 1396 109 367

51 194 194 223 nonne
249 179 374 222 uobis
429 178 628 221 uidentur
677 177 870 219 membra
918 176 1047 219 huius
1095 175 1396 232 descriptionis

53 254 104 281 ex
140 252 225 281 uno
261 238 384 281 fonte
422 235 650 280 manasse?
713 236 787 278 sed
825 249 972 278 rursus
1006 235 1123 278 locos
1157 235 1264 278 alios
1296 249 1394 278 con-
1413 237 1470 279 15

50 311 249 354 paremus

111 367 300 424 gaudent
329 365 493 422 perfusi
525 339 731 421 sanguine
763 365 944 408 fratrum

13 445 31 471 5
111 427 322 482 exilioque
354 425 504 468 domos
537 427 580 467 et
611 425 752 467 dulcia
782 424 936 466 limina
967 426 1148 466 mutant.

51 508 275 551 Lucretius
306 508 352 550 in
383 507 512 550 tertio

111 578 318 633 sanguine
350 577 467 620 ciuili
497 591 589 619 rem
620 577 810 619 conflant
841 576 1099 631 diuitiasque

110 637 413 692 conduplicant
445 636 572 688 auidi,
604 635 776 678 caedem
809 635 936 678 caede
970 635 1303 690 accumulantes,

111 696 303 738 crudeles
335 695 526 750 gaudent
555 695 601 736 in
632 694 750 736 tristi
780 694 928 736 funere
958 693 1124 735 fratris.

0 807 31 845 μο
109 788 248 831 Multa
273 789 364 832 dies
397 789 624 844 uariusque
656 788 780 830 labor
811 787 1033 830 mutabilis
1066 787 1163 829 aeui
1411 790 1466 831 16

108 848 278 890 rettulit
308 848 353 890 in
384 847 555 889 melius:
587 847 748 889 multos
781 847 949 889 alterna
978 847 1171 888 reuisens

107 906 212 949 lusit
243 908 286 948 et
316 906 363 948 in
395 905 532 949 solido
564 920 712 948 rursus
744 904 918 948 fortuna
947 905 1121 948 locauit.

48 987 211 1031 Ennius
242 988 288 1030 in
319 990 472 1031 octauo

331 1059 469 1101 multa
501 1058 592 1101 dies
623 1058 669 1100 in
700 1058 814 1100 bello
847 1058 1022 1100 conficit
1052 1072 1162 1099 unus

108 1119 151 1159 et
181 1131 327 1159 rursus
359 1118 519 1160 multae
550 1117 749 1160 fortunae
779 1116 891 1159 forte
922 1117 1188 1159 recumbunt.

106 1175 222 1218 haud
245 1190 460 1231 quaquam
479 1190 736 1232 quemquam
757 1190 925 1231 semper
942 1175 1120 1218 fortuna
1151 1177 1298 1217 secuta
1317 1178 1392 1217 est.

105 1283 130 1311 o
161 1272 389 1324 praestans
423 1269 557 1312 animi
587 1269 768 1325 iuuenis,
800 1271 1007 1324 quantum
1038 1270 1130 1325 ipse
1161 1269 1295 1312 feroci
1408 1272 1460 1313 17

31 1363 33 1365 .
104 1328 266 1370 uirtute
299 1343 516 1384 exuperas,
547 1331 671 1370 tanto
703 1342 772 1370 me
803 1328 1042 1383 impensius
1075 1342 1258 1383 aequum
1291 1330 1356 1370 est

106 1388 326 1429 consulere
353 1390 480 1442 atque
506 1401 654 1429 omnes
679 1389 942 1429 metuentem
970 1387 1206 1442 expendere
1227 1400 1391 1430 causaS.

34 1467 199 1511 >Accius
230 1469 275 1511 in
306 1468 528 1525 Antigona

32 1541 36 1544 ”
105 1542 266 1595 quanto
297 1539 436 1595 magis
468 1542 512 1582 te
542 1539 666 1582 istius
698 1538 815 1582 modi
847 1553 940 1581 esse
970 1539 1190 1594 intellego,

103 1600 247 1654 tanto,
284 1598 524 1655 Antigona,
561 1598 702 1654 magis
739 1612 807 1641 me
844 1613 924 1654 par
960 1601 1028 1641 est
1058 1598 1140 1640 tibi
1171 1597 1390 1640 consulere

1039 1658 1117 1710 [et]
1144 1671 1330 1712 parcere.

43 1767 45 1769 >
105 1738 140 1781 O
172 1739 246 1781 lux
275 1738 521 1782 Dardaniae
553 1753 650 1794 spes
683 1754 707 1782 o
739 1738 948 1781 fidissima
979 1738 1193 1781 Teucrum
1406 1741 1459 1784 18

45 1811 88 1851 et
116 1809 292 1864 reliqua.

52 1983 54 1985 .
138 1951 160 1982 4
185 1947 318 1994 Georg.
344 1947 378 1982 Π
404 1951 473 1983 510
571 1951 590 1982 7
615 1947 668 1982 111
694 1951 738 1984 το
830 1952 874 1983 1ο
900 1949 990 1984 Aen.
1018 1948 1068 1983 XI
1091 1951 1162 1983 425
1250 1951 1293 1983 14
1319 1951 1387 1983 297

42 1990 153 2032 vahl.
179 1999 245 2030 291
268 1995 354 2030 Luc.
374 1994 501 2031 Muen.
576 1999 620 2030 21
641 2008 675 2030 u.
698 1997 766 2031 136
787 1994 843 2030 ed.
865 1998 885 2030 2
906 1994 1013 2031 Ribb.
1088 1998 1134 2030 24
1153 1994 1245 2031 Aen.
1265 1995 1299 2030 11
1319 1998 1387 2031 281

137 2129 159 2159 2
184 2135 229 2160 ex
253 2134 319 2161 om.
348 2125 386 2159 P
504 2127 524 2159 5
550 2127 634 2162 ante
665 2124 789 2160 dulc1a.
820 2124 972 2161 deletum
997 2124 1117 2160 tristia
1141 2125 1183 2161 in
1211 2124 1248 2159 P
1366 2129 1386 2160 6

45 2177 138 2249 alffi-
168 2205 204 2241 P
304 2210 325 2242 9
350 2207 478 2243 funere
503 2218 570 2244 om.
595 2207 633 2243 P
733 2211 776 2242 13
803 2206 928 2242 ·VIII·
955 2207 993 2242 P
1092 2211 1136 2243 16
1163 2218 1387 2252 quemquam

73 2295 75 2297 ¹
100 2252 174 2288 .P
284 2253 319 2288 se
322 2254 440 2298 quuta
467 2254 503 2289 P
611 2258 654 2290 17
680 2253 861 2291 1u*ven1s
881 2254 918 2289 P
1025 2257 1069 2289 22
1095 2265 1204 2300 mage
1229 2255 1387 2290 Bothius

114 2300 152 2335 et
175 2300 307 2337 deleuit
331 2301 489 2337 Bothius
1137 2326 1144 2332 ·
