1526 2444
155 77 240 119 558
453 77 600 116 COMM.
625 79 676 114 IN
703 78 845 114 SOMN.
871 78 982 116 SCIP.
1007 79 1135 115 LIBRI
1158 81 1175 116 I

73 183 93 216 ἒ
154 184 200 225 in
231 198 426 226 occasum
458 184 560 225 ferri
586 183 755 239 Canem,
786 185 859 240 qui
883 185 1100 240 proximus
1131 186 1269 229 Tauro
1295 190 1371 241 est,
1402 188 1475 229 sed
1521 193 1526 237 ἶ

155 242 342 284 occidere
379 256 474 283 eum
511 240 618 283 dixit
648 241 787 284 Tauro
825 245 1019 297 gestante
1051 244 1204 296 solem,
1240 245 1339 299 quia
1375 247 1474 287 tunc

87 299 305 354 16incipit
335 314 419 341 non
450 299 583 341 uideri
621 300 710 341 sole
741 300 894 342 uicino.
953 303 1054 343 tunc
1085 304 1229 343 tamen
1261 302 1473 344 occidente

153 358 242 399 sole
272 356 402 398 Libra
434 357 536 399 adeo
569 357 759 411 superior
789 358 1021 411 inuenitur,
1050 362 1098 400 ut
1127 362 1242 401 totus
1274 359 1473 415 Scorpius
1520 362 1526 414 ξ

152 417 272 456 ortus
305 418 526 470 appareat,
558 415 726 457 Gemini
756 430 856 457 uero
888 416 1018 457 uicini
1048 419 1150 460 tunc
1180 418 1376 460 uidentur
1407 432 1472 460 oc·
1507 415 1526 493 Ὗ

151 472 278 514 casui.
309 487 455 515 rursus
480 475 579 527 post
597 473 726 514 Tauri
750 487 936 516 mensem
963 472 1131 515 Gemini
1155 489 1240 516 non
1265 475 1473 529 uidentur,
1519 498 1526 527 5

151 531 262 585 quod
293 531 338 572 in
368 545 438 572 eos
471 532 601 573 solem
633 531 839 585 migrasse
871 531 1094 586 significat.
1147 535 1247 587 post
1272 532 1472 575 Geminos
1522 546 1526 579 ᾗ

151 588 309 630 recedit
338 589 383 629 in
415 588 643 643 Cancrum,
679 591 722 630 et
752 591 854 631 tunc
885 604 980 631 cum
1012 590 1184 644 occidit,
1216 605 1314 632 mox
1345 591 1472 632 Libra
1517 581 1526 637 ἓ

84 646 195 687 17in
233 646 370 688 medio
409 648 525 689 caelo
563 647 742 688 uidetur.
808 647 912 689 adeo
956 651 1122 689 constat
1164 648 1296 690 solem
1333 649 1472 690 tribus
1518 643 1526 681 ἵ

151 705 288 759 signis
314 705 512 759 peractis,
541 705 583 746 id
615 707 681 746 est
705 703 850 746 Ariete
881 707 924 746 et
947 704 1085 747 Tauro
1118 707 1160 747 et
1184 705 1386 759 Geminis,
1418 707 1470 748 ad
1490 717 1504 742 1

149 762 420 804 medietatem
444 763 745 816 hemisphaerii
775 764 1011 805 recessisse.
1060 764 1236 817 denique
1261 766 1359 818 post
1383 767 1471 806 tres

149 833 316 861 menses
349 823 572 874 sequentes
597 821 735 862 tribus
766 821 898 875 signis
932 835 1038 875 quae
1064 825 1260 863 secuntur
1290 823 1471 863 emensis

151 901 201 907 —
236 876 444 919 Cancrum
481 878 574 920 dico
610 878 792 920 Leonem
829 881 871 919 et
907 878 1128 932 Virginem
1165 888 1213 910 -‘-
1254 880 1471 921 inuenitur

147 935 193 976 in
222 935 368 989 Libra,
400 950 506 989 quae
537 950 682 977 rursus
713 939 868 990 aequat
896 939 1062 978 noctem
1094 937 1193 991 diei,
1224 940 1269 978 et
1297 937 1395 978 dum
1426 938 1470 978 in
1506 935 1508 939 '

148 993 242 1046 ipso
275 993 397 1048 signo
430 993 583 1035 occidit
613 1008 712 1035 mox
734 994 879 1035 oritur
909 994 1050 1047 Aries,
1081 994 1126 1035 in
1158 1009 1240 1048 quo
1273 995 1338 1036 sol
1370 998 1467 1036 ante

83 1051 134 1092 18
151 1065 222 1092 sex
265 1065 430 1092 menses
473 1051 659 1093 occidere
703 1051 880 1094 solebat.
951 1051 1045 1093 ideo
1089 1054 1230 1093 autem
1274 1066 1468 1094 occasum

149 1109 287 1163 magis
319 1109 408 1151 eius
441 1123 566 1163 quam
599 1112 737 1150 ortum
769 1109 975 1164 elegimus
1007 1110 1341 1164 proponendum,
1371 1111 1469 1164 quia

147 1167 270 1221 signa
306 1169 543 1221 posteriora
578 1170 676 1221 post
713 1180 908 1209 occasum
946 1167 1159 1220 uidentur,
1199 1174 1242 1209 et
1279 1168 1378 1209 dum
1416 1169 1468 1209 ad

145 1224 263 1279 haec,
295 1239 400 1279 quae
433 1226 521 1266 sole
559 1227 775 1279 mergente
811 1225 947 1267 uideri
979 1226 1134 1280 solent,
1171 1225 1303 1267 solem
1333 1225 1466 1267 redire

146 1286 448 1336 monstramus,
479 1283 568 1324 sine
600 1282 728 1324 dubio
755 1297 851 1324 eum
882 1283 1095 1325 contrario
1126 1285 1245 1325 motu
1275 1283 1467 1325 recedere

79 1340 131 1381 19
149 1354 275 1394 quam
302 1341 463 1382 caelum
492 1343 696 1394 mouetur,
722 1341 995 1383 ostendimus.
1043 1341 1146 1383 haec
1178 1343 1330 1395 autem,
1361 1355 1468 1396 quae

145 1398 194 1439 de
227 1399 314 1440 sole
345 1413 394 1440 ac
424 1399 524 1440 luna
554 1399 754 1450 diximus,
784 1399 910 1440 etiam
941 1399 1124 1453 quinque
1154 1399 1372 1441 stellarum
1402 1413 1468 1440 re·-

144 1470 308 1498 cessum
358 1456 578 1511 adsignare
620 1456 850 1511 sufficient,
897 1457 992 1511 pari
1051 1457 1164 1498 enim
1210 1458 1375 1498 ratione
1422 1457 1467 1498 in

143 1515 384 1568 posteriora
421 1516 544 1570 signa
583 1515 806 1569 migrando
839 1528 1004 1569 semper
1034 1515 1272 1556 mundanae
1302 1515 1466 1556 uolubi-

143 1572 258 1613 litati
289 1574 503 1614 contraria
533 1573 769 1615 recessione
799 1575 1074 1643 uersanturfs

72 1651 241 1694 XVIIII
278 1652 355 1694 His
382 1653 561 1695 adsertis
588 1653 638 1695 de
663 1653 937 1707 sphaerarum
963 1653 1108 1696 ordine
1131 1667 1267 1707 pauca
1290 1653 1481 1710 dicenda

143 1713 255 1766 sunt,
284 1711 328 1751 in
359 1725 441 1765 quo
467 1711 689 1753 dissentire
721 1726 745 1752 a
775 1710 955 1752 Platone
982 1710 1126 1753 Cicero
1151 1711 1286 1752 uideri
1310 1713 1475 1765 potest,

142 1783 237 1809 cum
267 1769 336 1810 hic
362 1769 463 1811 solis
496 1769 719 1824 sphaeram
752 1771 947 1823 quartam
977 1768 1027 1810 de
1053 1771 1226 1824 septem,
1256 1769 1300 1810 id
1331 1771 1395 1810 est
1418 1769 1464 1810 in

140 1826 278 1868 medio
309 1827 490 1868 locatam
522 1827 646 1880 dicat,
675 1827 798 1868 Plato
831 1841 856 1868 a
892 1827 994 1867 luna
1025 1841 1192 1868 sursum
1224 1826 1472 1882 secundam,-

140 1883 221 1926 hoc
253 1887 318 1925 est
348 1885 460 1926 inter
496 1887 657 1939 septem
689 1900 714 1926 a
745 1899 909 1926 summo
945 1885 1085 1926 locum
1122 1886 1287 1926 sextum
1317 1887 1461 1926 tenere

100 1942 453 1984 2commemoret.
525 1942 717 1985 Ciceroni
752 1941 1025 1983 Archimedes
1068 1943 1110 1983 et
1155 1941 1470 1990 Chaldaeorum,

139 1999 246 2040 ratio
278 2001 501 2053 consentit,
533 2000 656 2042 Plato
682 2001 921 2055 Aegyptios
948 2000 1134 2042 omnium
1166 1999 1466 2054 philosophiae

139 2057 458 2111 disciplinarum
483 2060 678 2111 parentes
704 2062 872 2100 secutus
899 2061 977 2111 est,
1008 2058 1079 2112 qui
1104 2058 1166 2099 ita
1191 2058 1326 2099 solem
1351 2058 1460 2099 inter.

138 2115 284 2156 lunam
336 2117 379 2156 et
427 2114 679 2157 Mercurium
728 2116 916 2157 locatum
954 2115 1121 2170 uolunt,
1163 2117 1212 2156 ut
1252 2115 1470 2157 rationem*

138 2175 282 2214 tamen
307 2176 348 2213 et
373 2173 724 2228 deprehenderint
755 2176 797 2214 et
822 2172 1039 2227 edixerint,
1071 2187 1144 2215 cur
1169 2187 1194 2214 a
1218 2186 1302 2215 non
1329 2172 1466 2215 nullis?

230 2279 274 2310 35
301 2274 483 2311 ediderint
507 2277 598 2312 coni.
627 2275 834 2312 Gronouius
