1526 2444
618 59 687 95 1111
712 63 852 95 23-30
1325 56 1408 99 149

64 187 194 215 ausus
226 172 294 213 est
324 169 464 212 dicere
499 168 633 211 malo
658 168 805 210 uiuat
837 181 1046 222 auemque
1077 166 1252 208 dimisit.
1314 165 1410 220 quis

61 246 148 274 non
185 230 364 272 miratus
403 230 484 284 est,
520 242 609 270 non
641 227 804 270 offenso
837 225 1020 269 Caesare
1052 225 1195 268 abisse
1226 225 1410 267 militem

62 286 386 333 contumacem?

180 347 422 390 Veteranus
460 361 556 388 cum
593 345 661 387 die
699 345 783 387 sibi
820 344 933 387 dicto
972 344 1307 399 periclitaretur,
1345 357 1408 385 ac·
1424 343 1479 386 27

26 407 193 451 acessit
242 406 286 448 in
328 405 501 460 publico
546 405 599 447 ad
644 403 891 459 Caesarem,
937 404 1196 460 rogauitque
1233 406 1283 444 ut
1326 402 1410 444 sibi

62 466 245 509 adesset.
303 465 375 506 ille
413 464 691 518 aduocatum,
728 477 855 518 quem
893 478 944 504 ex
976 464 1184 504 comitatu
1218 476 1296 504 suo
1329 461 1411 503 ele-

62 529 203 581 gerat,
248 523 340 566 sine
383 538 505 566 mora
545 522 662 565 dedit
702 522 1104 577 commendauitque
1143 522 1183 563 ei
1219 521 1411 576 litigato-

61 599 165 627 rem.
215 582 473 625 exclamauit
497 581 669 637 ingenti
694 596 798 624 uoce
824 583 1055 623 ueteranus
1088 583 1139 622 at
1170 594 1270 622 non
1302 593 1412 635 ego,

62 642 267 697 Caesar,
298 641 634 696 periclitante
666 643 715 682 te
752 640 966 682 Actiaco
997 640 1134 681 bello
1161 639 1411 681 uicarium

9 719 44 747 ιο
65 701 324 758 quaesiui,
360 700 447 742 sed
471 715 560 754 pro
592 703 643 741 te
674 700 784 753 ipse
814 698 1041 754 pugnaui
1073 697 1318 753 detexitque
1350 698 1411 739 in-

62 775 233 818 pressas
278 759 511 802 cicatrices.
583 758 756 800 erubuit
801 757 962 800 Caesar
1003 758 1205 812 uenitque
1249 757 1295 798 in
1340 756 1412 798 ad-

61 820 354 872 uocationem,
396 821 445 859 ut
487 817 560 872 qui
604 819 823 859 uereretur
866 831 956 859 non
992 817 1202 872 superbus
1239 818 1411 858 tantum

63 879 138 922 sed
164 879 297 920 etiam
327 877 524 932 ingratus
556 876 703 918 uideri.

183 937 430 979 Delectatus
473 936 586 977 inter
630 949 779 977 cenam
824 937 918 977 erat
962 934 1282 990 symphoniacis
1322 934 1483 978 'ro-28

8 1011 45 1039 -15
63 996 200 1039 ronii
238 995 410 1037 Flacci
452 994 698 1049 mangonis,
744 996 875 1049 atque
920 1008 993 1036 eos
1031 994 1246 1035 frumento
1285 994 1414 1036 dona-

63 1057 198 1108 uerat,
230 1068 324 1096 cum
354 1054 400 1095 in
428 1054 513 1095 alia
540 1057 787 1095 acroamata
811 1053 967 1096 fuisset
991 1054 1181 1094 nummis
1207 1052 1414 1107 liberalis,

65 1114 321 1168 eosdemque
362 1116 514 1168 postea
546 1112 759 1155 Toronius
798 1127 931 1168 aeque
962 1113 1074 1154 inter
1106 1127 1255 1154 cenam
1289 1126 1412 1167 quae·

63 1173 178 1216 renti
209 1171 384 1215 Caesari
410 1172 469 1214 sic
502 1172 724 1214 excusauit
755 1172 814 1214 ad
848 1172 1011 1214 molas
1044 1174 1175 1214 sunt.

185 1230 392 1274 Sublimis
425 1230 605 1273 Actiaca
640 1231 824 1273 uictoria
856 1231 1164 1273 reuertebatur.
1225 1230 1411 1272 occurrit
1425 1233 1481 1276 29

10 1307 46 1333 20
66 1291 105 1334 ei
136 1291 252 1332 inter
284 1289 551 1345 gratulantes
583 1304 788 1332 coruum
816 1292 978 1344 tenens,
1011 1304 1137 1344 quem
1163 1290 1413 1331 instituerat

62 1350 169 1392 haec
196 1349 334 1391 dicere
361 1363 451 1390 aue
477 1347 664 1391 Caesar
688 1349 860 1391 uictor
885 1349 1179 1403 imperator.
1228 1350 1411 1390 miratus

63 1408 221 1452 Caesar
248 1407 485 1451 officiosam
514 1422 638 1449 auem
664 1408 823 1463 uiginti
848 1407 1023 1449 milibus
1050 1422 1275 1449 nummum
1295 1408 1412 1449 emit.

64 1467 206 1511 socius
238 1467 425 1522 opificis,
457 1467 509 1508 ad
542 1481 669 1521 quem
700 1466 810 1508 nihil
842 1481 891 1508 ex
924 1466 999 1508 illa
1030 1467 1292 1508 liberalitate
1321 1481 1413 1521 per-

63 1529 258 1581 uenerat,
301 1525 543 1567 adfirmauit
586 1524 779 1580 Caesari,
821 1525 981 1567 habere
1023 1525 1147 1567 illum
1193 1528 1236 1567 et
1280 1526 1411 1567 alium

10 1601 46 1628 25
65 1600 261 1639 coruum,
300 1598 424 1640 quem
462 1587 511 1626 ut
548 1584 714 1626 adferre
746 1587 971 1640 cogeretur
1002 1585 1188 1640 rogauit.
1243 1585 1411 1626 adlatus

63 1645 197 1687 uerba
218 1658 325 1699 quae
345 1643 553 1685 didicerat
571 1643 783 1698 expressit
815 1658 906 1685 aue
932 1643 1103 1686 uictor
1127 1644 1413 1698 imperator

63 1703 269 1746 Antoni.
336 1702 448 1744 nihil
486 1705 763 1756 exasperatus
802 1703 906 1745 satis
945 1702 1067 1744 duxit
1103 1703 1251 1744 iubere
1288 1702 1410 1744 illum

63 1762 251 1804 diuidere
283 1761 535 1804 donatiuum
568 1776 664 1804 cum
690 1762 1004 1804 contubernali.
1054 1761 1267 1804 salutatus
1294 1762 1409 1804 simi·
1426 1767 1484 1810 30

62 1821 162 1864 liter
202 1836 226 1863 a
268 1821 497 1875 psittaco
539 1820 623 1862 emi
660 1835 756 1863 eum
793 1821 929 1864 iussit.
995 1821 1107 1863 idem
1147 1822 1328 1863 miratus
1366 1821 1412 1862 in

12 1880 180 1936 'topica
214 1880 328 1922 hanc
359 1893 527 1934 quoque
558 1879 750 1922 redemit.
811 1881 1053 1934 exemplum
1086 1883 1277 1922 sutorem
1310 1895 1412 1935 pau-

63 1952 208 1994 perem
245 1938 514 1994 sollicitauit,
558 1941 607 1980 ut
643 1954 850 1981 coruum
886 1939 1134 1982 institueret
1171 1940 1224 1981 ad
1260 1954 1408 1995 parem

65 1998 386 2053 salutationem,
425 1999 497 2053 qui
534 1998 737 2053 inpendio
773 1998 1007 2041 exhaustus
1043 2013 1170 2054 saepe
1202 1999 1255 2041 ad
1288 2013 1410 2040 auem

160 2118 203 2149 10
228 2113 423 2159 lmpresfas
443 2114 481 2148 P
550 2117 593 2148 14
618 2117 652 2149 et
679 2118 720 2149 17
741 2124 893 2150 caenam
920 2115 956 2149 B
1031 2118 1075 2149 14
1094 2114 1360 2160 fimphoniacls
1378 2115 1414 2150 P

65 2163 109 2196 15
134 2161 302 2196 fumento
331 2158 379 2195 P'
462 2164 505 2196 16
531 2162 743 2197 aereamata
767 2162 804 2196 P
877 2173 1050 2197 nummus
1078 2163 1098 2198 b
1170 2162 1344 2198 hberatff
1363 2160 1410 2197 B'

65 2210 109 2243 17
135 2207 292 2255 eundem
319 2207 372 2243 B'
478 2212 520 2243 21
548 2209 645 2243 haue
668 2206 716 2243 B'
816 2212 861 2244 22
886 2211 1012 2252 numo}
1031 2212 1036 2254 Ι
1058 2210 1095 2244 Ρ
1189 2214 1234 2245 25
1260 2210 1412 2255 rogauit

64 2264 130 2290 om.
157 2255 194 2290 P
277 2254 415 2291 allatus
441 2256 461 2291 b
552 2259 598 2291 26
624 2266 692 2291 aue
718 2256 756 2292 b:
782 2256 879 2293 habe
908 2256 953 2300 P,
979 2256 1050 2293 hac
1075 2257 1112 2291 B
1198 2261 1243 2292 29
1267 2257 1410 2302 pfitaco

65 2301 138 2347 Pb,
162 2301 328 2348 bfiptaco
352 2303 389 2337 B
462 2305 506 2338 32
532 2302 722 2349 lmpendio
747 2303 784 2338 P
