1526 2444
509 43 578 78 XV
604 46 648 78 22
685 42 772 77 XVI
802 45 915 77 1—10
1322 40 1376 81 79

151 151 283 196 Sacra
319 152 547 195 celebritas
586 154 652 193 est
688 150 760 193 uel
798 165 894 193 cum
932 149 1142 192 sacrificia
1180 149 1244 191 dis
1278 149 1373 191 offe·
1389 151 1421 192 4

31 215 185 255 runtur
220 211 289 254 uel
321 225 418 255 cum
450 211 540 253 dies
573 210 733 252 diuinis
765 209 1090 264 epulationibus
1123 209 1377 259 celebratur,

30 272 101 314 uel
139 286 233 314 cum
270 270 361 312 ludi
396 270 443 312 in
478 270 689 312 honorem
723 271 914 324 aguntur
945 268 1141 323 deorum,
1178 268 1248 310 uel
1280 282 1376 310 cum

30 330 161 372 feriae
181 330 477 372 obseruantur.
508 328 555 371 fe
565 329 757 370 riarum
775 330 919 385 autem
933 327 1203 382 publicarum
1217 340 1376 382 genera
1391 327 1418 369 ἴ)

0 406 12 433 5
31 391 131 432 sunt
174 391 387 444 quattuor.
454 391 530 430 aut
572 387 687 429 enim
734 387 897 429 statiu
908 401 961 429 ae
1006 389 1107 428 sunt
1143 390 1218 428 aut
1261 400 1376 428 con-

30 448 264 503 ceptiuae
297 450 373 490 aut
402 446 743 502 imperatiuae
777 449 852 488 aut
882 445 1150 487 nundinae.
1201 447 1244 487 et
1275 448 1416 490 suntsi

31 507 256 550 statinae
293 507 483 548 uniuersi
520 506 671 561 populi
703 519 950 548 communes
982 505 1110 547 certis
1143 506 1186 546 et
1217 505 1377 548 consti-

29 566 136 609 tutis
175 566 325 608 diebus
364 580 412 608 ac
450 566 670 607 mensibus
703 567 746 606 et
777 565 825 606 in
855 564 982 606 fastis
1016 564 1142 606 statis
1175 564 1375 606 obserua-

30 625 225 668 tionibus
275 624 525 679 adnotatae,
574 624 619 666 in
668 624 824 679 quibus
873 623 1101 678 praecipue
1150 625 1376 665 seruantur

0 699 15 726 u
30 684 290 740 Agonalia
310 682 659 726 Carmentalia
678 682 998 737 Lupercalia.
1036 682 1375 736 conceptiuae

31 747 141 797 sunt,
173 757 282 797 quae
315 743 547 798 quotannis
576 757 602 784 a
627 741 958 796 magistratibus
984 741 1053 782 uel
1080 740 1374 783 sacerdotibus

29 802 328 856 concipiuntur
358 802 405 843 in
436 803 526 843 dies
558 801 627 843 uel
660 802 801 843 certos
832 801 902 842 uel
934 800 1065 842 etiam
1096 800 1296 855 incertos,
1327 805 1377 842 ut

30 864 130 903 sunt
154 860 371 903 Latinae
392 859 717 903 Sementiuae
735 859 1021 915 Paganalia
1041 858 1372 914 Compitalia:

27 920 372 975 imperatiuae
411 922 527 975 sunt,
564 934 671 974 quas
709 919 907 961 consules
940 919 1011 960 uel
1041 921 1261 974 praetores
1293 934 1373 974 pro

0 979 207 1022 sarbitrio
250 979 481 1033 potestatis
524 979 730 1020 indicunt.
797 977 1055 1019 nundinae
1099 980 1201 1019 sunt
1243 992 1374 1034 paga-

27 1052 182 1080 norum
206 1038 394 1094 itemque
418 1038 691 1092 rusticorum,
717 1037 871 1091 quibus
897 1037 1160 1079 conueniunt
1183 1038 1373 1093 negotiis

27 1097 212 1152 propriis
243 1098 313 1139 uel
345 1096 558 1139 mercibus
584 1097 812 1152 prouisuri.
869 1099 969 1139 sunt
991 1099 1215 1151 praeterea
1239 1096 1371 1138 feriae
1389 1098 1412 1140 7

27 1155 226 1211 propriae
250 1156 527 1209 familiarum,
556 1159 604 1198 ut
627 1155 819 1198 familiae
846 1154 1091 1198 Claudiae
1117 1156 1187 1197 uel
1207 1156 1374 1198 Aemi-

28 1214 128 1256 liae
173 1229 247 1256 seu
283 1215 452 1257 Iuliae
497 1215 588 1257 siue
628 1213 920 1270 Corneliae,
964 1217 1007 1256 et
1052 1215 1198 1270 siquas
1241 1215 1371 1257 ferias

0 1287 11 1313 ³
27 1273 225 1328 proprias
252 1288 442 1329 quaeque
466 1273 634 1316 familia
657 1288 707 1316 ex
726 1289 807 1316 usu
828 1273 1089 1316 domesticae
1108 1274 1371 1317 celebritatis

28 1332 242 1374 obseruat.
297 1337 399 1374 sunt
429 1333 709 1388 singulorum,
738 1333 802 1374 uti
831 1333 1042 1374 natalium
1068 1333 1370 1389 fulgurumque
1386 1335 1411 1376 8

29 1391 332 1446 susceptiones,
363 1392 467 1433 item
499 1393 697 1434 funerum
729 1394 859 1446 atque
890 1392 1197 1446 expiationum.
1260 1394 1374 1447 apud

27 1452 194 1493 ueteres
227 1464 395 1506 quoque
427 1451 501 1506 qui
531 1451 796 1493 nominasset
828 1449 1055 1493 Salutem
1084 1450 1374 1493 Semoniam

27 1507 195 1552 Seiam
244 1507 505 1564 Segetiam
555 1509 860 1564 Tutilinam,
914 1509 1045 1552 ferias
1102 1510 1373 1553 obseruabat.

0 1568 130 1610 sitem
154 1568 392 1611 Flaminica
425 1568 623 1623 quotiens
649 1569 844 1611 tonitrua
871 1568 1060 1611 audisset
1084 1568 1241 1611 feriata
1267 1573 1372 1624 erat,

24 1627 158 1670 donec
193 1627 409 1682 placasset
444 1627 559 1670 deos.
621 1627 909 1669 adfirmabant
946 1630 1088 1670 autem
1122 1629 1364 1671 sacerdotes
1384 1630 1410 1671 9

22 1686 160 1742 pollui
202 1685 352 1740 ferias,
401 1686 438 1728 si
481 1686 653 1728 indictis
698 1687 1000 1742 conceptisque
1044 1702 1151 1742 opus
1196 1688 1372 1743 aliquod

0 1767 1 1776 2
22 1744 156 1787 fieret.
226 1749 450 1801 praeterea
500 1759 647 1801 regem
693 1760 912 1788 sacrorum
957 1746 1239 1802 flaminesque
1283 1762 1372 1789 non

0 1799 184 1846 ³licebat
214 1804 356 1846 uidere
387 1804 506 1846 feriis
539 1819 646 1860 opus
677 1805 784 1860 fieri,
814 1807 857 1847 et
888 1805 984 1848 ideo
1009 1821 1089 1861 per
1112 1821 1370 1861 praeconem

26 1862 355 1917 denuntiabant,
398 1863 559 1919 nequid
601 1864 690 1906 tale
723 1867 923 1920 ageretur
960 1867 1002 1906 et
1040 1866 1260 1921 praecepti
1296 1881 1369 1908 ne-

24 1921 203 1979 glegens
230 1923 508 1965 multabatur.
539 1925 712 1977 praeter
732 1924 913 1965 multam
933 1938 1037 1966 uero
1059 1924 1369 1967 adfirmabatur
1386 1927 1440 1968 10

0 1972 4 2030 l
25 1994 121 2023 eum
148 1982 220 2036 qui
245 1978 408 2023 talibus
436 1982 585 2024 diebus
611 1982 844 2037 inprudens
872 1983 1034 2038 aliquid
1060 1984 1220 2039 egisset
1238 1998 1368 2039 porco

0 2032 5 2082 ³

117 2102 137 2133 2
164 2097 237 2133 dns
255 2097 292 2132 B
366 2101 385 2133 7
411 2098 442 2143 84
467 2098 580 2133 certls
600 2098 630 2133 δι
649 2099 686 2133 Β
758 2102 779 2134 8
805 2098 836 2133 85
853 2111 892 2134 m
911 2098 1091 2134 fasstat1s
1106 2100 1144 2134 P
1214 2104 1234 2136 9
1256 2112 1368 2136 anno-

20 2143 102 2192 tate
127 2144 174 2180 B'
273 2148 315 2179 11
348 2156 370 2179 a
401 2149 486 2181 ante
514 2145 769 2181 sacerdotibus
788 2147 873 2182 add.
901 2147 922 2181 b
1020 2150 1064 2182 12
1091 2147 1172 2184 dies
1192 2147 1315 2183 certos
1336 2148 1374 2182 P

22 2193 67 2226 18
93 2191 218 2240 emilie
246 2192 284 2226 P
353 2196 398 2227 24
423 2192 669 2228 obseruabant
693 2193 730 2228 P
797 2197 841 2228 25
867 2193 1034 2229 flammia
1058 2195 1096 2229 P
1166 2195 1316 2239 quoties
1332 2196 1368 2229 B

21 2241 68 2273 26
93 2238 342 2285 afssfirmabant
361 2240 381 2275 b
448 2244 493 2275 27
514 2240 735 2285 conceptisq.
755 2251 885 2278 *20:201*
906 2242 912 2286 Ι
933 2241 970 2276 Ρ
1034 2245 1079 2277 30
1100 2243 1208 2286 §tore
1229 2243 1368 2278 denun-

23 2285 192 2321 ciabatur
215 2286 253 2321 P
321 2290 364 2321 31
393 2286 652 2324 affirmabatur
676 2289 738 2324 bP
809 2292 853 2324 32
879 2288 1098 2334 imprudens
1120 2290 1156 2324 P
