1474 2482
206 640 509 689 AMBROSII
548 640 887 689 THEODOSII
923 641 1231 690 MACROBH

329 754 433 791 VIRI
465 754 740 791 CLARISSIMI
764 755 827 791 ET
852 753 1102 790 112Lvs⁷rais

47 859 479 915 GONVIVIORVM
503 860 684 915 PRIMI
706 861 837 915 DIEI
859 860 1392 916 SATVRNALIORVM

455 980 490 1022 L
504 980 525 1022 I
540 980 576 1022 B
590 981 628 1023 Ε
642 981 682 1023 Β,
724 980 759 1022 Ρ
771 980 810 1023 R
822 980 843 1022 Ι
855 979 949 1024 MV
959 980 987 1024 S

9 1093 27 1120 5
163 1073 324 1117 Multas
355 1076 584 1130 uariasque
615 1090 685 1117 res
716 1075 761 1117 in
785 1075 868 1118 hac
892 1076 985 1118 uita
1009 1075 1149 1131 nobis,
1179 1075 1391 1119 Eustachi
1421 1078 1443 1119 1

45 1133 130 1188 fili,
172 1136 330 1176 natura
373 1134 640 1188 conciliauit,
682 1134 757 1176 sed
796 1135 914 1177 nulla
957 1149 1039 1178 nos
1082 1135 1224 1191 magis
1262 1150 1391 1191 quam

47 1206 194 1234 eorum
233 1193 307 1249 qui
338 1207 361 1235 e
391 1193 518 1236 nobis
557 1196 700 1235 essent
735 1195 950 1248 procreati
984 1194 1166 1236 caritate
1199 1194 1393 1237 deuinxit

15 1254 226 1307 'eamque
248 1253 464 1295 nostram
507 1253 553 1294 in
591 1252 659 1294 his
703 1253 935 1295 educandis
979 1256 1108 1309 atque
1152 1253 1393 1297 erudiendis

47 1324 192 1352 curam
224 1325 318 1353 esse
348 1311 505 1366 uoluit,
535 1314 585 1353 ut
615 1315 817 1366 parentes
847 1326 1004 1368 neque,
1036 1313 1072 1354 si
1102 1312 1148 1354 id
1179 1313 1292 1368 quod
1323 1327 1392 1356 cu-

11 1388 29 1414 o
47 1372 196 1423 petent
237 1384 288 1411 ex
326 1371 537 1412 sententia
575 1370 760 1426 cederet,
803 1373 974 1413 tantum
1010 1371 1099 1414 ulla
1136 1371 1221 1414 alia
1258 1387 1311 1414 ex
1347 1387 1393 1414 re

46 1428 299 1483 uoluptatis,
329 1443 466 1484 neque
498 1429 535 1470 si
566 1431 716 1471 contra
747 1430 950 1485 eueniret,
979 1432 1152 1473 tantum
1183 1432 1392 1473 maeroris

47 1500 200 1542 capere
218 1487 402 1542 possint.
443 1487 544 1530 hinc
565 1491 631 1529 est
650 1489 762 1543 quod
788 1489 896 1530 mihi
921 1503 1089 1544 quoque
1114 1489 1389 1546 institutione
1417 1497 1444 1538 2

46 1548 123 1587 tua
152 1546 263 1587 nihil
295 1547 515 1601 antiquius
546 1548 813 1602 aestimatur,
845 1548 898 1590 ad
930 1548 1050 1590 cuius
1080 1548 1390 1603 perfectionem

47 1604 303 1659 compendia
358 1605 500 1661 longis
557 1605 823 1648 anfractibus
879 1607 1179 1661 anteponenda
1235 1607 1393 1651 ducens

13 1681 30 1709 5
49 1677 276 1718 moraeque
314 1664 454 1706 omnis
487 1664 717 1720 impatiens
747 1679 838 1708 non
869 1666 1071 1721 opperior
1102 1668 1151 1708 ut
1180 1681 1257 1721 per
1287 1667 1394 1710 haec

0 1722 1 1762 ἶ
46 1721 141 1764 sola
164 1737 420 1777 promoueas
447 1723 601 1778 quibus
622 1723 858 1767 ediscendis
878 1725 1050 1767 nauiter
1068 1725 1160 1780 ipse
1179 1726 1394 1782 inuigssas,

0 1798 1 1807 ¹
47 1781 122 1823 sed
147 1794 231 1836 ago
261 1785 310 1824 ut
340 1795 420 1838 ego
450 1797 619 1839 quoque
644 1783 726 1825 tibi
752 1784 944 1839 legerim,
977 1787 1019 1826 et
1044 1784 1247 1839 quidquid
1272 1785 1394 1839 mihi,

0 1839 1 1862 ³
46 1840 115 1882 vel
145 1842 188 1881 te
218 1840 306 1882 iam
335 1841 382 1882 iii
411 1842 551 1884 lucem
580 1842 694 1884 edito
721 1842 788 1885 vel
814 1845 1044 1898 antequam
1068 1844 1318 1898 nascereris,
1348 1845 1395 1886 in

47 1898 228 1941 diuersis
255 1914 330 1942 seu
349 1899 538 1943 Graecae
564 1915 639 1942 seu
657 1901 877 1944 Romanae
902 1902 1077 1958 linguae
1097 1902 1392 1945 uoluminibus

0 1977 32 2005 ,ο
50 1957 317 2000 elaboratum
350 1961 427 2014 est,
457 1959 502 2002 id
531 1962 673 2002 totum
700 1960 758 2003 sit
782 1961 863 2003 tibi
887 1961 1090 2004 scientiae
1117 1962 1319 2017 supellex,
1351 1970 1395 2005 et

143 2089 162 2119 1
189 2084 420 2121 mAcROBH
456 2086 718 2123 THEODOSII
748 2107 756 2115 ·
789 2088 851 2124 Uo
878 2107 886 2116 ·
912 2089 943 2124 ἃ,
961 2087 1212 2125 ILLUSTRIS
1231 2089 1268 2124 B
1372 2095 1393 2125 3

48 2141 304 2170 conuiuiorum
330 2144 396 2169 om.
417 2134 454 2169 P
546 2138 569 2170 4
593 2134 687 2170 liber
709 2134 728 2169 I
752 2146 819 2171 om.
838 2136 875 2171 B
970 2137 1103 2180 incipit
1127 2136 1288 2172 fehciter
1307 2139 1394 2174 add.

48 2178 96 2222 B,
121 2181 255 2226 incipit
278 2181 364 2217 add.
384 2180 421 2216 P
502 2185 523 2217 5
549 2182 709 2217 eustathi
730 2182 768 2217 P
845 2186 866 2218 8
891 2182 1095 2219 edocandis
1108 2183 1155 2219 B'
1237 2185 1394 2220 cridien-

48 2224 109 2259 dis
120 2229 163 2261 ut
180 2227 258 2263 uid.
277 2226 324 2262 B‘
399 2232 442 2263 11
461 2229 618 2265 meroris
631 2229 716 2264 BP
786 2233 831 2265 14
849 2230 1093 2266 amfractibus
1107 2231 1144 2266 P
1213 2235 1256 2267 15
1277 2232 1400 2268 omnis

48 2281 117 2308 om.
136 2272 174 2308 P
248 2278 291 2310 1⁷
317 2276 493 2320 qmcqiud
518 2276 563 2321 P,
587 2277 684 2323 quod
701 2286 746 2313 ex
763 2278 847 2313 BP
863 2279 1023 2323 amplius
1041 2289 1116 2314 ‘non
1134 2280 1269 2315 notabo
1348 2284 1394 2315 20

50 2317 150 2355 sitibi
167 2320 205 2355 B
263 2321 454 2367 suppellex
473 2323 510 2361 B

120 2385 311 2412 Macnomvs
1163 2387 1180 2418 1
