<?xml version="1.0" encoding="UTF-8"?>
<!DOCTYPE html PUBLIC "-//W3C//DTD XHTML 1.0 Transitional//EN"
    "http://www.w3.org/TR/xhtml1/DTD/xhtml1-transitional.dtd">
<html xmlns="http://www.w3.org/1999/xhtml" xml:lang="en" lang="en">
 <head>
  <title>
</title>
<meta http-equiv="Content-Type" content="text/html;charset=utf-8" />
  <meta name='ocr-system' content='tesseract 3.04.00' />
  <meta name='ocr-capabilities' content='ocr_page ocr_carea ocr_par ocr_line ocrx_word'/>
</head>
<body>
  <div class='ocr_page' id='page_1' title='image "./macrobiusfrancis00macruoft_0563.png"; bbox 0 0 1526 2444; ppageno 0'>
   <div class='ocr_carea' id='block_1_1' title="bbox 457 63 1402 108">
    <p class='ocr_par' dir='ltr' id='par_1_1' title="bbox 457 63 1402 108">
     <span class='ocr_line' id='line_1_1' title="bbox 457 63 1402 108; baseline 0.004 -6"><span class='ocrx_word' id='word_1_1' title='bbox 457 66 685 103; x_wconf 75' lang='lat' dir='ltr'>XV151-13</span> <span class='ocrx_word' id='word_1_2' title='bbox 722 64 946 101; x_wconf 83' lang='lat' dir='ltr'><strong>XV111-3</strong></span> <span class='ocrx_word' id='word_1_3' title='bbox 1229 88 1231 90; x_wconf 95' lang='lat'>-</span> <span class='ocrx_word' id='word_1_4' title='bbox 1316 63 1402 108; x_wconf 83' lang='lat'>551</span> 
     </span>
    </p>
   </div>
   <div class='ocr_carea' id='block_1_2' title="bbox 0 173 1474 1232">
    <p class='ocr_par' dir='ltr' id='par_1_2' title="bbox 58 173 1465 408">
     <span class='ocr_line' id='line_1_2' title="bbox 58 173 1403 231; baseline -0.003 -12"><span class='ocrx_word' id='word_1_5' title='bbox 58 178 176 219; x_wconf 81' lang='lat' dir='ltr'>certa</span> <span class='ocrx_word' id='word_1_6' title='bbox 201 176 270 231; x_wconf 87' lang='lat' dir='ltr'>sit,</span> <span class='ocrx_word' id='word_1_7' title='bbox 294 177 410 218; x_wconf 90' lang='lat' dir='ltr'>terra</span> <span class='ocrx_word' id='word_1_8' title='bbox 430 189 531 218; x_wconf 90' lang='lat' dir='ltr'>uero</span> <span class='ocrx_word' id='word_1_9' title='bbox 558 174 612 217; x_wconf 89' lang='lat' dir='ltr'>ad</span> <span class='ocrx_word' id='word_1_10' title='bbox 638 174 797 217; x_wconf 89' lang='lat' dir='ltr'>circum</span> <span class='ocrx_word' id='word_1_11' title='bbox 824 173 926 216; x_wconf 86' lang='lat' dir='ltr'>solis</span> <span class='ocrx_word' id='word_1_12' title='bbox 952 174 1159 228; x_wconf 90' lang='lat' dir='ltr'>punctum</span> <span class='ocrx_word' id='word_1_13' title='bbox 1186 173 1256 229; x_wconf 83' lang='lat' dir='ltr'>sit,</span> <span class='ocrx_word' id='word_1_14' title='bbox 1288 173 1403 228; x_wconf 91' lang='lat' dir='ltr'>quod</span> 
     </span>
     <span class='ocr_line' id='line_1_3' title="bbox 60 232 1401 290; baseline -0.003 -12"><span class='ocrx_word' id='word_1_15' title='bbox 60 249 156 290; x_wconf 86' lang='lat' dir='ltr'>pars</span> <span class='ocrx_word' id='word_1_16' title='bbox 196 249 288 277; x_wconf 87' lang='lat' dir='ltr'>esse</span> <span class='ocrx_word' id='word_1_17' title='bbox 326 249 414 277; x_wconf 89' lang='lat' dir='ltr'>non</span> <span class='ocrx_word' id='word_1_18' title='bbox 444 233 602 289; x_wconf 87' lang='lat' dir='ltr'>possit,</span> <span class='ocrx_word' id='word_1_19' title='bbox 640 233 732 276; x_wconf 88' lang='lat' dir='ltr'>sine</span> <span class='ocrx_word' id='word_1_20' title='bbox 770 232 1046 276; x_wconf 72' lang='lat' dir='ltr'>cunctatione</span> <span class='ocrx_word' id='word_1_21' title='bbox 1082 232 1228 275; x_wconf 88' lang='lat' dir='ltr'>iudicii</span> <span class='ocrx_word' id='word_1_22' title='bbox 1267 232 1401 275; x_wconf 89' lang='lat' dir='ltr'>solem</span> 
     </span>
     <span class='ocr_line' id='line_1_4' title="bbox 61 291 1403 347; baseline -0.001 -12"><span class='ocrx_word' id='word_1_23' title='bbox 61 296 228 337; x_wconf 85' lang='lat' dir='ltr'>constat</span> <span class='ocrx_word' id='word_1_24' title='bbox 263 296 379 336; x_wconf 85' lang='lat' dir='ltr'>terra</span> <span class='ocrx_word' id='word_1_25' title='bbox 422 307 515 336; x_wconf 85' lang='lat' dir='ltr'>esse</span> <span class='ocrx_word' id='word_1_26' title='bbox 560 293 784 347; x_wconf 88' lang='lat' dir='ltr'>maiorem,</span> <span class='ocrx_word' id='word_1_27' title='bbox 826 292 862 334; x_wconf 84' lang='lat' dir='ltr'>si</span> <span class='ocrx_word' id='word_1_28' title='bbox 904 291 1044 334; x_wconf 88' lang='lat' dir='ltr'>maior</span> <span class='ocrx_word' id='word_1_29' title='bbox 1088 294 1153 334; x_wconf 86' lang='lat' dir='ltr'>est</span> <span class='ocrx_word' id='word_1_30' title='bbox 1195 305 1296 346; x_wconf 90' lang='lat' dir='ltr'>pars</span> <span class='ocrx_word' id='word_1_31' title='bbox 1341 305 1403 346; x_wconf 92' lang='lat' dir='ltr'>eo,</span> 
     </span>
     <span class='ocr_line' id='line_1_5' title="bbox 61 350 1401 408; baseline -0.001 -14"><span class='ocrx_word' id='word_1_32' title='bbox 61 353 171 408; x_wconf 92' lang='lat' dir='ltr'>quod</span> <span class='ocrx_word' id='word_1_33' title='bbox 213 354 349 408; x_wconf 86' lang='lat' dir='ltr'>partis</span> <span class='ocrx_word' id='word_1_34' title='bbox 398 366 556 395; x_wconf 90' lang='lat' dir='ltr'>nomen</span> <span class='ocrx_word' id='word_1_35' title='bbox 600 351 733 394; x_wconf 91' lang='lat' dir='ltr'>nimia</span> <span class='ocrx_word' id='word_1_36' title='bbox 783 350 859 394; x_wconf 66' lang='lat' dir='ltr'>sui‘</span> <span class='ocrx_word' id='word_1_37' title='bbox 887 350 1101 393; x_wconf 85' lang='lat' dir='ltr'>breuitate</span> <span class='ocrx_word' id='word_1_38' title='bbox 1142 365 1230 393; x_wconf 89' lang='lat' dir='ltr'>non</span> <span class='ocrx_word' id='word_1_39' title='bbox 1274 351 1401 405; x_wconf 91' lang='lat' dir='ltr'>capit.</span> 
     </span>
    </p>

    <p class='ocr_par' dir='ltr' id='par_1_3' title="bbox 2 409 1474 702">
     <span class='ocr_line' id='line_1_6' title="bbox 2 409 1474 466; baseline -0.001 -12"><span class='ocrx_word' id='word_1_40' title='bbox 2 412 39 453; x_wconf 63' lang='lat'>&#39;5</span> <span class='ocrx_word' id='word_1_41' title='bbox 59 425 206 454; x_wconf 88' lang='lat' dir='ltr'>uerum</span> <span class='ocrx_word' id='word_1_42' title='bbox 238 411 340 454; x_wconf 88' lang='lat' dir='ltr'>solis</span> <span class='ocrx_word' id='word_1_43' title='bbox 373 412 486 454; x_wconf 92' lang='lat' dir='ltr'>circo</span> <span class='ocrx_word' id='word_1_44' title='bbox 519 411 787 466; x_wconf 86' lang='lat' dir='ltr'>superiorum</span> <span class='ocrx_word' id='word_1_45' title='bbox 814 410 1036 452; x_wconf 84' lang='lat' dir='ltr'>stellarum</span> <span class='ocrx_word' id='word_1_46' title='bbox 1069 409 1206 452; x_wconf 90' lang='lat' dir='ltr'>circos</span> <span class='ocrx_word' id='word_1_47' title='bbox 1238 412 1402 452; x_wconf 88' lang='lat' dir='ltr'>certum</span> <span class='ocrx_word' id='word_1_48' title='bbox 1419 410 1474 452; x_wconf 84' lang='lat'>12</span> 
     </span>
     <span class='ocr_line' id='line_1_7' title="bbox 59 469 1401 525; baseline 0 -13"><span class='ocrx_word' id='word_1_49' title='bbox 59 473 126 512; x_wconf 87' lang='lat' dir='ltr'>est</span> <span class='ocrx_word' id='word_1_50' title='bbox 157 485 247 514; x_wconf 88' lang='lat' dir='ltr'>esse</span> <span class='ocrx_word' id='word_1_51' title='bbox 272 471 468 525; x_wconf 88' lang='lat' dir='ltr'>maiores,</span> <span class='ocrx_word' id='word_1_52' title='bbox 501 470 537 512; x_wconf 92' lang='lat' dir='ltr'>si</span> <span class='ocrx_word' id='word_1_53' title='bbox 569 485 631 525; x_wconf 87' lang='lat' dir='ltr'>eo,</span> <span class='ocrx_word' id='word_1_54' title='bbox 663 470 776 525; x_wconf 88' lang='lat' dir='ltr'>quod</span> <span class='ocrx_word' id='word_1_55' title='bbox 802 470 1057 521; x_wconf 70' lang='lat' dir='ltr'>continetur,</span> <span class='ocrx_word' id='word_1_56' title='bbox 1088 469 1131 511; x_wconf 90' lang='lat' dir='ltr'>id</span> <span class='ocrx_word' id='word_1_57' title='bbox 1158 469 1271 524; x_wconf 89' lang='lat' dir='ltr'>quod</span> <span class='ocrx_word' id='word_1_58' title='bbox 1303 483 1401 512; x_wconf 86' lang='lat' dir='ltr'>con-</span> 
     </span>
     <span class='ocr_line' id='line_1_8' title="bbox 58 528 1402 584; baseline -0.001 -13"><span class='ocrx_word' id='word_1_59' title='bbox 58 529 170 572; x_wconf 85' lang='lat' dir='ltr'>tinet</span> <span class='ocrx_word' id='word_1_60' title='bbox 209 530 348 572; x_wconf 86' lang='lat' dir='ltr'>maius</span> <span class='ocrx_word' id='word_1_61' title='bbox 387 532 471 584; x_wconf 86' lang='lat' dir='ltr'>est,</span> <span class='ocrx_word' id='word_1_62' title='bbox 509 544 604 572; x_wconf 91' lang='lat' dir='ltr'>cum</span> <span class='ocrx_word' id='word_1_63' title='bbox 636 529 705 571; x_wconf 90' lang='grc'>1110</span> <span class='ocrx_word' id='word_1_64' title='bbox 737 529 794 571; x_wconf 88' lang='lat' dir='ltr'>sit</span> <span class='ocrx_word' id='word_1_65' title='bbox 832 528 1082 570; x_wconf 90' lang='lat' dir='ltr'>caelestium</span> <span class='ocrx_word' id='word_1_66' title='bbox 1121 528 1402 583; x_wconf 85' lang='lat' dir='ltr'><strong>sphaerarum</strong></span> 
     </span>
     <span class='ocr_line' id='line_1_9' title="bbox 58 587 1402 644; baseline 0.001 -15"><span class='ocrx_word' id='word_1_67' title='bbox 58 588 181 643; x_wconf 91' lang='lat' dir='ltr'>ordo,</span> <span class='ocrx_word' id='word_1_68' title='bbox 211 591 259 631; x_wconf 90' lang='lat' dir='ltr'>ut</span> <span class='ocrx_word' id='word_1_69' title='bbox 291 603 317 631; x_wconf 86' lang='lat' dir='ltr'>a</span> <span class='ocrx_word' id='word_1_70' title='bbox 349 588 565 644; x_wconf 84' lang='lat' dir='ltr'>superiore</span> <span class='ocrx_word' id='word_1_71' title='bbox 603 602 689 630; x_wconf 91' lang='lat' dir='ltr'>una</span> <span class='ocrx_word' id='word_1_72' title='bbox 727 601 919 643; x_wconf 89' lang='lat' dir='ltr'>quaeque</span> <span class='ocrx_word' id='word_1_73' title='bbox 957 587 1137 630; x_wconf 88' lang='lat' dir='ltr'>inferior</span> <span class='ocrx_word' id='word_1_74' title='bbox 1175 587 1402 630; x_wconf 84' lang='lat' dir='ltr'>ambiatur.</span> 
     </span>
     <span class='ocr_line' id='line_1_10' title="bbox 57 646 1404 702; baseline 0.001 -14"><span class='ocrx_word' id='word_1_75' title='bbox 57 646 170 689; x_wconf 88' lang='lat' dir='ltr'>unde</span> <span class='ocrx_word' id='word_1_76' title='bbox 213 649 256 690; x_wconf 90' lang='lat' dir='ltr'>et</span> <span class='ocrx_word' id='word_1_77' title='bbox 297 648 423 690; x_wconf 87' lang='lat' dir='ltr'>lunae</span> <span class='ocrx_word' id='word_1_78' title='bbox 468 647 694 702; x_wconf 81' lang='lat' dir='ltr'>sphaeram</span> <span class='ocrx_word' id='word_1_79' title='bbox 740 646 863 702; x_wconf 83' lang='lat' dir='ltr'>quasi</span> <span class='ocrx_word' id='word_1_80' title='bbox 901 661 926 688; x_wconf 90' lang='lat' dir='ltr'>a</span> <span class='ocrx_word' id='word_1_81' title='bbox 964 646 1082 688; x_wconf 87' lang='lat' dir='ltr'>eaelo</span> <span class='ocrx_word' id='word_1_82' title='bbox 1119 646 1315 688; x_wconf 77' lang='lat' dir='ltr'>ult-imam</span> <span class='ocrx_word' id='word_1_83' title='bbox 1360 649 1404 689; x_wconf 89' lang='lat' dir='ltr'>et</span> 
     </span>
    </p>

    <p class='ocr_par' dir='ltr' id='par_1_4' title="bbox 4 705 1474 998">
     <span class='ocr_line' id='line_1_11' title="bbox 4 705 1402 761; baseline -0.001 -13"><span class='ocrx_word' id='word_1_84' title='bbox 4 720 40 748; x_wconf 75' lang='grc' dir='ltr'>ιο</span> <span class='ocrx_word' id='word_1_85' title='bbox 57 705 244 748; x_wconf 86' lang='lat' dir='ltr'>uicinam</span> <span class='ocrx_word' id='word_1_86' title='bbox 292 712 432 749; x_wconf 87' lang='lat' dir='ltr'>terrae</span> <span class='ocrx_word' id='word_1_87' title='bbox 480 706 702 748; x_wconf 87' lang='lat' dir='ltr'>minimam</span> <span class='ocrx_word' id='word_1_88' title='bbox 744 705 869 761; x_wconf 86' lang='lat' dir='ltr'>dixit,</span> <span class='ocrx_word' id='word_1_89' title='bbox 912 719 1009 747; x_wconf 92' lang='grc'>011111</span> <span class='ocrx_word' id='word_1_90' title='bbox 1059 707 1176 747; x_wconf 87' lang='lat' dir='ltr'>terra</span> <span class='ocrx_word' id='word_1_91' title='bbox 1218 705 1314 760; x_wconf 88' lang='lat' dir='ltr'>ipsa</span> <span class='ocrx_word' id='word_1_92' title='bbox 1357 705 1402 747; x_wconf 89' lang='lat' dir='ltr'>in</span> 
     </span>
     <span class='ocr_line' id='line_1_12' title="bbox 55 761 1474 820; baseline 0 -14"><span class='ocrx_word' id='word_1_93' title='bbox 55 767 262 820; x_wconf 88' lang='lat' dir='ltr'>punctum</span> <span class='ocrx_word' id='word_1_94' title='bbox 302 766 426 820; x_wconf 87' lang='lat' dir='ltr'>quasi</span> <span class='ocrx_word' id='word_1_95' title='bbox 464 779 564 807; x_wconf 91' lang='lat' dir='ltr'>uere</span> <span class='ocrx_word' id='word_1_96' title='bbox 602 761 945 819; x_wconf 50' lang='lat' dir='ltr'>iam‘postrema</span> <span class='ocrx_word' id='word_1_97' title='bbox 983 763 1162 806; x_wconf 90' lang='lat' dir='ltr'>deficiat.</span> <span class='ocrx_word' id='word_1_98' title='bbox 1231 764 1267 805; x_wconf 88' lang='lat' dir='ltr'>si</span> <span class='ocrx_word' id='word_1_99' title='bbox 1299 778 1401 820; x_wconf 81' lang='lat' dir='ltr'>ergo</span> <span class='ocrx_word' id='word_1_100' title='bbox 1420 765 1474 806; x_wconf 86' lang='lat'>13</span> 
     </span>
     <span class='ocr_line' id='line_1_13' title="bbox 58 822 1404 879; baseline -0.001 -13"><span class='ocrx_word' id='word_1_101' title='bbox 58 823 282 866; x_wconf 82' lang='lat' dir='ltr'>stellarum</span> <span class='ocrx_word' id='word_1_102' title='bbox 308 824 575 879; x_wconf 87' lang='lat' dir='ltr'>superiorum</span> <span class='ocrx_word' id='word_1_103' title='bbox 597 823 710 877; x_wconf 90' lang='lat' dir='ltr'>circi,</span> <span class='ocrx_word' id='word_1_104' title='bbox 736 825 784 865; x_wconf 91' lang='lat' dir='ltr'>ut</span> <span class='ocrx_word' id='word_1_105' title='bbox 809 823 1009 878; x_wconf 83' lang='lat' dir='ltr'>diximus,</span> <span class='ocrx_word' id='word_1_106' title='bbox 1034 822 1147 864; x_wconf 88' lang='lat' dir='ltr'>circo</span> <span class='ocrx_word' id='word_1_107' title='bbox 1174 823 1276 865; x_wconf 80' lang='lat' dir='ltr'>solis</span> <span class='ocrx_word' id='word_1_108' title='bbox 1303 826 1404 865; x_wconf 86' lang='lat' dir='ltr'>sunt</span> 
     </span>
     <span class='ocr_line' id='line_1_14' title="bbox 56 882 1403 938; baseline 0 -14"><span class='ocrx_word' id='word_1_109' title='bbox 56 883 322 938; x_wconf 82' lang='lat' dir='ltr'>grandiores,</span> <span class='ocrx_word' id='word_1_110' title='bbox 361 883 557 938; x_wconf 85' lang='lat' dir='ltr'>singulae</span> <span class='ocrx_word' id='word_1_111' title='bbox 590 885 733 924; x_wconf 90' lang='lat' dir='ltr'>autem</span> <span class='ocrx_word' id='word_1_112' title='bbox 764 882 892 924; x_wconf 89' lang='lat' dir='ltr'>huius</span> <span class='ocrx_word' id='word_1_113' title='bbox 934 883 1037 924; x_wconf 87' lang='lat' dir='ltr'>sunt</span> <span class='ocrx_word' id='word_1_114' title='bbox 1076 882 1403 937; x_wconf 83' lang='lat' dir='ltr'>magnitudinis,</span> 
     </span>
     <span class='ocr_line' id='line_1_15' title="bbox 54 941 1444 998; baseline -0.001 -14"><span class='ocrx_word' id='word_1_115' title='bbox 54 943 103 983; x_wconf 90' lang='lat' dir='ltr'>ut</span> <span class='ocrx_word' id='word_1_116' title='bbox 133 941 186 984; x_wconf 86' lang='lat' dir='ltr'>ad</span> <span class='ocrx_word' id='word_1_117' title='bbox 217 942 376 984; x_wconf 90' lang='lat' dir='ltr'>circum</span> <span class='ocrx_word' id='word_1_118' title='bbox 408 956 495 984; x_wconf 88' lang='lat' dir='ltr'>una</span> <span class='ocrx_word' id='word_1_119' title='bbox 526 955 720 998; x_wconf 90' lang='lat' dir='ltr'>quaeque</span> <span class='ocrx_word' id='word_1_120' title='bbox 759 955 883 983; x_wconf 88' lang='lat' dir='ltr'>suum</span> <span class='ocrx_word' id='word_1_121' title='bbox 919 941 1096 983; x_wconf 91' lang='lat' dir='ltr'>modum</span> <span class='ocrx_word' id='word_1_122' title='bbox 1126 941 1263 995; x_wconf 87' lang='lat' dir='ltr'>partis</span> <span class='ocrx_word' id='word_1_123' title='bbox 1296 941 1404 996; x_wconf 91' lang='lat' dir='ltr'>opti·</span> <span class='ocrx_word' id='word_1_124' title='bbox 1428 977 1444 998; x_wconf 54' lang='lat' dir='ltr'>x</span> 
     </span>
    </p>

    <p class='ocr_par' dir='ltr' id='par_1_5' title="bbox 0 999 1454 1232">
     <span class='ocr_line' id='line_1_16' title="bbox 0 999 1454 1056; baseline 0.001 -15"><span class='ocrx_word' id='word_1_125' title='bbox 0 1013 35 1041; x_wconf 67' lang='lat'>1⁶</span> <span class='ocrx_word' id='word_1_126' title='bbox 54 1002 172 1055; x_wconf 83' lang='lat' dir='ltr'>neat,</span> <span class='ocrx_word' id='word_1_127' title='bbox 210 1000 300 1043; x_wconf 88' lang='lat' dir='ltr'>sine</span> <span class='ocrx_word' id='word_1_128' title='bbox 326 1001 455 1043; x_wconf 88' lang='lat' dir='ltr'>dubio</span> <span class='ocrx_word' id='word_1_129' title='bbox 488 1000 682 1056; x_wconf 85' lang='lat' dir='ltr'>singulae</span> <span class='ocrx_word' id='word_1_130' title='bbox 712 1002 829 1042; x_wconf 81' lang='lat' dir='ltr'>terra</span> <span class='ocrx_word' id='word_1_131' title='bbox 859 1002 962 1042; x_wconf 86' lang='lat' dir='ltr'>sunt</span> <span class='ocrx_word' id='word_1_132' title='bbox 992 999 1240 1055; x_wconf 83' lang='lat' dir='ltr'>ampliores,</span> <span class='ocrx_word' id='word_1_133' title='bbox 1273 1015 1403 1055; x_wconf 89' lang='lat' dir='ltr'>quam</span> <span class='ocrx_word' id='word_1_134' title='bbox 1444 999 1454 1008; x_wconf 84' lang='grc'>”</span> 
     </span>
     <span class='ocr_line' id='line_1_17' title="bbox 54 1058 1402 1115; baseline 0.001 -14"><span class='ocrx_word' id='word_1_135' title='bbox 54 1058 108 1101; x_wconf 89' lang='lat' dir='ltr'>ad</span> <span class='ocrx_word' id='word_1_136' title='bbox 141 1060 242 1102; x_wconf 87' lang='lat' dir='ltr'>solis</span> <span class='ocrx_word' id='word_1_137' title='bbox 274 1060 451 1115; x_wconf 89' lang='lat' dir='ltr'>circum,</span> <span class='ocrx_word' id='word_1_138' title='bbox 483 1059 557 1115; x_wconf 89' lang='lat' dir='ltr'>qui</span> <span class='ocrx_word' id='word_1_139' title='bbox 589 1059 880 1115; x_wconf 87' lang='lat' dir='ltr'>superioribus</span> <span class='ocrx_word' id='word_1_140' title='bbox 913 1059 1053 1101; x_wconf 90' lang='lat' dir='ltr'>minor</span> <span class='ocrx_word' id='word_1_141' title='bbox 1085 1061 1163 1114; x_wconf 90' lang='lat' dir='ltr'>est,</span> <span class='ocrx_word' id='word_1_142' title='bbox 1194 1062 1402 1114; x_wconf 88' lang='lat' dir='ltr'>punctum</span> 
     </span>
     <span class='ocr_line' id='line_1_18' title="bbox 54 1118 1402 1174; baseline 0 -14"><span class='ocrx_word' id='word_1_143' title='bbox 54 1132 147 1160; x_wconf 86' lang='lat' dir='ltr'>esse</span> <span class='ocrx_word' id='word_1_144' title='bbox 170 1119 473 1174; x_wconf 84' lang='lat' dir='ltr'>praediximus.</span> <span class='ocrx_word' id='word_1_145' title='bbox 516 1119 567 1161; x_wconf 88' lang='lat' dir='ltr'>de</span> <span class='ocrx_word' id='word_1_146' title='bbox 587 1119 701 1173; x_wconf 89' lang='lat' dir='ltr'>luna,</span> <span class='ocrx_word' id='word_1_147' title='bbox 727 1119 765 1160; x_wconf 88' lang='lat' dir='ltr'>si</span> <span class='ocrx_word' id='word_1_148' title='bbox 789 1133 889 1161; x_wconf 89' lang='lat' dir='ltr'>uere</span> <span class='ocrx_word' id='word_1_149' title='bbox 915 1119 1026 1161; x_wconf 91' lang='lat' dir='ltr'>luce</span> <span class='ocrx_word' id='word_1_150' title='bbox 1052 1118 1190 1160; x_wconf 91' lang='lat' dir='ltr'>lucet</span> <span class='ocrx_word' id='word_1_151' title='bbox 1210 1118 1402 1174; x_wconf 88' lang='lat' dir='ltr'>aliena,</span> 
     </span>
     <span class='ocr_line' id='line_1_19' title="bbox 54 1177 532 1232; baseline 0.004 -13"><span class='ocrx_word' id='word_1_152' title='bbox 54 1177 278 1232; x_wconf 80' lang='lat' dir='ltr'>sequentia</span> <span class='ocrx_word' id='word_1_153' title='bbox 310 1178 532 1221; x_wconf 84' lang='lat' dir='ltr'>docebunt.</span> 
     </span>
    </p>
   </div>
   <div class='ocr_carea' id='block_1_3' title="bbox 0 1258 1526 2082">
    <p class='ocr_par' dir='ltr' id='par_1_6' title="bbox 0 1258 1526 2082">
     <span class='ocr_line' id='line_1_20' title="bbox 171 1258 1477 1315; baseline 0.001 -14"><span class='ocrx_word' id='word_1_154' title='bbox 171 1259 290 1303; x_wconf 90' lang='lat' dir='ltr'>Haec</span> <span class='ocrx_word' id='word_1_155' title='bbox 323 1275 418 1303; x_wconf 91' lang='lat' dir='ltr'>cum</span> <span class='ocrx_word' id='word_1_156' title='bbox 451 1258 665 1315; x_wconf 82' lang='lat' dir='ltr'>Scipionis</span> <span class='ocrx_word' id='word_1_157' title='bbox 699 1262 874 1315; x_wconf 86' lang='lat' dir='ltr'>optutus</span> <span class='ocrx_word' id='word_1_158' title='bbox 904 1274 992 1302; x_wconf 89' lang='lat' dir='ltr'>non</span> <span class='ocrx_word' id='word_1_159' title='bbox 1025 1259 1115 1302; x_wconf 90' lang='lat' dir='ltr'>sine</span> <span class='ocrx_word' id='word_1_160' title='bbox 1148 1259 1330 1303; x_wconf 86' lang='lat' dir='ltr'>admira·</span> <span class='ocrx_word' id='word_1_161' title='bbox 1347 1259 1477 1303; x_wconf 85' lang='lat' dir='ltr'>XVII</span> 
     </span>
     <span class='ocr_line' id='line_1_21' title="bbox 0 1318 1403 1374; baseline 0.001 -15"><span class='ocrx_word' id='word_1_162' title='bbox 0 1318 171 1361; x_wconf 66' lang='lat' dir='ltr'>zotione</span> <span class='ocrx_word' id='word_1_163' title='bbox 217 1333 470 1374; x_wconf 88' lang='lat' dir='ltr'>percurrens</span> <span class='ocrx_word' id='word_1_164' title='bbox 516 1319 569 1361; x_wconf 88' lang='lat' dir='ltr'>ad</span> <span class='ocrx_word' id='word_1_165' title='bbox 611 1321 748 1361; x_wconf 86' lang='lat' dir='ltr'>terras</span> <span class='ocrx_word' id='word_1_166' title='bbox 793 1333 928 1374; x_wconf 87' lang='lat' dir='ltr'>usque</span> <span class='ocrx_word' id='word_1_167' title='bbox 971 1318 1181 1374; x_wconf 86' lang='lat' dir='ltr'>fluxisset,</span> <span class='ocrx_word' id='word_1_168' title='bbox 1226 1321 1268 1360; x_wconf 88' lang='lat' dir='ltr'>et</span> <span class='ocrx_word' id='word_1_169' title='bbox 1313 1318 1403 1362; x_wconf 89' lang='lat' dir='ltr'>illic</span> 
     </span>
     <span class='ocr_line' id='line_1_22' title="bbox 53 1377 1403 1433; baseline 0.001 -15"><span class='ocrx_word' id='word_1_170' title='bbox 53 1377 309 1421; x_wconf 84' lang='lat' dir='ltr'>familiarius</span> <span class='ocrx_word' id='word_1_171' title='bbox 339 1378 570 1433; x_wconf 87' lang='lat' dir='ltr'>haesisset,</span> <span class='ocrx_word' id='word_1_172' title='bbox 600 1392 749 1420; x_wconf 88' lang='lat' dir='ltr'>rursus</span> <span class='ocrx_word' id='word_1_173' title='bbox 782 1378 853 1420; x_wconf 89' lang='lat' dir='ltr'>aui</span> <span class='ocrx_word' id='word_1_174' title='bbox 884 1377 1053 1419; x_wconf 90' lang='lat' dir='ltr'>monitu</span> <span class='ocrx_word' id='word_1_175' title='bbox 1085 1378 1138 1419; x_wconf 91' lang='lat' dir='ltr'>ad</span> <span class='ocrx_word' id='word_1_176' title='bbox 1179 1377 1403 1432; x_wconf 85' lang='lat' dir='ltr'>superiora</span> 
     </span>
     <span class='ocr_line' id='line_1_23' title="bbox 52 1436 1402 1493; baseline 0.001 -16"><span class='ocrx_word' id='word_1_177' title='bbox 52 1439 279 1480; x_wconf 86' lang='lat' dir='ltr'>reuocatus</span> <span class='ocrx_word' id='word_1_178' title='bbox 311 1440 393 1492; x_wconf 90' lang='lat' dir='ltr'>est,</span> <span class='ocrx_word' id='word_1_179' title='bbox 430 1438 574 1493; x_wconf 88' lang='lat' dir='ltr'>ipsum</span> <span class='ocrx_word' id='word_1_180' title='bbox 606 1451 631 1479; x_wconf 86' lang='lat' dir='ltr'>a</span> <span class='ocrx_word' id='word_1_181' title='bbox 671 1436 778 1479; x_wconf 87' lang='lat' dir='ltr'>caeli</span> <span class='ocrx_word' id='word_1_182' title='bbox 810 1436 984 1478; x_wconf 84' lang='lat' dir='ltr'>exordio</span> <span class='ocrx_word' id='word_1_183' title='bbox 1018 1436 1298 1491; x_wconf 88' lang='lat' dir='ltr'>sphaerarum</span> <span class='ocrx_word' id='word_1_184' title='bbox 1337 1451 1402 1479; x_wconf 90' lang='lat' dir='ltr'>or-</span> 
     </span>
     <span class='ocr_line' id='line_1_24' title="bbox 54 1494 1444 1540; baseline 0.003 -4"><span class='ocrx_word' id='word_1_185' title='bbox 54 1494 194 1538; x_wconf 90' lang='lat' dir='ltr'>dinem</span> <span class='ocrx_word' id='word_1_186' title='bbox 238 1496 284 1538; x_wconf 93' lang='lat' dir='ltr'>in</span> <span class='ocrx_word' id='word_1_187' title='bbox 325 1496 432 1539; x_wconf 90' lang='lat' dir='ltr'>haec</span> <span class='ocrx_word' id='word_1_188' title='bbox 469 1497 601 1538; x_wconf 89' lang='lat' dir='ltr'>uerba</span> <span class='ocrx_word' id='word_1_189' title='bbox 638 1495 919 1538; x_wconf 86' lang='lat' dir='ltr'>monstrantis</span> <span class='ocrx_word' id='word_1_190' title='bbox 957 1509 1135 1537; x_wconf 90' lang='lat' dir='ltr'>nouem</span> <span class='ocrx_word' id='word_1_191' title='bbox 1179 1495 1278 1537; x_wconf 91' lang='lat' dir='ltr'>tibi</span> <span class='ocrx_word' id='word_1_192' title='bbox 1321 1497 1444 1540; x_wconf 84' lang='lat' dir='ltr'>or-2</span> 
     </span>
     <span class='ocr_line' id='line_1_25' title="bbox 54 1554 1402 1610; baseline 0 -14"><span class='ocrx_word' id='word_1_193' title='bbox 54 1554 205 1597; x_wconf 89' lang='lat' dir='ltr'>bibus</span> <span class='ocrx_word' id='word_1_194' title='bbox 250 1555 330 1597; x_wconf 89' lang='lat' dir='ltr'>uel</span> <span class='ocrx_word' id='word_1_195' title='bbox 373 1555 549 1610; x_wconf 90' lang='lat' dir='ltr'>potius</span> <span class='ocrx_word' id='word_1_196' title='bbox 593 1554 764 1610; x_wconf 83' lang='lat' dir='ltr'>globis</span> <span class='ocrx_word' id='word_1_197' title='bbox 809 1568 1002 1597; x_wconf 89' lang='lat' dir='ltr'>conexa</span> <span class='ocrx_word' id='word_1_198' title='bbox 1046 1556 1164 1596; x_wconf 88' lang='lat' dir='ltr'>sunt</span> <span class='ocrx_word' id='word_1_199' title='bbox 1214 1554 1402 1610; x_wconf 84' lang='lat' dir='ltr'>omnia,</span> 
     </span>
     <span class='ocr_line' id='line_1_26' title="bbox 0 1613 1401 1668; baseline -0.001 -11"><span class='ocrx_word' id='word_1_200' title='bbox 0 1615 34 1659; x_wconf 43' lang='lat'>1⁸⁵</span> <span class='ocrx_word' id='word_1_201' title='bbox 55 1627 265 1668; x_wconf 88' lang='lat' dir='ltr'>quorum</span> <span class='ocrx_word' id='word_1_202' title='bbox 284 1628 412 1656; x_wconf 88' lang='lat' dir='ltr'>unus</span> <span class='ocrx_word' id='word_1_203' title='bbox 432 1616 510 1656; x_wconf 89' lang='lat' dir='ltr'>est</span> <span class='ocrx_word' id='word_1_204' title='bbox 530 1614 779 1656; x_wconf 88' lang='lat' dir='ltr'>caelestis</span> <span class='ocrx_word' id='word_1_205' title='bbox 802 1613 1038 1668; x_wconf 87' lang='lat' dir='ltr'>extimus,</span> <span class='ocrx_word' id='word_1_206' title='bbox 1065 1613 1149 1668; x_wconf 90' lang='lat' dir='ltr'>qui</span> <span class='ocrx_word' id='word_1_207' title='bbox 1175 1613 1401 1668; x_wconf 88' lang='lat' dir='ltr'>reliquos</span> 
     </span>
     <span class='ocr_line' id='line_1_27' title="bbox 0 1661 1526 1730; baseline 0.001 -16"><span class='ocrx_word' id='word_1_208' title='bbox 0 1661 4 1705; x_wconf 64' lang='grc' dir='ltr'><em>ἶ</em></span> <span class='ocrx_word' id='word_1_209' title='bbox 54 1686 225 1715; x_wconf 87' lang='lat' dir='ltr'>omnes</span> <span class='ocrx_word' id='word_1_210' title='bbox 258 1672 626 1728; x_wconf 81' lang='lat' dir='ltr'>conplectitur,</span> <span class='ocrx_word' id='word_1_211' title='bbox 659 1687 879 1715; x_wconf 89' lang='lat' dir='ltr'>summus</span> <span class='ocrx_word' id='word_1_212' title='bbox 904 1672 1014 1727; x_wconf 87' lang='lat' dir='ltr'>ipse</span> <span class='ocrx_word' id='word_1_213' title='bbox 1047 1672 1188 1726; x_wconf 89' lang='lat' dir='ltr'>deus,</span> <span class='ocrx_word' id='word_1_214' title='bbox 1221 1677 1526 1730; x_wconf 51' lang='lat' dir='ltr'>aggens‘h115-¹0</span> 
     </span>
     <span class='ocr_line' id='line_1_28' title="bbox 0 1708 1495 1787; baseline -0.001 -13"><span class='ocrx_word' id='word_1_215' title='bbox 0 1708 3 1786; x_wconf 51' lang='lat' dir='ltr'>i</span> <span class='ocrx_word' id='word_1_216' title='bbox 53 1733 102 1773; x_wconf 90' lang='lat' dir='ltr'>et</span> <span class='ocrx_word' id='word_1_217' title='bbox 145 1732 420 1774; x_wconf 88' lang='lat' dir='ltr'>continens</span> <span class='ocrx_word' id='word_1_218' title='bbox 466 1734 686 1787; x_wconf 86' lang='lat' dir='ltr'>ceteros,</span> <span class='ocrx_word' id='word_1_219' title='bbox 730 1732 782 1774; x_wconf 92' lang='lat' dir='ltr'>in</span> <span class='ocrx_word' id='word_1_220' title='bbox 823 1746 912 1787; x_wconf 89' lang='lat' dir='ltr'>quo</span> <span class='ocrx_word' id='word_1_221' title='bbox 958 1734 1077 1773; x_wconf 90' lang='lat' dir='ltr'>sunt</span> <span class='ocrx_word' id='word_1_222' title='bbox 1108 1730 1262 1773; x_wconf 86' lang='lat' dir='ltr'>infixi</span> <span class='ocrx_word' id='word_1_223' title='bbox 1299 1731 1403 1787; x_wconf 88' lang='lat' dir='ltr'>illi,</span> <span class='ocrx_word' id='word_1_224' title='bbox 1489 1729 1495 1736; x_wconf 73' lang='grc'><strong>“</strong></span> 
     </span>
     <span class='ocr_line' id='line_1_29' title="bbox 0 1787 1401 1846; baseline 0.001 -15"><span class='ocrx_word' id='word_1_225' title='bbox 0 1787 3 1800; x_wconf 73' lang='lat'>&#39;</span> <span class='ocrx_word' id='word_1_226' title='bbox 54 1790 138 1844; x_wconf 93' lang='lat' dir='ltr'>qui</span> <span class='ocrx_word' id='word_1_227' title='bbox 187 1790 491 1845; x_wconf 87' lang='lat' dir='ltr'>uoluuntur,</span> <span class='ocrx_word' id='word_1_228' title='bbox 536 1791 804 1833; x_wconf 86' lang='lat' dir='ltr'>stellarum</span> <span class='ocrx_word' id='word_1_229' title='bbox 855 1805 1031 1833; x_wconf 84' lang='lat' dir='ltr'>cursus</span> <span class='ocrx_word' id='word_1_230' title='bbox 1084 1790 1401 1846; x_wconf 88' lang='lat' dir='ltr'>sempiterni.</span> 
     </span>
     <span class='ocr_line' id='line_1_30' title="bbox 51 1847 1520 1913; baseline 0.002 -23"><span class='ocrx_word' id='word_1_231' title='bbox 51 1847 170 1891; x_wconf 90' lang='lat' dir='ltr'>huic</span> <span class='ocrx_word' id='word_1_232' title='bbox 202 1849 425 1893; x_wconf 86' lang='lat' dir='ltr'>subiecti</span> <span class='ocrx_word' id='word_1_233' title='bbox 457 1852 577 1892; x_wconf 90' lang='lat' dir='ltr'>sunt</span> <span class='ocrx_word' id='word_1_234' title='bbox 603 1852 815 1905; x_wconf 85' lang='lat' dir='ltr'>septem,</span> <span class='ocrx_word' id='word_1_235' title='bbox 849 1849 936 1904; x_wconf 90' lang='lat' dir='ltr'>qui</span> <span class='ocrx_word' id='word_1_236' title='bbox 962 1851 1235 1892; x_wconf 87' lang='lat' dir='ltr'>uersantur</span> <span class='ocrx_word' id='word_1_237' title='bbox 1259 1851 1520 1913; x_wconf 38' lang='lat' dir='ltr'>rg-tro3rw</span> 
     </span>
     <span class='ocr_line' id='line_1_31' title="bbox 55 1902 1455 1964; baseline 0 -14"><span class='ocrx_word' id='word_1_238' title='bbox 55 1908 322 1964; x_wconf 53' lang='lat' dir='ltr'>contrario</span> <span class='ocrx_word' id='word_1_239' title='bbox 353 1910 493 1951; x_wconf 90' lang='lat' dir='ltr'>motu</span> <span class='ocrx_word' id='word_1_240' title='bbox 524 1911 676 1963; x_wconf 89' lang='lat' dir='ltr'>atque</span> <span class='ocrx_word' id='word_1_241' title='bbox 708 1909 915 1951; x_wconf 86' lang='lat' dir='ltr'>caelum.</span> <span class='ocrx_word' id='word_1_242' title='bbox 983 1923 1004 1950; x_wconf 91' lang='lat' dir='ltr'>e</span> <span class='ocrx_word' id='word_1_243' title='bbox 1037 1909 1215 1964; x_wconf 91' lang='lat' dir='ltr'>quibus</span> <span class='ocrx_word' id='word_1_244' title='bbox 1247 1902 1400 1951; x_wconf 65' lang='grc'>111111“111</span> <span class='ocrx_word' id='word_1_245' title='bbox 1454 1911 1455 1914; x_wconf 72' lang='grc'>’</span> 
     </span>
     <span class='ocr_line' id='line_1_32' title="bbox 53 1955 1401 2022; baseline 0.001 -14"><span class='ocrx_word' id='word_1_246' title='bbox 53 1955 522 2022; x_wconf 49' lang='lat' dir='ltr'>globum—‘possidet</span> <span class='ocrx_word' id='word_1_247' title='bbox 547 1967 659 2022; x_wconf 91' lang='lat' dir='ltr'>illa,</span> <span class='ocrx_word' id='word_1_248' title='bbox 685 1981 830 2022; x_wconf 88' lang='lat' dir='ltr'>quam</span> <span class='ocrx_word' id='word_1_249' title='bbox 849 1968 902 2010; x_wconf 90' lang='lat' dir='ltr'>in</span> <span class='ocrx_word' id='word_1_250' title='bbox 927 1967 1084 2010; x_wconf 87' lang='lat' dir='ltr'>terris</span> <span class='ocrx_word' id='word_1_251' title='bbox 1106 1966 1401 2010; x_wconf 85' lang='lat' dir='ltr'>Saturniam</span> 
     </span>
     <span class='ocr_line' id='line_1_33' title="bbox 17 2025 1400 2082; baseline 0.001 -15"><span class='ocrx_word' id='word_1_252' title='bbox 17 2025 344 2081; x_wconf 56' lang='lat' dir='ltr'>nominant,</span> <span class='ocrx_word' id='word_1_253' title='bbox 383 2026 566 2069; x_wconf 87' lang='lat' dir='ltr'>deinde</span> <span class='ocrx_word' id='word_1_254' title='bbox 617 2028 696 2068; x_wconf 89' lang='lat' dir='ltr'>est</span> <span class='ocrx_word' id='word_1_255' title='bbox 744 2026 1004 2069; x_wconf 91' lang='lat' dir='ltr'>hominum</span> <span class='ocrx_word' id='word_1_256' title='bbox 1054 2027 1233 2082; x_wconf 84' lang='lat' dir='ltr'>generi</span> <span class='ocrx_word' id='word_1_257' title='bbox 1282 2041 1400 2082; x_wconf 88' lang='lat' dir='ltr'>pro-</span> 
     </span>
    </p>
   </div>
   <div class='ocr_carea' id='block_1_4' title="bbox 53 2165 1408 2356">
    <p class='ocr_par' dir='ltr' id='par_1_7' title="bbox 53 2165 1408 2356">
     <span class='ocr_line' id='line_1_34' title="bbox 147 2165 1407 2212; baseline 0.001 -12"><span class='ocrx_word' id='word_1_258' title='bbox 147 2169 168 2200; x_wconf 83' lang='lat'><strong>2</strong></span> <span class='ocrx_word' id='word_1_259' title='bbox 194 2168 227 2200; x_wconf 76' lang='lat' dir='ltr'>et</span> <span class='ocrx_word' id='word_1_260' title='bbox 258 2169 278 2200; x_wconf 91' lang='lat'>3</span> <span class='ocrx_word' id='word_1_261' title='bbox 312 2176 353 2201; x_wconf 89' lang='lat' dir='ltr'>ar</span> <span class='ocrx_word' id='word_1_262' title='bbox 383 2166 426 2202; x_wconf 76' lang='lat' dir='ltr'>in</span> <span class='ocrx_word' id='word_1_263' title='bbox 455 2165 543 2211; x_wconf 80' lang='lat' dir='ltr'>pars</span> <span class='ocrx_word' id='word_1_264' title='bbox 562 2167 605 2202; x_wconf 76' lang='lat' dir='ltr'>in</span> <span class='ocrx_word' id='word_1_265' title='bbox 628 2178 702 2203; x_wconf 81' lang='lat' dir='ltr'>ras.</span> <span class='ocrx_word' id='word_1_266' title='bbox 727 2167 769 2203; x_wconf 78' lang='lat' dir='ltr'>in</span> <span class='ocrx_word' id='word_1_267' title='bbox 792 2167 829 2202; x_wconf 91' lang='lat' dir='ltr'><strong><em>P</em></strong></span> <span class='ocrx_word' id='word_1_268' title='bbox 970 2171 993 2202; x_wconf 88' lang='lat'>4</span> <span class='ocrx_word' id='word_1_269' title='bbox 1019 2165 1145 2212; x_wconf 89' lang='lat' dir='ltr'>capiat</span> <span class='ocrx_word' id='word_1_270' title='bbox 1164 2177 1206 2211; x_wconf 77' lang='lat' dir='ltr'>p,</span> <span class='ocrx_word' id='word_1_271' title='bbox 1231 2167 1344 2212; x_wconf 83' lang='lat' dir='ltr'>capat</span> <span class='ocrx_word' id='word_1_272' title='bbox 1369 2166 1407 2201; x_wconf 92' lang='lat' dir='ltr'><strong><em>P</em></strong></span> 
     </span>
     <span class='ocr_line' id='line_1_35' title="bbox 53 2212 1406 2263; baseline 0.001 -16"><span class='ocrx_word' id='word_1_273' title='bbox 53 2215 75 2247; x_wconf 85' lang='lat'><strong>5</strong></span> <span class='ocrx_word' id='word_1_274' title='bbox 101 2222 236 2248; x_wconf 80' lang='lat' dir='ltr'>circo*</span> <span class='ocrx_word' id='word_1_275' title='bbox 261 2212 298 2247; x_wconf 91' lang='lat' dir='ltr'><strong><em>P</em></strong></span> <span class='ocrx_word' id='word_1_276' title='bbox 386 2217 406 2248; x_wconf 89' lang='grc'><strong>6</strong></span> <span class='ocrx_word' id='word_1_277' title='bbox 433 2212 486 2248; x_wconf 82' lang='lat' dir='ltr'>eft</span> <span class='ocrx_word' id='word_1_278' title='bbox 509 2224 575 2250; x_wconf 87' lang='lat' dir='ltr'>om.</span> <span class='ocrx_word' id='word_1_279' title='bbox 602 2213 650 2249; x_wconf 90' lang='lat' dir='ltr'>P‘</span> <span class='ocrx_word' id='word_1_280' title='bbox 744 2217 765 2249; x_wconf 85' lang='lat'>9</span> <span class='ocrx_word' id='word_1_281' title='bbox 790 2214 934 2263; x_wconf 62' lang='lat' dir='ltr'>speram</span> <span class='ocrx_word' id='word_1_282' title='bbox 963 2215 999 2249; x_wconf 94' lang='lat' dir='ltr'><strong><em>P</em></strong></span> <span class='ocrx_word' id='word_1_283' title='bbox 1078 2216 1122 2249; x_wconf 83' lang='lat'>14</span> <span class='ocrx_word' id='word_1_284' title='bbox 1148 2213 1344 2257; x_wconf 77' lang='lat' dir='ltr'>obtineant</span> <span class='ocrx_word' id='word_1_285' title='bbox 1367 2214 1406 2248; x_wconf 92' lang='lat' dir='ltr'><strong><em>P</em></strong></span> 
     </span>
     <span class='ocr_line' id='line_1_36' title="bbox 55 2257 1408 2304; baseline 0.001 -11"><span class='ocrx_word' id='word_1_286' title='bbox 55 2262 100 2294; x_wconf 83' lang='lat'>15</span> <span class='ocrx_word' id='word_1_287' title='bbox 123 2257 267 2304; x_wconf 80' lang='lat' dir='ltr'>singulo</span> <span class='ocrx_word' id='word_1_288' title='bbox 295 2258 346 2295; x_wconf 91' lang='lat' dir='ltr'>P&#39;</span> <span class='ocrx_word' id='word_1_289' title='bbox 451 2264 496 2296; x_wconf 84' lang='lat'>19</span> <span class='ocrx_word' id='word_1_290' title='bbox 522 2271 604 2297; x_wconf 88' lang='lat' dir='ltr'>com</span> <span class='ocrx_word' id='word_1_291' title='bbox 629 2259 676 2297; x_wconf 87' lang='lat' dir='ltr'>P&#39;</span> <span class='ocrx_word' id='word_1_292' title='bbox 775 2261 930 2298; x_wconf 85' lang='lat' dir='ltr'>obtutus</span> <span class='ocrx_word' id='word_1_293' title='bbox 950 2261 987 2297; x_wconf 91' lang='lat' dir='ltr'><strong><em>P</em></strong></span> <span class='ocrx_word' id='word_1_294' title='bbox 1080 2264 1123 2296; x_wconf 80' lang='lat'>21</span> <span class='ocrx_word' id='word_1_295' title='bbox 1151 2260 1348 2296; x_wconf 75' lang='lat' dir='ltr'>famiharis</span> <span class='ocrx_word' id='word_1_296' title='bbox 1369 2260 1408 2295; x_wconf 89' lang='lat' dir='ltr'><strong><em>P</em></strong></span> 
     </span>
     <span class='ocr_line' id='line_1_37' title="bbox 53 2303 1114 2356; baseline 0.004 -16"><span class='ocrx_word' id='word_1_297' title='bbox 53 2307 195 2342; x_wconf 82' lang='lat' dir='ltr'>monito</span> <span class='ocrx_word' id='word_1_298' title='bbox 222 2303 270 2341; x_wconf 87' lang='lat' dir='ltr'>P&#39;</span> <span class='ocrx_word' id='word_1_299' title='bbox 345 2311 390 2343; x_wconf 77' lang='lat'>26</span> <span class='ocrx_word' id='word_1_300' title='bbox 418 2308 678 2354; x_wconf 84' lang='lat' dir='ltr'>complectitur</span> <span class='ocrx_word' id='word_1_301' title='bbox 705 2309 742 2344; x_wconf 92' lang='lat' dir='ltr'><strong><em>P</em></strong></span> <span class='ocrx_word' id='word_1_302' title='bbox 813 2313 856 2344; x_wconf 87' lang='lat'>31</span> <span class='ocrx_word' id='word_1_303' title='bbox 884 2308 1052 2356; x_wconf 81' lang='lat' dir='ltr'>globium</span> <span class='ocrx_word' id='word_1_304' title='bbox 1078 2309 1114 2344; x_wconf 93' lang='lat' dir='ltr'><strong><em>P</em></strong></span> 
     </span>
    </p>
   </div>
   <div class='ocr_carea' id='block_1_5' title="bbox 0 1799 41 2444">
    <p class='ocr_par' dir='ltr' id='par_1_8' title="bbox 0 1799 41 2444">
     <span class='ocr_line' id='line_1_38' title="bbox 0 1799 41 2444; baseline 0 0"><span class='ocrx_word' id='word_1_305' title='bbox 0 1799 41 2444; x_wconf 95' lang='lat' dir='ltr'> </span> 
     </span>
    </p>
   </div>
  </div>
 </body>
</html>
