1526 2444
103 100 106 102 v
156 82 247 124 510
345 127 352 133 ,
458 83 606 120 coMM.
629 56 682 119 111
708 83 851 119 601111.
878 85 989 120 soff.
1015 85 1140 120 121ss1ss
1165 86 1182 120 1

162 189 390 243 coagulari,
415 191 462 230 ut
481 189 679 243 quiddam
698 190 816 232 uelut
839 190 949 232 inter
967 205 1135 233 carnem
1159 206 1208 234 ac
1233 193 1481 247 sanguinem

159 245 322 301 liquida
353 247 489 288 adhuc
521 247 735 289 soliditate
767 249 1007 302 conueniat,
1043 250 1190 300 quinta
1219 264 1321 292 uero
1352 250 1481 292 inter·-

159 304 259 345 dum
277 304 412 358 fingi
399 319 446 345 m
464 305 558 358 ipsa
577 305 816 347 substantia
834 306 1022 348 humoris
1047 307 1275 349 humanam
1299 308 1480 362 figuram

158 362 451 416 magnitudine
497 362 665 417 quidem
708 363 818 418 apis,
861 364 933 405 sed
975 367 1024 405 ut
1070 365 1114 406 in
1158 365 1233 406 illa
1270 366 1479 407 breuitate

159 419 348 460 membra
374 420 515 462 omnia
540 424 582 462 et
611 421 832 476 designata
857 422 988 463 totius
1019 423 1207 476 corporis
1232 423 1480 466 liniamenta
1512 436 1526 464 ε

89 479 143 520 66
159 477 409 519 consistant.
474 478 568 519 ideo
610 482 750 520 autem
794 479 1020 521 adiecimus
1064 480 1337 533 interdum,
1381 481 1479 536 quia

140 537 328 576 >constat
353 536 556 589 quotiens·
577 537 726 590 quinta
756 536 1016 578 hebdomade
1040 537 1215 591 fingitur
1241 538 1479 593 designatio

155 593 240 634 ista
288 594 592 648 membrorum,
635 608 778 636 mense
828 595 1008 649 septimo
1051 596 1254 637 maturari
1295 599 1476 650 partum.

157 664 252 691 cum
279 653 420 692 autem
445 663 556 694 nono
583 666 725 693 mense
751 652 960 694 absolutio
980 652 1123 694 futura
1147 655 1222 707 est,
1248 654 1283 695 si
1309 654 1476 720 quidem
1520 697 1526 700 ,

155 707 314 750 femina
361 709 611 764 fabricatur,
671 713 790 751 sexta
836 710 1098 752 hebdomade
1152 686 1342 753 me'mbra
1389 712 1475 753 iam
1495 724 1526 752 ια

87 769 140 810 67
154 765 302 807 d1u1d1
335 766 371 807 si
395 768 606 808 masculus
633 768 825 821 septima.
880 772 979 822 post
1002 771 1172 834 partum
1202 783 1303 810 uero
1334 772 1475 811 utrum

155 823 366 865 uicturum
399 825 466 878 sit,
498 825 614 879 quod*
642 825 821 866 effusum
852 829 929 879 est,
962 840 1012 867 an
1045 826 1090 868 in
1115 828 1234 868 utero
1267 827 1327 868 sic
1357 841 1476 881 prae·

153 885 387 935 mortuum,
417 885 464 924 ut
495 884 682 924 tantum
693 883 818 924 modo
850 884 1013 937 spirans
1044 886 1261 938 nascatur,
1293 885 1475 939 septima

152 938 257 980 hora
294 939 506 981 discernit.
566 941 679 982 ultra
709 941 820 982 hunc
851 941 963 982 enim
1002 941 1201 982 horarum
1241 956 1473 996 numerum,

153 1010 259 1049 quae
289 1001 560 1051 praemortua
595 1001 842 1050 nascuntur,
880 999 988 1040 aeris
1026 999 1206 1040 halitum
1243 999 1351 1041 ferre
1386 1014 1474 1042 non
1491 1010 1526 1040 111

151 1057 346 1107 possunt:
379 1069 503 1109 quem
528 1056 715 1110 quisquis
741 1057 852 1102 ultra
877 1059 1037 1110 septem
1053 1056 1188 1098 horas
1215 1058 1474 1112 sustinuerit,
1524 1110 1526 1115 Α

152 1112 415 1168 intellegitur
452 1114 505 1155 ad
541 1114 674 1155 uitam
706 1117 890 1167 creatus,
927 1114 1027 1155 nisi
1042 1114 1147 1155 alter
1176 1113 1304 1167 forte,
1335 1116 1473 1169 qualis

83 1173 137 1214 68
152 1169 386 1223 perfectum
410 1173 565 1225 potest,
590 1185 712 1212 casus
739 1172 901 1225 eripiat.
944 1172 1049 1213 item
1073 1174 1171 1225 post
1195 1172 1284 1215 dies
1310 1175 1472 1226 septem

151 1227 283 1269 iactat
307 1229 507 1295 reliquias
538 1229 741 1282 umbilici,
773 1232 816 1270 et
845 1231 943 1283 post
967 1229 1032 1270 bis
1059 1231 1220 1283 septem
1244 1230 1394 1284 incipit
1418 1230 1471 1272 ad
1521 1238 1526 1274 Ξ

73 1307 79 1312 ·
102 1313 106 1318 -
150 1285 293 1327 lumen
321 1286 438 1328 uisus
463 1287 553 1328 eius
578 1287 752 1340 moueri,
783 1291 826 1328 et
849 1289 948 1340 post
973 1287 1126 1341 septies
1153 1290 1314 1341 septem
1337 1288 1470 1330 libere
1487 1281 1526 1336 fid

148 1343 234 1384 iam
266 1346 309 1384 et
338 1344 517 1398 pupulas
549 1347 592 1385 et
621 1347 758 1386 totam
789 1345 940 1386 faciem
969 1345 1099 1386 uertit
1130 1345 1181 1386 ad
1211 1349 1354 1387 motus
1385 1346 1470 1388 sin·
1499 1389 1506 1395 ,

80 1404 133 1445 69
150 1402 270 1455 gulos
311 1402 595 1444 uidendorum.
653 1405 752 1457 post
791 1405 954 1458 septem
985 1417 1085 1444 uero
1123 1417 1286 1452 menses
1323 1404 1469 1446 dentes

29 1462 32 1466 '
147 1459 358 1525 incipiunt
401 1456 659 1502 mandibuiis
703 1474 934 1515 emergere,
960 1464 1022 1502 et
1064 1464 1163 1514 post
1206 1461 1270 1502 bis
1307 1465 1470 1516 septem
1519 1487 1522 1490 >

147 1517 265 1558 sedet
297 1518 386 1558 sine
426 1532 548 1560 casus
585 1518 755 1560 timore:
791 1521 891 1572 post
926 1521 991 1560 ter
1021 1522 1183 1572 septem
1220 1533 1348 1560 sonus
1379 1520 1468 1561 eius

146 1575 190 1616 in
221 1575 352 1616 uerba
378 1577 628 1630 prorumpit,
660 1578 702 1617 et
727 1565 825 1630 post
850 1579 999 1631 quater
1024 1578 1187 1642 septem
1211 1590 1297 1618 non
1328 1577 1467 1618 solum
1491 1594 1495 1597 ·
1515 1616 1518 1621 .

104 1663 106 1666 -
146 1635 234 1674 stat
275 1633 453 1674 firmiter
495 1635 569 1678 sed
611 1636 654 1675 et
689 1634 862 1675 incedit:
906 1637 1030 1688 post
1049 1634 1268 1688 quinquies
1307 1637 1467 1689 septem
1515 1663 1518 1691 ;

145 1691 296 1744 incipit
321 1691 387 1732 lac
411 1692 588 1733 nutricis
613 1691 867 1746 horrescere,
896 1692 980 1733 nisi
1004 1692 1114 1733 forte
1140 1691 1192 1733 ad
1216 1692 1467 1746 patientiam
1513 1699 1515 1703 '

143 1747 349 1802 longioris
394 1763 493 1796 usus
537 1750 785 1796 continuata
830 1749 1131 1791 consuetudine
1179 1750 1464 1803 protrahatur.
1511 1760 1513 1764 ’

79 1807 132 1848 70
145 1809 244 1859 post
275 1821 408 1848 annos
435 1810 602 1862 septem
630 1807 787 1860 dentes,
819 1808 891 1862 qui
915 1808 1043 1862 primi
1069 1810 1340 1863 emerserant,
1371 1808 1480 1862 aliis·
1503 1819 1508 1864 j

146 1863 382 1916 aptioribus
439 1866 491 1906 ad
546 1866 686 1906 cibum
742 1865 919 1907 solidum
972 1865 1243 1907 nascentibus
1297 1866 1462 1920 cedunt,

144 1920 374 1975 eodemque
424 1936 532 1963 anno
585 1923 645 1975 [id
694 1925 759 1964 est
807 1923 1007 1977 septimo]
1056 1924 1186 1976 plene.
1227 1922 1466 1966 absoluitur
1500 1963 1518 1974 ,

143 1978 369 2033 integritas
401 1980 615 2034 loquendi:
654 1980 763 2022 unde
795 1983 1030 2035 et'septem
1061 1980 1229 2022 uocales
1260 1981 1408 2023 literae
1439 1995 1471 2022 a>

233 2095 254 2126 3
280 2092 419 2128 umorls
438 2090 486 2128 P'
567 2096 590 2127 4
614 2082 868 2139 magnitudine
894 2093 931 2131 Β
1009 2093 1062 2128 set
1084 2093 1131 2128 B'
1210 2096 1231 2132 5
1256 2094 1407 2129 menbra
1430 2093 1468 2128 P

142 2142 161 2173 7
187 2139 389 2174 ebdomade
414 2139 457 2183 P,
490 2149 534 2183 ep
538 2139 692 2174 domade
717 2139 753 2174 B
825 2143 868 2174 10
888 2139 1092 2174 ebdomade
1111 2140 1180 2175 ΡΒ
1249 2147 1326 2174 lam
1344 2150 1409 2176 om.
1429 2140 1467 2175 P

141 2188 183 2219 12
209 2186 289 2219 uitu
313 2182 361 2219 12¹
482 2151 534 2220 15
551 2185 682 2220 alitum
709 2186 779 2220 PB
899 2190 941 2221 19
962 2190 1045 2230 post
1069 2187 1183 2221 iactat
1206 2186 1272 2222 del.
1297 2198 1335 2221 m
1359 2187 1401 2222 in
1423 2186 1462 2220 Β
1493 2207 1495 2210 «

139 2234 183 2266 26
203 2235 287 2276 post
309 2231 382 2267 stat
407 2232 473 2269 del.
498 2243 535 2266 111
560 2233 602 2267 in
626 2233 662 2267 Β
774 2235 819 2267 30
844 2233 937 2277 cybu
961 2232 998 2267 P
1089 2236 1133 2267 31
1157 2232 1197 2267 id
1222 2233 1279 2267 est
1299 2232 1461 2277 septimo
1484 2247 1498 2264 2
1517 2271 1520 2274 p

124 2288 126 2290 ’
137 2275 253 2313 dalem:
