1526 2444
111 219 277 261 2lunae
310 233 456 260 cursus
489 220 640 261 confici
670 220 856 274 credidit,
886 235 1019 263 annus
1051 223 1353 265 extenderetur.
1413 227 1473 266 at-

153 291 232 331 que
263 277 330 317 his
363 277 671 331 quinquaginta
702 277 849 319 diebus
881 293 907 320 a
937 293 982 320 se
1011 279 1165 321 additis
1191 281 1343 322 adiecit
1367 281 1472 324 alios
1522 279 1526 284 ’

152 348 235 388 sex,
266 337 472 376 retractos
497 335 584 376 illis
609 349 682 377 sex
706 336 931 391 mensibus,
962 338 1033 391 qui
1057 338 1234 392 triginta
1259 338 1472 381 habebant

152 392 260 445 dies,
295 392 337 432 id
374 394 438 432 est
474 392 524 433 de
561 393 742 448 singulis
774 393 984 448 singulos,
1020 395 1236 450 factosque
1268 396 1471 462 quinqua·
1499 392 1526 459 g

151 54 207 96 fib
670 56 758 91 sAT
795 56 923 91 LIBRI
946 56 963 91 I
1474 0 1526 215 1

152 163 364 203 trecentos
391 162 701 216 quinquaginta
725 165 925 217 quattuor
949 163 1049 219 dies,
1074 165 1226 219 quibus
1252 165 1471 208 duodecim

1504 214 1526 297 Ξ

1504 294 1526 393 j}

152 450 273 504 ginta.
310 452 352 490 et
389 463 461 490 sex
498 450 585 491 dies
616 451 661 491 in
692 451 797 492 duos
828 466 962 493 nouos
993 467 1157 494 menses
1187 454 1280 508 pari
1310 454 1472 495 ratione

109 507 310 557 3diuisit,
336 521 384 548 ac
410 507 460 548 de
486 507 649 550 duobus
674 509 857 562 priorem
882 509 1171 552 Ianuarium
1198 513 1471 566 nuncupauit,
1504 520 1511 530 “

150 565 418 620 primumque
462 566 562 606 anni
605 580 695 607 esse
734 566 887 621 uoluit,
928 571 1146 622 tamquam
1182 569 1369 623 bicipitis
1405 569 1471 611 dei

149 637 337 664 mensem
368 623 659 677 respicientem
694 638 742 665 ac
772 624 1102 679 prospicientem
1133 627 1339 668 transacti
1370 628 1470 668 anni

149 681 277 722 finem
315 680 529 735 futurique
559 681 786 736 principia,
823 683 1052 725 secundum
1083 683 1241 725 dicauit
1276 684 1469 727 Februo
1502 731 1515 739 .

150 739 240 792 deo,
271 739 342 793 qui
373 739 673 780 lustrationum
703 744 853 793 potens
885 740 1081 783 creditur.
1129 742 1301 783 lustrari
1330 745 1470 784 autem
1504 741 1517 784 'r

109 797 200 838 4eo
233 810 377 838 mense
407 796 625 838 ciuitatem
656 811 827 839 necesse
859 801 960 852 erat,
991 813 1073 853 quo
1106 800 1256 841 statuit
1284 803 1332 841 ut
1360 800 1471 842 iusta
1524 826 1526 829 ·

149 854 212 895 dis
232 853 431 895 Manibus
457 855 732 898 soluerentur.
774 853 940 896 Numae
966 856 1276 899 ordinationem
1301 858 1470 899 finitimi
1502 866 1505 911 ]

147 926 247 953 mox
283 912 417 953 secuti
452 912 630 953 totidem
667 913 812 954 diebus
851 914 1111 968 totidemque
1147 916 1381 970 mensibus,
1423 919 1470 957 ut

145 969 356 1023 Pompilio
392 970 571 1024 placuit,
609 985 765 1011 annum
799 985 921 1012 suum
953 976 1199 1026 computare
1230 976 1468 1027 coeperunt,
1507 1019 1516 1027 ⁴

147 1028 220 1069 sed
252 1028 332 1069 hoc
364 1028 455 1069 solo
487 1028 796 1082 discrepabant,
827 1029 937 1083 quod
963 1043 1126 1071 menses
1153 1030 1469 1073 undetricenum

106 1085 437 1139 5tricenumque
466 1100 642 1127 numero
674 1086 1002 1128 alternauerunt.
1049 1088 1176 1142 paulo
1207 1091 1305 1142 post
1329 1088 1470 1132 Numa

145 1143 191 1184 in
232 1144 436 1185 honorem
478 1143 651 1197 imparis
693 1145 876 1197 numeri,
921 1148 1126 1187 secretum
1168 1146 1249 1188 hoc
1293 1148 1335 1188 et
1371 1149 1468 1188 ante
1502 1200 1504 1202 ,

144 1201 436 1255 Pythagoram
471 1202 734 1254 parturiente
770 1205 939 1257 natura,
982 1217 1113 1245 unum
1150 1203 1304 1246 adiecit
1347 1204 1468 1258 diem,

146 1273 270 1313 quem
302 1258 498 1300 Ianuario
536 1259 667 1312 dedit,
704 1262 750 1300 ut
783 1262 871 1301 tam
902 1260 948 1300 in
979 1275 1089 1302 anno
1122 1276 1248 1316 quam
1277 1262 1322 1302 in
1353 1276 1466 1303 men·

146 1317 263 1358 sibus
296 1317 474 1371 singulis
505 1319 673 1370 praeter
701 1332 832 1358 unum
856 1317 1131 1360 Februarium
1162 1319 1300 1373 impar
1323 1334 1467 1362 nume·

143 1389 214 1415 rus
247 1377 496 1416 seruaretur,
544 1389 643 1415 nam
674 1375 774 1428 quia
799 1375 1015 1417 duodecim
1040 1391 1219 1431 menses,
1251 1377 1286 1418 si
1312 1378 1467 1432 singuli

144 1435 219 1473 aut
248 1432 341 1486 pari
372 1435 446 1473 aut
470 1432 625 1486 impari
647 1446 822 1474 numero
846 1435 1109 1488 putarentur,
1139 1436 1466 1477 consummatio·
1514 1489 1519 1492 Ι

143 1504 241 1531 nem
271 1504 417 1544 parem
447 1489 645 1545 facerent,
675 1505 783 1532 unus
814 1492 907 1545 pari
930 1506 1103 1533 numero
1129 1492 1349 1534 institutus
1375 1494 1465 1535 uni·

104 1548 309 1589 6uersam
351 1548 616 1601 putationem
658 1548 861 1602 imparem
901 1549 1013 1591 fecit.
1078 1550 1298 1592 Ianuarius
1334 1551 1465 1606 igitur
1493 1562 1495 1564 ·

141 1605 304 1659 Aprilis
329 1605 476 1647 Iunius
503 1604 675 1647 Sextilis
695 1604 942 1660 September
965 1605 1208 1649 Nouember
1233 1608 1465 1650 December
1497 1650 1499 1652 ,

141 1663 426 1704 undetricenis
457 1664 736 1704 censebantur
773 1663 936 1719 diebus,
973 1668 1015 1706 et
1052 1666 1277 1719 quintanas
1317 1665 1463 1708 Nonas
1499 1693 1523 1714 7,

141 1721 373 1774 habebant,
416 1735 464 1762 ac
505 1723 605 1774 post
634 1720 733 1762 Idus
774 1721 819 1762 in
862 1723 1056 1764 omnibus
1094 1738 1128 1764 a.
1161 1724 1197 1765 d.
1237 1724 1462 1778 septimum
1512 1728 1522 1743 ”

102 1779 125 1819 7
141 1778 348 1819 decimum
373 1778 587 1819 Kalendas
612 1779 945 1832 computabatur.
993 1780 1172 1822 Martius
1197 1795 1298 1823 uero
1323 1781 1461 1823 Malus
1501 1794 1518 1824 :5

141 1835 341 1885 Quintilis
367 1838 410 1877 et
435 1834 616 1877 October
641 1836 730 1877 dies
755 1837 938 1878 tricenos
965 1838 1156 1892 singulos
1176 1839 1514 1893 possidebant.

139 1892 288 1936 Nonae
318 1895 362 1934 in
391 1893 459 1935 his
488 1894 748 1948 septimanae
775 1898 905 1948 erant,
937 1896 1214 1951 similiterque
1238 1900 1338 1951 post
1360 1896 1459 1938 Idus
1495 1910 1499 1911 ⁷

183 2079 187 2081 ·
232 2070 249 2100 1
276 2065 346 2099 1111
370 2067 411 2100 in
435 2075 506 2100 ras.
533 2066 573 2100 in
598 2065 634 2099 P
696 2068 781 2110 post
805 2068 1072 2111 quinquaginta
1096 2068 1179 2103 add.
1200 2067 1230 2102 85
1247 2068 1283 2102 Β
1353 2069 1459 2113 guat-

134 2114 220 2146 tuor
243 2115 285 2147 ut
308 2113 385 2147 uid.
409 2109 456 2146 B'
533 2115 556 2146 4
579 2111 742 2146 habeant
764 2109 809 2146 B'
890 2117 910 2148 5
935 2113 1055 2148 factos
1073 2124 1160 2157 qma
1183 2111 1244 2159 P'‚
1270 2113 1458 2158 factusque
1492 2149 1495 2153 ,

134 2155 180 2193 B'
261 2162 280 2193 7
307 2169 347 2193 or
370 2159 412 2192 in
435 2167 594 2202 prlorem
618 2159 660 2192 in
683 2169 754 2194 ras.
780 2159 822 2194 in
845 2158 882 2192 P
956 2163 999 2195 10
1022 2159 1137 2194 futurl
1163 2160 1200 2194 P
1276 2171 1456 2205 prmclpio
1499 2167 1501 2170 ’

134 2204 181 2239 B'
303 2208 346 2239 14
370 2203 552 2239 menslbus
570 2215 635 2239 om.
660 2203 709 2239 P'
830 2208 872 2240 16
898 2205 1174 2241 undetncenum
1200 2206 1273 2241 bP·
1299 2207 1396 2241 unde
1419 2206 1457 2242 Β
1491 2214 1495 2215 ⁷

134 2255 179 2287 21
205 2250 415 2287 febroarum
439 2250 485 2286 B'
493 2251 529 2286 P
597 2254 640 2286 28
666 2261 700 2285 a.
728 2251 779 2296 d.]
806 2251 853 2286 ad
877 2252 951 2288 BP
