1526 2444
638 44 743 82 XV11
771 47 907 80 10-17
1362 42 1448 85 323

95 169 197 197 nam
228 153 413 197 candens
445 154 609 196 scilicet
640 168 665 196 a
695 153 880 196 candore
912 152 1085 207 dictum,
1115 166 1204 195 non
1235 167 1260 194 a
1291 152 1444 194 calore.

43 242 51 249 -
97 213 210 269 quod
241 216 383 255 autem
415 213 654 268 scopulos
687 212 912 255 eructari
945 214 994 254 et
1025 211 1158 266 erigi
1184 211 1441 267 eosdemque
1463 211 1518 253 14

95 272 213 328 ipsos
241 272 388 315 statim
421 271 687 327 liquefieri
719 274 762 314 et
787 285 985 328 gemere
1007 274 1134 326 atque
1161 270 1446 326 glomerari

97 332 186 374 sub
227 346 377 373 auras
415 331 538 386 dixit,
578 331 661 373 hoc
696 345 775 373 nec
813 330 1060 373 a‘Pindaro
1100 330 1328 385 scriptum,
1365 343 1446 371 nec

62 406 78 431 5
97 405 302 446 umquam
346 390 473 432 fando
518 390 730 445 auditum,
762 392 805 432 et
848 389 1059 444 omnium,
1103 403 1211 445 quae
1250 391 1446 432 monstra

98 449 308 503 dicuntur,
339 449 786 492 monstruosissimum
819 451 895 492 est.

214 508 441 551 Postremo
479 507 634 550 Graiae
677 508 850 564 linguae
895 522 1025 563 quam
1070 521 1114 549 se
1151 507 1338 549 libenter
1375 506 1519 549 acl-15

98 567 265 623 dixerit,
295 567 347 610 de
379 567 558 622 crebris,
590 582 698 623 quae
730 569 930 623 usurpat,
961 566 1185 609 uocabulis
1218 566 1446 608 aestimate

160 649 254 692 dius
285 649 448 702 Vlixes,

47 723 81 748 ιο
162 709 332 763 spelaea
362 709 563 764 ferarum,

157 766 337 810 daedala
367 770 493 822 tecta,

156 825 433 881 Rhodopeiae
465 840 584 868 arces

156 885 328 940 altaque
359 884 588 927 Panchaea

155 946 283 999 atque
317 942 453 986 Getae
485 946 614 999 atque
645 943 817 986 Hebrus
849 946 893 986 et
924 943 1072 986 Actias
1106 942 1318 999 Orithyia,

44 1015 77 1042 15
96 1006 140 1045 et

1 1060 4 1084 ³
155 1061 301 1117 Thyas
333 1062 408 1104 ubi
441 1061 587 1104 audito
622 1062 848 1104 stimulant
878 1062 1100 1104 trieterica
1131 1061 1304 1105 Baccho
1463 1062 1517 1104 16

154 1122 277 1176 orgia
308 1123 626 1176 nocturnusque
658 1123 787 1164 uocat
818 1122 1004 1164 clamore
1037 1120 1288 1177 Cithaeron,

95 1181 139 1221 et

3 1254 6 1350 1
40 1311 76 1337 ²⁰
96 1300 138 1339 et,
152 1252 240 1280 non
269 1238 351 1280 tibi
382 1238 638 1293 Tyndaridis
670 1239 802 1281 facies
833 1240 973 1282 inuisa
998 1239 1232 1295 Lacaenae,

4 1354 7 1406 Ξ
34 1416 36 1419 v
153 1355 261 1398 ferte
294 1356 421 1398 simul
452 1356 672 1411 Faunique
704 1357 857 1412 pedem
888 1357 1170 1412 Dryadesque
1201 1357 1374 1412 puellae

22 1507 28 1510 .
95 1417 137 1457 et
153 1473 255 1516 hinc
287 1476 415 1529 atque
447 1473 547 1516 hinc
579 1474 876 1529 glomerantur
907 1474 1108 1530 Oreades,

42 1602 76 1628 25
96 1535 138 1574 eh
156 1606 257 1646 pars
289 1591 470 1646 pedibus
501 1591 712 1647 plaudunt
742 1592 934 1647 choreas,

95 1652 138 1691 et
379 1708 548 1751 Milesia
578 1709 740 1752 uellera
770 1710 987 1765 nymphae
1463 1711 1515 1752 17

156 1768 392 1823 carpebant
422 1768 543 1823 hyali
576 1770 724 1811 saturo
756 1769 900 1811 fucata
932 1770 1074 1812 colore

190 1895 210 1925 9
235 1889 346 1935 Verg.
372 1889 463 1925 Aen.
489 1890 524 1924 II
549 1894 627 1925 261.
655 1893 721 1926 762
823 1895 866 1927 10
892 1891 1011 1937 eclog.
1038 1891 1071 1926 X
1097 1896 1140 1928 52
1238 1896 1281 1927 11
1310 1892 1443 1938 Georg.

92 1935 162 1971 IIII
188 1939 255 1972 179
342 1941 384 1972 12
410 1937 460 1972 ib.
486 1936 555 1972 IIII
579 1941 647 1973 461
731 1942 774 1974 16
800 1938 891 1974 Aen.
918 1939 988 1973 IIII
1013 1942 1081 1974 302
1170 1944 1212 1976 19
1238 1940 1289 1976 ib.
1315 1939 1350 1974 Π
1376 1945 1443 1976 601

12 2027 16 2056 ἶ
93 1983 298 2066 ῗῙΙΠΘξὲΞΒ.
324 1985 339 2020 1
368 1988 409 2019 11
491 1987 535 2020 23
561 1985 653 2020 Aen.
679 1985 696 2020 I
722 1988 791 2021 500
870 1989 914 2021 25
940 1986 990 2022 ib.
1017 1986 1068 2022 VI
1096 1990 1164 2023 644
1237 1991 1281 2024 27
1309 1987 1443 2033 Georg.

189 2147 208 2178 7
235 2142 271 2178 se
295 2154 362 2178 om.
391 2143 428 2179 P
499 2147 520 2179 9
540 2144 604 2179 dm
627 2144 742 2180 uhxis
756 2145 794 2180 P
857 2148 900 2181 10
919 2145 1046 2191 spolea
1065 2146 1103 2182 P
1173 2150 1216 2182 12
1236 2146 1391 2193 rodople
1412 2147 1449 2182 P

97 2192 140 2224 13
164 2201 307 2235 pancea
330 2190 368 2226 P
455 2194 499 2226 14
524 2191 638 2239 geth?
663 2192 701 2227 P
785 2204 890 2229 accia
915 2193 1068 2229 sonthla
1092 2194 1130 2229 P
1225 2198 1269 2229 16
1294 2194 1397 2229 thias
1412 2194 1447 2228 P

97 2237 182 2272 aubi
205 2236 258 2272 P'
330 2237 498 2273 st1mulat
521 2238 558 2273 P
628 2239 748 2275 bacho
777 2239 815 2275 P
886 2244 929 2276 17
957 2241 1129 2277 citheron
1153 2241 1190 2276 P
1257 2245 1300 2277 19
1320 2241 1445 2277 tmda-

96 2283 188 2319 ndis
208 2285 244 2320 P
314 2289 359 2321 25
385 2285 542 2322 choreos
562 2286 600 2321 P
669 2291 714 2322 27
739 2287 856 2335 niphe
879 2288 920 2323 ’.Ρ
988 2291 1033 2324 28
1058 2288 1171 2324 sat1ro
1197 2289 1235 2324 P

1087 2348 1160 2382 21*
