1526 2444
583 65 669 100 XXI
694 67 835 102 25-34
1303 64 1389 107 577

41 190 196 219 norum
228 177 311 230 est,
348 174 493 218 omnia
524 173 630 230 iam,
660 176 709 216 ut
745 174 918 229 opinor,
950 172 1228 216 absoluimus.
1288 187 1389 215 nam
1404 173 1461 216 29

44 238 88 278 et
131 235 295 277 caelum
343 233 463 276 uolui
512 235 556 275 et
614 247 687 276 cur
731 233 792 275 ita
841 233 1061 288 uoluatur,
1109 231 1391 287 ostendimus,

45 295 292 349 septemque
334 292 540 347 sphaeras
579 292 796 335 contrario
833 294 957 334 motu
993 290 1098 333 ferri
1127 290 1240 334 ratio
1271 291 1391 333 indu-

43 353 185 395 bitata
219 351 444 407 patefecit,
483 353 527 394 et
563 351 614 393 de
650 351 747 406 ipso
786 351 1067 406 sphaerarum
1104 350 1251 393 ordine
1289 350 1391 406 quid

7 423 26 451 ι
46 411 205 453 diuersi
246 411 481 465 senserint,
530 410 599 452 uel
650 410 752 465 quid
802 410 914 452 inter
956 424 1029 452 eos
1079 409 1392 452 dissensionem

44 469 204 525 fecerit,
235 483 399 525 quaeue
425 469 563 525 magis
590 469 649 511 sit
674 469 891 524 sequenda
918 468 1146 524 sententia,
1178 470 1391 511 tractatus

44 529 221 571 inuenit.
281 543 360 571 nec
390 528 473 571 hoc
498 528 677 570 tacitum
709 530 786 583 est,
817 542 892 570 cur
917 529 1029 570 inter
1061 542 1210 570 omnes
1243 528 1391 569 stellas
1405 527 1464 570 30

0 588 1 624 ἐ
46 587 140 630 sola
177 587 270 629 sine
302 587 449 629 fratris
482 587 613 629 radiis
646 587 749 629 luna
779 601 868 629 non
898 587 1059 643 luceat,
1103 587 1177 628 sed
1209 588 1252 628 et
1282 600 1391 642 quae

46 646 285 701 spatiorum
316 646 430 689 ratio
463 646 598 689 solem
632 646 686 688 ab
718 646 786 688 his
818 660 1004 701 quoque,
1047 646 1120 701 qui
1152 659 1248 687 eum
1281 646 1394 687 inter

10 717 29 745 ο
47 710 213 760 septem
245 708 446 760 quartum
471 706 681 756 locarunt,
711 719 799 747 non
823 707 972 746 tamen
997 704 1180 759 abrupte
1206 704 1393 746 medium

46 764 120 806 sed
151 763 239 806 fere
270 764 457 806 medium
489 763 573 806 dici
604 763 810 818 coegerit,
840 763 1107 818 publicatum
1147 765 1223 805 est.
1288 763 1390 818 quid
1407 763 1462 805 31

47 822 290 878 significent
331 823 526 878 nomina,
570 822 725 878 quibus
774 821 836 863 ita
886 824 1084 876 uocatur,
1134 823 1183 863 ut
1226 821 1392 863 laudari

46 883 216 924 tantum
247 883 423 936 putetur
453 881 657 936 innotuit,
696 881 949 936 magnitudo
981 894 1151 936 quoque
1190 880 1280 922 eius
1320 879 1396 922 sed

47 942 91 982 et
136 940 352 995 caelestis,
399 955 475 995 per
519 954 646 995 quem
702 940 919 995 discurrit,
969 940 1117 982 circuli
1169 942 1395 995 terraeque

47 999 207 1054 pariter
246 1001 410 1054 quanta
448 999 506 1041 sit
542 1000 611 1041 uel
655 1013 779 1053 quem
818 999 870 1041 ad
907 998 1082 1041 modum
1120 998 1395 1053 deprehensa,

46 1060 334 1100 monstratum
361 1060 436 1100 est.
475 1058 763 1100 subiectarum
790 1058 1072 1113 sphaerarum
1093 1057 1242 1099 stellae
1267 1072 1395 1113 quem
1409 1057 1467 1100 32

49 1117 103 1158 ad
135 1116 309 1159 modum
341 1117 387 1158 in
418 1116 603 1172 zodiaco,
636 1118 709 1172 qui
742 1131 873 1171 supra
904 1131 1053 1159 omnes
1086 1119 1167 1172 est,
1198 1115 1303 1158 ferri
1335 1116 1394 1158 di-

49 1178 221 1230 cantur,
252 1175 321 1217 uel
353 1190 462 1230 quae
493 1176 605 1217 ratio
638 1175 907 1218 diuersarum
943 1175 1075 1218 faciat
1107 1190 1181 1217 seu
1213 1175 1395 1217 celerem

49 1248 124 1276 seu
142 1234 313 1276 tardum
333 1248 563 1289 recursum,
590 1234 663 1276 sed
690 1236 734 1276 et
758 1234 850 1289 ipse
876 1235 1073 1277 zodiacus
1098 1234 1143 1276 in
1170 1234 1394 1277 duodecim

50 1295 196 1348 partes
228 1307 313 1348 qua
353 1293 523 1335 ratione
561 1293 725 1335 diuisus
758 1293 832 1348 sit,
871 1308 1028 1348 curque
1066 1292 1193 1335 Aries
1230 1293 1395 1348 primus

48 1352 272 1406 habeatur,
304 1354 348 1393 et
379 1366 488 1407 quae
520 1352 645 1407 signa
684 1352 729 1393 in
760 1366 941 1407 quorum
972 1352 1197 1394 numinum
1230 1352 1396 1394 dicione

49 1411 135 1453 sint
165 1411 411 1453 absolutum
444 1412 520 1453 est.
570 1410 644 1453 sed
676 1411 821 1452 omnia
852 1410 969 1466 haec,
1001 1425 1109 1467 quae
1141 1411 1192 1452 de
1225 1424 1393 1453 summo
1410 1411 1467 1454 33

50 1469 103 1511 ad
135 1469 284 1511 lunam
321 1484 456 1524 usque
492 1470 766 1525 perueniunt,
804 1484 926 1512 sacra
957 1470 1212 1524 incorrupta
1249 1469 1397 1512 diuina

52 1530 170 1583 sunt,
209 1528 310 1584 quia
341 1528 385 1570 in
417 1529 523 1583 ipsis
557 1532 622 1571 est
653 1529 802 1570 aether
840 1543 1007 1583 semper
1045 1529 1158 1570 idem
1195 1542 1273 1570 nec
1306 1543 1397 1570 um-

51 1602 179 1642 quam
217 1587 426 1642 recipiens
471 1588 742 1642 inaequalem
784 1587 1007 1629 uarietatis
1046 1589 1224 1629 aestum.
1284 1587 1398 1629 infra

48 1646 197 1688 lunam
217 1648 260 1687 et
285 1660 358 1687 aer
383 1648 427 1688 et
450 1649 606 1688 natura
630 1647 963 1702 permutationis
989 1646 1153 1702 pariter
1171 1646 1398 1701 incipiunt,

51 1708 94 1747 et
125 1705 236 1747 sicut
261 1703 446 1747 aetheris
478 1707 522 1747 et
547 1706 671 1761 aeris,
701 1706 764 1747 ita
795 1705 1039 1747 diuinorum
1072 1707 1115 1747 et
1140 1705 1397 1747 caducorum

50 1763 152 1806 luna
202 1763 434 1806 confinium
478 1766 556 1806 est.
624 1764 737 1820 quod
776 1768 919 1806 autem
964 1765 1025 1806 ait
1071 1764 1204 1806 nihil
1254 1763 1471 1808 infra34

50 1822 222 1865 lunam
273 1836 366 1864 esse
416 1822 644 1865 diuinum
695 1826 902 1878 praeter
951 1823 1149 1866 animos
1194 1837 1397 1865 munere

53 1880 258 1923 deorum
276 1880 537 1923 hominum
558 1883 735 1938 generi
756 1882 902 1925 datos
922 1897 1010 1925 non
1030 1882 1093 1924 ita
1106 1881 1396 1937 accipiendum

52 1942 131 1994 est,
163 1940 329 1982 animos
361 1939 432 1982 hic
462 1955 568 1996 esse,
598 1944 647 1983 ut
677 1941 747 1983 hic
778 1942 897 1984 nasci
927 1943 1150 1997 putentur,
1181 1941 1253 1983 sed
1287 1941 1399 1983 sicut

149 2071 167 2102 1
188 2078 346 2113 oppmor
365 2068 472 2114 (corr.
492 2079 536 2104 ex
557 2068 728 2116 obpmor)
746 2069 782 2104 B
855 2073 876 2105 3
895 2068 1021 2115 speras
1036 2069 1073 2105 B
1144 2069 1229 2105 fieri
1247 2070 1343 2105 ratio
1362 2069 1398 2104 B

52 2117 76 2149 4
99 2114 287 2160 sperarum
312 2115 348 2150 B
467 2116 565 2160 quod
591 2115 638 2152 B'
767 2120 787 2151 7
811 2117 883 2152 hoc
906 2117 1017 2153 tantu-1
1043 2121 1063 2152 0
1089 2117 1126 2152 Β
1246 2128 1342 2162 quur
1366 2117 1404 2151 P

53 2165 75 2197 8
100 2166 139 2198 et
162 2173 229 2198 om.
254 2163 292 2197 Β
402 2166 445 2197 11
472 2174 536 2208 qui
561 2162 612 2199 P'
717 2168 759 2200 16
784 2164 972 2209 sperarum
998 2165 1035 2200 B
1141 2167 1183 2199 17
1209 2176 1248 2200 111
1273 2175 1339 2200 om.
1367 2164 1405 2199 P

100 2221 138 2244 m
157 2210 311 2245 zod1acs1
330 2223 355 2253 q
370 2209 451 2246 offis
464 2209 571 2256 supra
588 2211 624 2246 Β
684 2210 789 2248 110111
801 2208 848 2246 B'
910 2210 999 2247 ferr1
1016 2222 1084 2248 om.
1104 2209 1153 2247 P'
1219 2215 1261 2247 19
1282 2210 1338 2246 set
1352 2207 1400 2245 B'

52 2259 107 2339 {Ob
124 2268 289 2338 &utque
316 2257 353 2292 P
438 2260 480 2293 21
510 2258 650 2295 ditione
677 2259 715 2294 B
805 2262 850 2295 22
874 2258 930 2295 [et
954 2259 991 2295 B
1075 2261 1122 2294 24
1147 2270 1192 2295 ne
1221 2256 1270 2294 P'
1355 2262 1407 2294 31

69 2315 88 2340 e

123 2369 314 2397 Maenomvs
1071 2367 1116 2399 37
