1526 2444
149 91 236 133 536
450 91 598 127 COMM.
623 92 675 127 IN
701 93 843 129 SOMN.
871 93 982 130 SCIP.
1008 94 1136 130 LIBRI
1159 96 1176 130 I

154 198 257 240 solis
282 198 686 252 philosophantibus
713 202 835 254 aptae
861 203 972 255 sunt,
1006 201 1173 242 euenire
1199 202 1470 256 signauimus.

114 255 262 297 7hanc
308 270 408 311 ergo
451 258 632 297 mortem
675 257 777 299 dicit
811 257 934 300 Plato
973 259 1233 313 sapientibus
1271 273 1361 301 esse
1399 260 1471 301 ad-

151 313 395 368 petendam,
443 314 561 354 illam
603 329 723 367 uero,
771 330 898 370 quam
942 317 1137 358 omnibus
1179 319 1332 358 natura
1374 331 1471 359 con·

152 371 312 424 stituit,
355 375 450 426 cogi
491 372 561 412 uel
604 372 751 425 inter-ri
795 374 861 414 uel
905 375 1100 429 accersiri
1142 377 1277 428 uetat,
1320 374 1470 416 docens

151 428 456 482 expectandam
488 443 578 471 esse
609 433 822 484 naturam,
859 434 902 472 et
931 431 1008 472 has
1040 427 1187 473 causas
1218 432 1343 474 huius
1375 447 1470 486 ape-

151 486 265 528 riens
291 487 534 541 sanctionis,
566 502 670 542 quas
699 502 750 529 ex
774 503 853 529 usu
877 503 1029 541 rerum,
1060 504 1166 543 quae
1190 490 1235 530 in
1259 490 1472 531 cotidiana

112 545 137 586 8
154 544 471 586 conuersatione
497 549 606 599 sunt,
638 548 866 587 mutuatur.
920 547 983 588 ait
1008 548 1120 588 enim
1146 561 1230 601 eos,
1261 548 1333 602 qui
1357 550 1472 601 pote-

154 602 278 643 statis
321 603 499 656 imperio
541 603 766 645 traduntur
804 604 848 644 in
886 618 1111 659 carcerem,
1153 619 1239 646 non
1277 608 1471 659 oportere

152 659 250 701 inde
281 659 497 713 diffugere,
528 661 644 714 prius
677 676 802 715 quam
828 664 1018 716 potestas
1042 662 1148 716 ipsa,
1179 677 1285 717 quae
1310 664 1472 716 clausit,

152 717 271 759 abire
314 718 565 771 permiserit.
638 733 723 761 non
766 720 878 760 enim
921 720 1050 761 uitari
1092 734 1271 774 poenam
1313 720 1473 762 furtiua

153 774 410 817 discessione
442 776 514 817 sed
545 790 742 819 crescere.
801 777 882 818 hoc
914 792 1079 832 quoque
1112 778 1238 831 addit,
1271 792 1349 819 nos
1381 792 1473 820 esse

152 833 199 874 in
247 833 433 875 dominio
483 834 674 888 deorum,
723 849 900 888 quorum
943 837 1076 876 tutela
1119 838 1160 876 et
1201 836 1472 889 prouidentia

153 891 455 945 gubernamur,
490 891 596 932 nihil
634 894 774 933 autem
813 906 904 934 esse
940 893 1076 934 inuito
1111 893 1280 935 domino
1313 893 1364 935 de
1393 894 1472 945 his,

153 962 260 1002 quae
291 949 496 1003 possidet,
534 963 584 990 ex
616 963 664 991 eo
695 950 805 1001 loco,
841 950 886 990 in
917 965 998 1004 quo
1031 965 1152 992 suum
1183 951 1472 1004 constituerat,

153 1006 444 1047 auferendum:
482 1008 524 1047 et
561 1007 687 1061 sicut,
723 1007 794 1061 qui
830 1009 966 1049 uitam
1003 1009 1214 1063 mancipio
1253 1011 1471 1062 extorquet

153 1064 307 1118 alieno,
345 1064 517 1105 crimine
553 1079 638 1106 non
676 1064 855 1119 carebit,
890 1067 952 1106 ita
984 1080 1096 1119 eum,
1133 1067 1204 1120 qui
1234 1067 1360 1108 finem
1392 1067 1473 1108 sibi

153 1121 323 1163 domino
351 1122 530 1163 necdum
556 1122 726 1164 iubente
753 1123 1021 1177 quaesiuerit,
1051 1138 1137 1164 non
1162 1124 1473 1166 absolutionem

113 1178 355 1234 9consequi
394 1180 467 1220 sed
498 1182 674 1221 reatum.
733 1181 836 1222 haec
866 1180 1109 1223 Platonicae
1144 1184 1282 1223 sectae
1313 1182 1474 1224 semina

153 1237 281 1278 altius
318 1236 514 1279 Plotinus
552 1238 804 1292 exsequitur.
870 1241 1057 1294 oportet,
1091 1239 1247 1294 inquit,
1290 1240 1473 1281 animam

1491 736 1526 762 10

1492 1023 1525 1050 15

151 1297 251 1349 post
280 1295 497 1336 hominem
532 1295 709 1337 liberam
741 1297 950 1350 corporeis
981 1297 1248 1350 passionibus
1276 1298 1470 1338 inueniri.
1489 1311 1523 1338 2⁰

153 1366 278 1406 quam
311 1353 383 1406 qui
414 1352 464 1394 de
496 1367 670 1407 corpore
700 1354 908 1396 uiolenter
939 1355 1139 1407 extrudit,
1172 1355 1348 1396 liberam
1381 1369 1471 1397 esse

151 1424 238 1452 non
273 1411 446 1464 patitur.
507 1411 579 1465 qui
615 1411 725 1452 enim
763 1411 845 1453 sibi
882 1427 958 1453 sua
996 1415 1146 1466 sponte
1181 1426 1325 1454 necem
1359 1427 1471 1455 com-

151 1470 278 1522 parat
313 1470 387 1509 aut
421 1471 640 1522 pertaesus
673 1469 937 1511 necessitatis
975 1472 1049 1511 aut
1080 1472 1196 1511 metu
1226 1471 1471 1525 cuiusquam

153 1526 206 1567 ad
235 1526 317 1568 hoc
342 1526 556 1567 descendit
584 1528 658 1568 aut
683 1527 791 1581 odio,
822 1541 927 1581 quae
953 1527 1095 1569 omnia
1118 1528 1229 1569 inter
1253 1529 1470 1582 passiones

151 1583 377 1625 habentur:
415 1598 515 1638 ergo
553 1584 634 1626 etsi
670 1587 767 1626 ante
797 1584 879 1626 fuit
908 1585 976 1626 his
1007 1585 1201 1628 sordibus
1231 1600 1353 1640 pura,
1389 1586 1526 1646 hocssj

150 1641 246 1695 ipso
277 1644 432 1695 tamen,
463 1641 574 1696 quod
606 1643 692 1683 exit
717 1645 894 1696 extorta,
925 1643 1140 1685 sordescit.
1188 1643 1336 1684 deinde
1362 1642 1470 1686 mor·
1521 1647 1526 1680 l

151 1701 240 1740 tem
283 1699 434 1740 debere
478 1700 540 1741 ait
582 1700 747 1742 animae
791 1715 816 1741 a
858 1714 1033 1754 corpore
1076 1701 1331 1742 solutionem
1368 1716 1472 1754 esse,

151 1771 238 1798 non
262 1757 488 1812 uinculum,
513 1757 627 1799 exitu
652 1760 794 1799 autem
821 1760 966 1800 coacto
987 1758 1172 1800 animam
1189 1759 1300 1801 circa
1318 1773 1470 1814 corpus

85 1814 141 1855 10
154 1815 289 1869 magis
321 1815 542 1870 magisque
572 1816 733 1857 uinciri.
787 1818 829 1857 et
858 1830 903 1857 re
933 1830 1034 1857 uera
1063 1817 1158 1858 ideo
1190 1817 1251 1858 sic
1282 1819 1471 1859 extortae

153 1874 319 1914 animae
350 1872 421 1914 diu
452 1872 564 1915 circa
594 1887 744 1928 corpus
770 1873 914 1915 eiusue
940 1874 1202 1928 sepulturam
1225 1874 1294 1915 uel
1317 1875 1469 1926 locum,

152 1931 198 1971 in
235 1945 316 1984 quo
353 1930 510 1972 iniecta
546 1946 695 1972 manus
733 1934 814 1985 est,
850 1934 1156 1986 peruagantur:
1191 1946 1286 1974 cum
1322 1935 1471 1974 contra

151 1987 252 2029 illae
284 1988 467 2042 animae,
500 2002 605 2042 quae
638 2003 682 2030 se
712 1989 757 2029 in
786 1989 866 2030 hac
896 1989 986 2031 uita
1017 2004 1042 2031 a
1072 1989 1250 2031 uinculis
1282 1990 1470 2044 corporis

150 2045 448 2100 philosophiae
479 2049 614 2087 morte
645 2046 895 2101 dissoluunt,
929 2047 1065 2088 adhuc
1096 2049 1263 2088 extante
1294 2061 1470 2102 corpore

152 2103 269 2144 caelo
301 2105 343 2144 et
373 2103 580 2145 sideribus
610 2104 864 2147 inserantur.
913 2107 955 2146 et
985 2105 1078 2146 ideo
1103 2105 1228 2156 illam
1259 2105 1395 2146 solam
1420 2106 1470 2147 de
1499 2151 1500 2154 Ἴ

245 2242 263 2272 1
290 2239 608 2296 philosopantibuf
627 2238 676 2275 P'
800 2244 823 2275 4
847 2240 991 2275 acersm
1014 2239 1063 2275 1³¹
1185 2244 1227 2276 18
1251 2240 1407 2276 seminat
1430 2244 1470 2278 ut
1494 2242 1497 2247 f

149 2286 228 2321 uid.
252 2285 290 2320 P
374 2290 418 2322 26
444 2286 541 2331 quod
566 2286 642 2322 exit
665 2287 811 2332 scripsi:
837 2286 977 2331 quoesit
1001 2297 1090 2325 corr.
1115 2287 1156 2323 in
1180 2298 1251 2332 quo
1276 2288 1352 2322 exit
1377 2288 1414 2322 P
