1526 2444
518 60 578 96 VI·
596 63 735 96 17—20
771 59 841 95 VII
867 63 959 95 1—4
1326 57 1415 100 393

65 172 109 212 et

125 229 374 284 caelataque
407 242 577 270 amnem
607 227 789 270 fundens
821 229 945 282 pater
974 226 1160 270 Inachus
1192 240 1317 282 urna,

66 291 110 329 et

126 346 291 389 adfixae
322 346 462 400 uenis,
488 346 739 400 animasque
771 346 816 387 in
847 345 1029 387 uulnera
1059 347 1244 400 ponunt,

29 441 46 468 5
66 431 109 470 et
152 428 352 484 quicquid
397 428 447 470 de
492 428 645 483 apibus
684 427 792 469 dixit
829 427 876 469 in
911 427 1103 470 uirorum
1141 427 1319 470 fortium
1359 427 1414 468 si-

65 487 371 538 militudinem,
415 489 463 528 ut
507 486 681 529 adderet
724 501 892 542 quoque
929 501 1072 529 mores
1110 490 1154 528 et
1191 486 1334 528 studia
1371 489 1415 528 et

63 546 248 600 populos
275 549 318 588 et
342 545 517 601 proelia⁷
543 545 644 601 quid
670 546 807 601 plura,
833 548 879 588 ut
905 548 948 588 et
968 544 1199 595 Quirites
1225 547 1411 588 uocaret.

64 604 156 646 dies
187 618 255 646 me
288 604 464 659 deficiet,
496 604 532 646 si
559 606 703 647 omnia
728 604 927 660 persequi
954 619 979 646 a
1004 603 1198 660 Vergilio
1222 604 1411 660 figurata
1427 603 1489 645 20

65 662 194 705 uelim
216 663 290 704 sed
310 677 361 704 ex
379 663 462 717 his,
489 678 597 719 quae
618 663 731 706 dicta
751 665 864 719 sunt,
884 663 1031 706 omnia
1051 663 1208 705 similia
1229 663 1414 719 diligens

11 734 47 761 ιο
64 721 202 764 lector
234 721 485 765 adnotabit?

183 814 290 857 Cum
324 814 497 857 Seruius
528 816 613 857 ista
646 815 890 868 dissereret,
928 814 1229 858 Praetextatus
1264 814 1488 857 Auia-VII

62 888 167 916 num
191 873 425 916 Eustathio
451 875 795 916 insusurrantem
820 874 970 916 uidens
997 873 1118 930 ‘quin
1150 873 1245 930 age'
1271 875 1416 929 inquit

65 931 297 987 ‘Eustathi,
322 933 623 975 uerecundiam
650 933 809 975 Auieni
833 933 961 988 probi
988 934 1274 976 adulescentis
1299 934 1415 989 iuua,

65 994 108 1033 et
138 991 232 1046 ipse
263 991 483 1046 publicato
515 992 662 1048 nobis,
692 992 805 1047 quod
836 992 1150 1035 inmurmurat?

0 1053 46 1102 ¹¹⁵
181 1049 437 1092 Eustathius
464 1050 568 1093 ‘iam
593 1050 767 1093 dudum'
794 1051 935 1106 inquit
960 1050 1114 1094 emulta
1142 1051 1193 1094 de
1218 1051 1412 1108 Vergilio
1429 1052 1459 1093 2

63 1109 198 1163 gestit
228 1109 496 1165 interrogare
528 1108 738 1165 Seruium,
771 1124 952 1166 quorum
984 1111 1202 1153 enarratio
1235 1111 1414 1166 respicit

63 1167 254 1210 officium
289 1168 566 1223 litteratoris,
603 1171 647 1211 et
685 1171 856 1224 tempus
893 1169 1111 1225 indulgeri
1147 1172 1291 1225 optat,
1329 1184 1413 1225 quo

62 1225 114 1268 de
147 1226 341 1269 obscuris
374 1241 423 1271 ac
455 1227 596 1270 dubiis
629 1228 714 1271 sibi
746 1243 772 1271 a
803 1228 995 1271 doctiore
1025 1229 1102 1271 fiat
1126 1228 1313 1272 certior?
1370 1231 1414 1271 et

0 1310 2 1318 =
63 1284 363 1328 Praetextatus

10 1349 47 1376 ²⁰
185 1343 352 1399 ‘probo’
389 1345 530 1401 inquit
567 1344 643 1388 ‘mi
679 1345 862 1397 Aniene,
911 1346 1025 1401 quod
1064 1361 1131 1403 ea,
1169 1347 1221 1389 de
1258 1347 1460 1402 quibus3

66 1402 272 1459 ambigis,
316 1404 426 1446 clam
471 1406 515 1446 te
559 1419 654 1447 esse
692 1419 780 1447 non
819 1405 994 1460 pateris.
1061 1406 1174 1448 unde
1213 1408 1413 1448 exoratus

65 1461 123 1503 sit
153 1477 179 1504 a
207 1462 335 1504 nobis
366 1463 644 1506 doctissimus
677 1464 839 1518 doctor,
869 1466 918 1507 ut
949 1467 992 1506 te
1018 1479 1165 1507 secum
1189 1465 1413 1520 negotium

4 1526 20 1544 *-
64 1519 224 1563 habere
268 1522 477 1577 patiatur,
527 1523 630 1578 quia
674 1523 719 1564 in
763 1537 990 1566 commune
1032 1524 1262 1578 proficient
1305 1539 1414 1579 quae

3 1571 7 1623 ἶ
67 1578 283 1622 desideras
331 1581 494 1637 audire,
543 1596 596 1624 ne
639 1584 687 1624 tu
733 1582 860 1624 modo
905 1582 1021 1625 ultra
1064 1597 1203 1625 cesses
1248 1583 1414 1638 aperire

5 1641 49 1671 ⁵¹⁶
68 1635 218 1681 Seruio
260 1640 376 1681 uiam
420 1641 471 1682 de
508 1639 705 1696 Vergilio
749 1641 1014 1683 disserendi.⁹
1080 1644 1183 1684 tunc
1221 1641 1461 1685 Auienus4

5 1718 7 1773 1
66 1699 186 1739 totus
218 1711 450 1742 conuersus
481 1699 528 1741 in
554 1699 750 1742 Seruium
782 1699 915 1743 ‘dicas
941 1700 1059 1743 uolo'
1086 1701 1227 1756 inquit
1251 1700 1414 1744 ‘docto-

65 1769 160 1797 rum
208 1757 412 1813 maxime,
462 1758 564 1814 quid
615 1759 673 1801 sit
722 1759 836 1814 quod
882 1774 979 1802 cum
1021 1759 1243 1816 Vergilius
1287 1761 1412 1804 anxie

67 1828 235 1871 semper
278 1816 464 1871 diligens
508 1817 638 1860 fuerit
680 1818 725 1860 in
767 1818 911 1860 uerbis
948 1834 1027 1874 pro
1065 1833 1219 1862 causae
1257 1819 1414 1862 merito

65 1873 137 1915 uel
181 1875 409 1918 atrocitate
451 1877 677 1933 ponendis,
721 1878 935 1920 incuriose
978 1880 1021 1921 et
1059 1879 1224 1921 abiecte
1261 1879 1308 1921 in
1345 1879 1416 1921 his

6 1937 48 1983 5⁸⁰
66 1932 262 1975 uersibus
294 1934 473 1978 uerbum
503 1937 650 1991 posuit

6 2005 9 2026 δ

157 2098 178 2130 2
204 2095 297 2133 Aen.
323 2096 393 2133 VII
420 2102 487 2134 792
560 2102 583 2134 4
609 2098 741 2146 Georg.
766 2099 836 2134 IIII
861 2103 929 2135 238
1004 2103 1024 2136 5
1050 2100 1100 2137 ib.
1126 2100 1197 2136 1111
1225 2105 1292 2136 176

158 2251 201 2283 13
227 2249 472 2287 adolescentis
492 2251 530 2286 P
600 2256 643 2288 16
668 2252 783 2298 gostit
807 2257 848 2290 ut
871 2254 949 2291 uid.
969 2252 1018 2289 P'
1094 2259 1140 2290 24
1161 2254 1347 2291 defiderat
1365 2251 1415 2289 P‘

8 2316 10 2349 !
63 2295 108 2329 27
134 2305 218 2330 cum
242 2307 309 2332 om.
334 2297 372 2333 P
