1526 2444
123 59 210 101 390
632 56 731 93 SAT.
756 56 884 93 LIBRI
907 56 959 92 VI

183 166 229 207 οἱ
257 162 304 207 δὲ
337 165 427 206 δύω
459 165 680 217 σκόπελοι,
712 163 734 205 ὁ
766 160 845 217 μὲν
877 163 1068 217 οὐρανὸν
1099 161 1233 217 εὐρὺν
1264 159 1398 202 ἱκάνει

183 223 299 278 ὀξείῃ
330 227 523 278 κορυφῇ,
555 220 715 276 νεφέλη
748 220 800 263 δέ
826 237 901 275 μιν
932 218 1237 275 ἀμφιβέβηκεν.

123 284 166 323 et
180 337 376 393 protinus
401 336 669 379 Orsilochum
693 338 736 378 et
753 336 903 390 Buten,
926 336 1008 378 duo
1034 334 1220 376 maxima
1238 333 1445 376 Teucrum

183 410 379 451 corpora,
411 395 482 437 sed
514 395 654 437 Buten
684 408 880 436 auersum
911 393 1080 448 cuspide
1110 393 1203 433 fixit
1479 403 1497 435 ⁶

123 479 166 519 et
196 479 346 519 cetera.

57 577 107 618 11
181 569 423 625 Iuturnam,
451 568 608 623 fateor,
638 569 795 610 misero
828 580 1068 609 succurrere
1098 565 1224 607 fratri

181 628 314 683 suasi,

124 723 220 751 cum
252 709 425 751 solitum
456 708 514 750 sit
546 708 627 750 dici
658 707 900 749 Iuturnae
932 704 1118 748 suadeo

124 780 167 820 et

403 835 552 877 urbem
583 848 710 889 quam
742 835 903 887 statuo,
934 834 1079 874 uestra
1110 833 1184 873 est.

125 896 168 935 et

183 954 231 993 tu
268 951 411 1005 modo,
449 965 554 1005 quos
591 950 637 991 in
676 963 794 1004 spem
825 950 985 990 statues
1017 947 1265 989 submittere
1297 945 1448 1000 gentis,

184 1010 459 1064 praecipuum
487 1009 572 1050 iam
604 1007 703 1050 inde
734 1022 759 1048 a
789 1006 944 1048 teneris
975 1005 1169 1059 impende
1200 1003 1402 1057 laborem,

123 1105 201 1145 pro
231 1091 279 1131 in
313 1104 396 1132 eos
427 1088 668 1143 impende.

58 1178 112 1219 12
126 1172 231 1214 facit
260 1170 564 1226 pulcherrimas
594 1168 867 1223 repetitiones

184 1267 284 1294 nam
321 1265 457 1305 neque
485 1250 687 1292 Parnassi
724 1248 865 1302 uobis,
901 1248 1002 1302 iuga
1032 1261 1130 1288 nam
1161 1259 1297 1300 neque
1327 1245 1452 1288 Pindi
1488 1276 1493 1278 -

183 1310 273 1352 ulla
302 1323 464 1351 moram
495 1307 644 1350 fecere.
1494 1311 1497 1314 '

189 1409 306 1458 Quae
338 1406 478 1461 uobis,
510 1420 617 1461 quae
648 1405 792 1460 digna,
823 1404 922 1459 uiri,
952 1417 1029 1458 pro
1061 1403 1218 1444 talibus
1250 1402 1393 1444 ausis?

188 1506 350 1550 Vidisti
380 1519 462 1560 quo
493 1505 660 1546 Turnus
692 1518 816 1558 equo,
846 1503 999 1557 quibus
1029 1501 1121 1543 ibat
1149 1502 1192 1542 in
1225 1500 1364 1542 armis.

61 1594 116 1635 13
130 1603 206 1631 nec
236 1586 584 1642 interpositiones
616 1585 705 1627 eius
737 1585 900 1626 otiosae
931 1586 1041 1635 sunt

190 1670 226 1711 si
257 1671 300 1711 te
330 1668 450 1710 nulla
479 1669 623 1708 mouet
651 1668 871 1707 tantarum
903 1665 1042 1719 gloria
1069 1677 1227 1716 rerum,
1515 1708 1521 1710 ,

190 1730 236 1770 at
252 1740 417 1793 ramum
436 1725 549 1767 hunc
568 1748 624 1754 —
644 1723 780 1778 aperit
797 1737 975 1776 ramum,
999 1722 1071 1776 qui
1088 1721 1198 1763 forte
1217 1720 1380 1762 latebat
1398 1742 1453 1751 —
1484 1763 1490 1766 ,

191 1798 399 1841 agnosc1s.
1482 1790 1488 1801 ³

229 1932 247 1963 1
276 1928 342 1964 Od.
369 1941 393 1972 μ
419 1934 462 1966 73
563 1933 586 1963 4
610 1929 699 1965 Aen.
726 1929 776 1964 XI
803 1931 869 1964 690
965 1927 1058 1962 Tib.
1084 1926 1151 1961 XII
1176 1930 1243 1962 813
1340 1929 1379 1961 11
1407 1925 1455 1961 ib.
1481 1939 1484 1943 ¹

132 1975 149 2009 I
174 1979 240 2010 573
338 1978 380 2011 13
406 1976 538 2020 Georg.
564 1976 616 2011 111
642 1978 684 2011 73
777 1979 818 2010 17
845 1974 959 2019 eclog.
986 1973 1017 2007 X
1038 1977 1079 2008 11
1172 1975 1214 2007 19
1239 1972 1330 2007 Aen.
1356 1970 1476 2007 VIIII.

134 2023 200 2057 252
273 2025 317 2056 20
341 2022 390 2059 ib.
417 2022 520 2057 V1111
544 2025 611 2057 269
684 2025 727 2073 22
753 2021 843 2057 Aen.
868 2019 918 2055 VI
942 2022 1010 2054 405
1479 2019 1483 2023 ·

229 2166 246 2195 1
279 2163 377 2197 ΔΥο
408 2162 444 2197 Ρ
560 2160 682 2196 mane
714 2159 751 2195 Ρ
864 2162 885 2193 2
917 2123 1093 2200 ΝεφῗιΛΗε
1123 2157 1159 2191 P
1274 2155 1459 2193 ΛΜΦοΒε
1478 2132 1480 2134 ’

135 2207 257 2290 ἓξὲξ
281 2208 320 2290 Ιέ
410 2212 433 2243 4
458 2206 612 2243 orfilocfi
638 2206 674 2241 P
764 2209 784 2240 5
811 2204 936 2240 auersa
961 2205 998 2240 P
1083 2207 1104 2239 8
1130 2203 1264 2239 suadeo
1291 2203 1328 2238 P
1415 2205 1485 2276 18;7
