1526 2444
0 710 28 736 10

0 1063 29 1090 15

0 1686 36 1714 25

617 39 654 75 11
680 42 819 76 19-24
1306 36 1394 78 369

46 151 211 194 Ennius
242 150 288 192 in
319 147 586 205 Cresphonte

67 243 76 253 ·
102 235 240 278 neque
294 222 454 264 terram
509 219 666 263 inicere
721 232 858 274 neque
915 218 1095 260 crueniza
1149 215 1391 259 conuestire

1038 290 1111 318 cor
1142 289 1219 319 ora.

102 338 211 382 mihi
252 338 374 382 licuit
408 351 546 393 neque
583 338 765 380 miserae
804 336 950 378 lauere
988 290 1193 402 lacrizfiae·
1229 335 1393 377 salsum

1039 408 1309 450 sangumem.

104 480 302 535 Namque
334 478 516 521 canebat
546 478 612 521 uti
644 491 852 534 magnum
883 491 961 533 per
991 476 1119 519 inane
1152 478 1304 519 coacta
1406 479 1465 522 22

105 539 270 581 semina
300 540 596 593 terrarumque
629 537 883 592 animaeque
914 535 1129 591 marisque
1159 534 1364 591 fuissent,

104 600 148 640 et
177 596 328 653 liquidi
360 597 489 639 simul
519 596 653 652 ignis,
684 598 733 638 ut
762 595 829 638 his
861 595 1037 637 exordia
1067 595 1219 650 primis

107 656 252 699 omnia
284 658 328 698 εὴ
358 656 450 711 ipse
483 658 605 698 tener
636 654 787 697 mundi
818 653 1084 697 conereuerit
1116 653 1251 696 orbis:

107 717 202 758 tum
234 715 387 758 durare
419 715 576 770 solum,
607 717 651 756 εὴ
682 713 919 756 discludere
949 712 1091 755 Nerea
1122 714 1257 766 ponto

106 775 313 830 coeperit,
346 775 389 816 et
418 788 562 815 rerum
592 772 803 828 paulatim
835 785 1003 814 sumere
1034 770 1216 826 formas,

105 833 277 888 iamque
308 846 470 875 nouum
501 834 643 874 {zerrae
675 832 881 886 stupeant
911 830 1125 872 lucescere
1158 830 1306 872 solem.

45 927 270 979 Lucretius
300 927 346 968 in
375 926 525 982 quinto
551 926 626 968 ubi
653 926 704 968 de
730 925 980 968 confusione
1008 924 1126 967 orbis
1153 926 1254 967 ante
1279 924 1394 968 hunc
1409 929 1470 972 23

47 988 208 1028 statum
239 986 430 1041 loquiizur

105 1056 173 1099 his
204 1071 343 1112 neque
375 1059 468 1100 tum
501 1057 607 1099 solis
640 1059 739 1099 rota
771 1056 887 1098 cerni
918 1055 1080 1097 lumine
1112 1055 1228 1097 claro

110 1115 343 1159 altiuolans
375 1118 565 1171 poterat,
596 1129 733 1171 neque
765 1114 914 1170 magni
946 1114 1086 1156 sidera
1116 1113 1284 1169 mundi,

109 1189 187 1217 nec
219 1189 336 1217 mare
368 1188 445 1217 nec
476 1175 659 1231 caelum,
687 1188 767 1217 nec
798 1174 981 1229 denique
1012 1175 1128 1215 terra
1158 1187 1237 1216 nec
1269 1188 1360 1230 aer,

109 1247 188 1276 nec
219 1233 373 1276 similis
404 1234 564 1276 nostris
597 1234 725 1276 rebus
756 1247 826 1275 res
857 1233 949 1275 ulla
978 1232 1128 1275 uideri.

113 1292 187 1335 sed
219 1301 336 1335 noua
366 1295 604 1348 ssempestas
636 1292 845 1348 quaedam
876 1292 1096 1346 molesque
1128 1294 1291 1334 coorta.

110 1351 320 1407 diffugere
351 1351 451 1394 inde
483 1352 567 1395 loci
597 1354 743 1407 partes
776 1364 952 1405 coepere
983 1365 1194 1405 paresque

111 1424 208 1453 cum
238 1410 418 1466 paribus
450 1410 573 1467 iungi
605 1425 674 1453 res
706 1413 750 1452 εὴ
781 1409 1018 1452 discludere
1049 1409 1255 1452 mundum

110 1469 388 1526 membraque
421 1469 608 1512 diuidere
641 1472 684 1512 εὴ
716 1482 898 1525 magnas
931 1469 1155 1524 disponere
1187 1471 1345 1524 partes.

52 1554 96 1595 et
126 1551 240 1594 infra
1413 1557 1474 1599 24

112 1621 194 1664 hoc
226 1624 293 1664 est
324 1637 349 1665 a
380 1622 507 1665 terris
538 1635 745 1678 magnum
778 1635 996 1665 secernere
1027 1622 1192 1664 caelum

115 1684 159 1723 εὴ
190 1695 382 1724 seorsum
413 1696 531 1724 mare
562 1683 627 1724 uti
660 1684 824 1724 secreto
856 1681 1036 1723 humore
1067 1683 1237 1735 pateret

115 1754 287 1783 seorsus
318 1740 421 1783 item
452 1741 550 1796 puri
581 1741 817 1796 secretique
849 1739 1034 1782 aetheris
1065 1740 1200 1796 ignes.

53 1824 97 1864 et
126 1821 242 1865 infra

114 1893 260 1935 omnia
292 1893 406 1935 enim
437 1894 577 1949 magis
608 1894 715 1937 haec
747 1908 798 1936 ex
829 1893 998 1936 leuibus
1031 1896 1161 1950 atque
1190 1894 1401 1937 rotundis.

149 2023 170 2055 2
196 2033 231 2056 u.
260 2025 328 2057 126
354 2022 410 2058 ed.
437 2025 458 2058 2
483 2022 591 2059 Ribb.
619 2024 688 2058 348
713 2021 800 2058 Luc.
826 2021 953 2059 Muell.
1087 2026 1108 2058 6
1135 2021 1253 2068 eclog.
1278 2021 1331 2057 VI
1356 2025 1401 2057 31

58 2070 100 2103 15
126 2067 159 2103 V
184 2071 253 2103 432
326 2072 372 2105 24
396 2068 446 2106 ib.
471 2072 541 2105 446
615 2073 660 2106 28
685 2068 735 2106 ib.
755 2072 824 2105 455

153 2190 171 2221 1
199 2187 290 2223 cresi
313 2187 455 2234 phonte
480 2187 517 2223 P
615 2192 636 2224 3
661 2188 755 2223 m1h1
780 2199 936 2235 corpora
960 2188 1068 2224 hamt
1092 2189 1130 2224 P
1223 2191 1245 2223 4
1270 2187 1404 2223 salsum

55 2243 123 2270 om.
149 2234 187 2269 P
299 2239 342 2270 10
366 2234 489 2271 Nerea
513 2245 579 2271 om.
606 2235 644 2271 P
754 2238 797 2270 11
824 2237 1000 2282 coeperat
1025 2236 1062 2272 P
1171 2239 1214 2271 15
1241 2237 1406 2272 cermtur

57 2280 196 2317 lumme
222 2281 384 2318 clamore
411 2282 449 2318 P
543 2286 587 2318 19
613 2283 768 2319 cohorta
795 2283 832 2318 P

129 2346 315 2375 MAcnomvs
1075 2345 1121 2378 24
