1526 2444
119 59 205 101 248
650 62 750 99 SAT.
774 62 901 98 LIBRI
926 62 958 97 V

121 166 299 221 simplex
329 181 406 208 nec
437 181 520 208 una
549 170 702 211 natura
732 171 808 224 est,
839 170 912 212 sed
941 170 1011 212 hic
1040 170 1134 212 fluit
1157 172 1200 212 et
1223 171 1437 228 redundat,

121 227 268 267 contra
293 225 365 266 ille
390 225 576 267 breuiter
599 228 641 267 et
659 227 901 270 circumcise
921 227 1058 270 dicere
1077 229 1275 284 adfectat,
1298 231 1435 271 tenuis

120 282 293 337 quidam
336 284 379 323 et
423 283 556 325 siccus
594 286 636 325 et
673 286 837 327 sobrius
875 289 992 327 amat
1029 287 1239 341 quandam
1277 287 1438 329 dicendi

119 341 432 395 frugalitatem,
462 341 570 383 alius
602 342 750 398 pingui
781 346 824 385 et
853 343 1067 386 luculenta
1098 347 1141 386 et
1171 345 1318 386 florida
1349 360 1437 387 ora-

120 399 236 439 tione
273 399 454 440 lasciuit.
515 399 559 440 in
599 415 682 454 qua
717 403 839 442 tanta
875 402 1062 443 omnium
1096 403 1436 445 dissimilitudine
1455 419 1472 445 5

120 470 228 498 unus
260 457 431 498 omnino
463 456 678 512 Vergilius
710 459 937 514 inuenitur,
971 460 1042 514 qui
1073 461 1358 515 eloquentiam
1389 476 1439 503 ex

79 514 237 557 ssomni
268 528 420 569 genere
451 515 725 557 conflauerit?
780 517 998 570 respondit
1023 517 1209 560 Auienus
1235 517 1439 572 eapertius

120 572 275 613 uellem
312 586 378 613 me
414 572 492 613 has
524 572 789 616 diuersitates
821 575 899 616 sub
931 589 1206 629 personarum
1237 577 1439 631 exemplis

82 629 320 672 7doceres’.
399 629 625 697 quattuor·
663 631 778 673 sunt'
826 633 966 687 inquit
1013 633 1222 675 Eusebius
1272 634 1441 689 genera

120 687 301 730 dicendi:
338 689 575 742 copiosum,
613 689 657 730 in
694 704 776 745 quo
815 689 961 732 Cicero
999 691 1257 746 dominatur,
1300 693 1440 743 breue,
1463 708 1493 734 ιο

118 746 165 787 111
201 760 283 800 quo
316 745 527 788 Salustius
564 751 735 801 regnat,
772 749 946 803 siccum,
983 750 1095 803 quod
1132 749 1335 792 Frontoni
1372 750 1442 792 ad-

121 803 334 859 scribitur,
364 805 522 859 pingue
548 807 591 846 et
615 805 824 859 floridum,
854 807 898 847 in
925 821 1007 861 quo
1033 807 1196 848 Plinius
1224 806 1441 849 Secundus

120 862 332 916 quondam
370 864 412 903 et
445 876 560 905 nunc
593 863 712 905 nullo
748 866 941 905 ueterum
978 865 1117 907 minor
1147 868 1292 907 noster
1322 864 1441 920 Sym-

120 919 296 961 machus
337 919 587 962 luxuriatur.
653 921 726 962 sed
768 922 880 976 apud
917 936 1045 963 unum
1083 922 1301 965 Maronem
1337 923 1441 966 haec

80 979 323 1031 Squattuor
370 991 525 1032 genera
566 980 789 1033 repperies.
860 979 925 1021 uis
969 980 1113 1021 audire
1155 981 1278 1022 illum
1319 983 1442 1022 tanta
1462 998 1494 1023 15

120 1035 331 1077 breuitate
355 1034 578 1086 dicentem,
603 1040 651 1078 ut
671 1037 802 1078 artari
821 1038 958 1092 magis
979 1040 1021 1079 et
1041 1038 1236 1080 contrahi
1253 1039 1441 1081 breuitas

119 1093 214 1147 ipsa
243 1108 330 1135 non
359 1093 525 1147 possit?

178 1176 222 1216 et
253 1188 438 1229 camPOS,
467 1174 541 1216 ubi
572 1175 700 1217 Troia
729 1176 827 1217 fuit:

122 1269 217 1297 ecce
247 1255 516 1309 paucissimis
547 1256 689 1298 uerbis
720 1257 949 1298 maximam
980 1257 1198 1299 ciuitatem
1228 1258 1372 1300 hausit
1403 1261 1445 1300 et

82 1316 108 1357 9
124 1313 351 1367 absorbsit,
381 1327 467 1355 non
498 1314 670 1367 reliquit
693 1314 759 1355 illi
783 1329 860 1356 nec
885 1315 1061 1356 ruinam.
1109 1316 1176 1357 uis
1200 1316 1281 1358 hoc
1305 1317 1442 1371 ipsum
1463 1334 1496 1360 20

123 1371 417 1425 copiosissime
448 1371 590 1413 dicat?

178 1453 298 1494 uenit
329 1467 496 1494 summa
525 1452 613 1494 dies
647 1455 690 1494 et
719 1453 989 1495 ineluctabile
1019 1456 1188 1509 tempus

179 1510 440 1552 Dardaniae:
470 1510 629 1552 fuimus
661 1510 806 1565 Troes,
835 1511 918 1553 fuit
947 1511 1074 1554 Ilium
1105 1515 1147 1554 et
1177 1513 1326 1567 ingens

179 1569 318 1624 gloria
347 1569 618 1611 Teucrorum.
671 1568 786 1610 ferus
818 1570 962 1611 omnia
991 1570 1183 1624 Iuppiter
1213 1571 1356 1625 Argos

178 1627 420 1668 transtulit:
453 1627 624 1668 incensa
654 1626 792 1669 Danai
823 1627 1094 1669 dominantur
1124 1628 1170 1669 111
1200 1628 1315 1670 urbe.
1461 1646 1495 1672 25

54 1687 108 1728 10
239 1684 273 1726 O
305 1684 463 1739 patria,
495 1699 519 1726 o
550 1685 694 1726 diuum
725 1685 872 1727 domus
902 1684 1048 1738 Ilium,
1085 1688 1127 1727 et
1156 1686 1301 1728 inclita
1331 1686 1442 1728 bello
1499 1696 1503 1698 “

178 1743 345 1784 moenia
374 1741 682 1783 Dardanidum!

239 1799 342 1848 Quis
375 1800 536 1842 cladem
566 1800 682 1841 illius
713 1801 862 1854 noctis,
893 1801 985 1854 quis
1016 1801 1166 1844 funera
1196 1802 1326 1843 fando

180 1858 374 1912 explicet,
405 1860 479 1899 aut
507 1857 693 1900 lacrimis
724 1859 861 1912 possit
892 1873 1070 1914 aequare
1102 1859 1321 1902 dolorem?

179 1916 282 1957 urbs
315 1915 490 1970 antiqua
520 1916 607 1957 ruit
637 1916 797 1958 multos
829 1916 1048 1959 dominata
1077 1931 1152 1971 per
1182 1932 1327 1960 annos,
1460 1936 1494 1963 3,

117 2095 152 2129 Π
177 2051 257 2129 36118
285 2048 373 2082 Aen.
398 2047 449 2082 III
477 2051 516 2082 11
607 2052 651 2082 22
676 2048 727 2083 ib.
752 2049 785 2083 II
811 2052 879 2084 324
968 2052 1011 2084 26
1036 2048 1085 2084 ib.
1111 2049 1145 2083 II
1170 2052 1234 2084 241
1323 2053 1367 2085 28
1391 2049 1442 2086 ib.
1491 2056 1493 2082 ἶ

212 2220 235 2250 4
258 2217 389 2251 florida
412 2217 453 2251 in
477 2227 547 2252 ras.
573 2218 614 2251 in
638 2217 675 2251 P
776 2220 816 2251 15
843 2219 1000 2261 quatuor
1023 2218 1060 2252 P
1154 2221 1196 2252 18
1221 2229 1352 2264 campo
1377 2218 1441 2254 snb

117 2264 215 2299 troia
239 2263 276 2298 P
344 2265 387 2297 23
413 2263 484 2298 fu1t
507 2264 611 2298 illum
637 2265 674 2298 P
741 2267 784 2298 27
810 2274 933 2310 menia
957 2265 994 2299 P
