1526 2444
154 102 240 144 662
579 101 801 138 SOMNIVM
825 102 1052 139 SCIPIONIS

153 208 260 250 ritur
292 222 316 249 a
347 221 404 262 se,
434 221 666 262 numquam
696 222 749 250 ne
783 210 942 251 moueri
975 209 1141 264 quidem
1173 209 1353 276 desinit,
1373 210 1475 276 quin

154 266 283 307 etiam
312 266 475 320 ceteris,
500 280 605 320 quae
632 269 871 332 mouentur,
894 267 964 308 hic
988 267 1096 323 fons,
1116 267 1196 309 hoc
1221 267 1475 322 principium

111 323 218 365 4est
255 323 464 364 mouendi.
525 323 733 378 principio
771 326 911 366 autem
947 325 1064 367 nulla
1101 327 1164 367 est
1201 326 1338 380 origo,
1374 339 1474 367 nam

152 395 202 422 ex
233 381 442 435 principio
474 381 668 422 oriuntur
699 381 852 433 omnia,
882 383 1023 436 ipsum
1049 385 1188 424 autem
1214 383 1331 424 nulla
1357 397 1407 424 ex
1430 396 1475 424 re

152 439 238 480 alia
267 440 384 480 nasci
415 441 574 493 potest:
605 453 683 481 nec
716 440 829 480 enim
860 443 972 482 esset
1002 440 1044 481 id
1068 441 1334 495 principium,
1364 440 1475 495 quod

151 497 401 551 gigneretur
441 497 622 539 aliunde.
691 497 799 552 quod
843 499 880 539 si
921 512 1150 552 numquam
1198 499 1355 552 oritur,
1398 511 1476 539 nec

151 554 306 596 occidit
336 554 504 609 quidem
536 570 749 609 umquam.
809 570 908 597 nam
947 555 1201 610 principium
1243 556 1476 598 extinctum

151 626 228 654 nec
258 612 399 666 ipsum
431 613 483 654 ab
516 613 601 654 alio
631 616 887 668 renascetur,
917 627 994 655 nec
1019 628 1068 656 ex
1095 628 1139 655 se
1166 614 1279 655 aliud
1304 613 1475 666 creabit,

111 670 188 712 551
225 670 394 725 quidem
429 685 601 712 necesse
644 673 710 712 est
746 686 771 713 a
806 670 1016 726 principio
1056 671 1159 712 oriri
1196 672 1350 713 omnia.
1383 672 1477 713 ‘ita

151 729 200 769 fit
229 731 278 770 ut
309 731 450 770 motus
481 729 737 783 principium
770 743 820 770 ex
851 743 899 771 eo
932 730 1004 782 sit,
1044 729 1155 784 quod
1192 730 1332 783 ipsum
1369 743 1394 770 a
1432 743 1475 771 se

151 789 359 841 mouetur,
384 786 426 827 id
453 789 596 828 autem
622 801 698 828 nec
723 787 842 828 nasci
866 789 1009 840 potest
1034 801 1110 828 nec
1136 787 1258 841 mori,
1288 787 1356 828 uel
1382 800 1478 828 con-

151 844 265 886 cidat
296 858 418 886 omne
449 845 610 886 caelum
645 845 864 899 omnisque
895 847 1061 899 natura,
1094 846 1137 885 et
1168 845 1378 886 consistat
1407 858 1478 886 ne-

151 915 265 943 cesse
303 904 385 956 est,
422 916 499 943 nec
536 903 623 943 uim
661 903 793 943 ullam
832 903 1121 957 nanciscatur,
1159 917 1243 956 qua
1279 917 1304 943 a
1339 902 1478 956 primo

150 959 336 1013 impulsa
367 962 598 1002 moueatur.

81 1039 211 1082 VIIII
330 1038 435 1081 Cum
461 1042 606 1094 pateat
630 1040 772 1095 igitur,
805 1042 1020 1081 aeternum
1045 1039 1088 1081 id
1113 1054 1215 1095 esse,
1246 1040 1358 1094 quod
1383 1055 1407 1081 a
1433 1053 1476 1082 se

149 1099 244 1153 ipso
269 1100 505 1152 moueatur,
536 1098 630 1152 quis
658 1101 722 1139 est
746 1098 819 1152 qui
843 1097 951 1139 hanc
982 1100 1180 1139 naturam
1207 1098 1357 1139 animis
1385 1112 1477 1139 esse

150 1156 358 1198 tributam
381 1155 536 1210 neget?
567 1156 802 1198 inanimum
828 1158 893 1197 est
919 1156 1030 1197 enim
1057 1170 1191 1209 omne,
1217 1155 1326 1210 quod
1353 1156 1478 1209 pulsu

152 1214 341 1268 agitatur
381 1216 572 1266 externo,
619 1214 730 1268 quod
771 1216 912 1255 autem
953 1217 1019 1255 est
1058 1214 1234 1266 animal,
1273 1213 1316 1254 id
1358 1216 1478 1255 motu

152 1272 285 1314 cietur
314 1272 516 1313 interiore
547 1275 590 1313 et
620 1286 718 1325 suo,
755 1286 855 1313 nam
886 1271 990 1313 haec
1022 1274 1087 1312 est
1116 1271 1290 1326 propria
1325 1273 1478 1312 natura

151 1330 283 1371 animi
320 1332 448 1384 atque
485 1329 563 1371 uis.
625 1344 732 1384 quae
765 1330 800 1371 si
832 1332 897 1371 est
926 1344 1012 1371 una
1044 1344 1093 1370 ex
1125 1329 1338 1383 omnibus,
1369 1342 1475 1383 quae

153 1393 245 1430 sese
288 1390 476 1442 moueat,
518 1402 652 1442 neque
694 1390 795 1429 nata
838 1390 949 1429 certe
993 1389 1056 1428 est
1100 1389 1142 1428 et
1185 1389 1356 1428 aeterna
1400 1388 1476 1428 est.

111 1447 139 1488 2
153 1446 262 1487 hanc
292 1448 340 1487 tu
366 1459 510 1487 exerce
535 1446 719 1500 optumis
744 1446 790 1486 in
816 1446 953 1499 rebus,
986 1447 1085 1486 sunt
1110 1446 1251 1487 autem
1276 1447 1476 1499 optumae
1510 1448 1512 1450 ’

154 1518 279 1546 curae
310 1505 360 1545 de
392 1504 528 1545 salute
559 1504 733 1558 patriae,
765 1504 916 1558 quibus
944 1504 1130 1558 agitatus
1156 1505 1198 1544 et
1224 1502 1477 1544 exercitatus

154 1563 321 1603 animus
352 1562 539 1603 uelocius
570 1562 615 1602 in
646 1562 755 1604 hanc
786 1562 925 1603 sedem
957 1565 999 1602 et
1030 1561 1215 1602 domum·
1236 1575 1356 1602 suam
1386 1574 1479 1613 per-

153 1620 339 1671 uolabit,
368 1619 493 1673 idque
526 1621 642 1662 ocius
673 1620 818 1673 faciet,
857 1621 892 1660 si
923 1620 1008 1660 iam
1039 1621 1149 1672 tum,
1181 1633 1275 1660 cum
1306 1618 1385 1660 erit
1415 1618 1474 1659 in-

154 1679 295 1720 clusus
336 1678 382 1719 in
421 1692 591 1733 corpre‚
630 1678 834 1719 eminebit
873 1677 987 1718 foras
1024 1680 1066 1718 et
1104 1691 1173 1731 ea,
1214 1689 1322 1730 quae
1359 1677 1480 1717 extra

156 1738 290 1790 erunt,
310 1737 603 1791 contemplans
624 1750 751 1790 quam
764 1735 946 1778 maxime
961 1749 1005 1776 se
1022 1750 1046 1776 a
1059 1748 1234 1788 corpore
1249 1733 1480 1775 abstrahet.

114 1794 336 1848 3namque
377 1808 523 1836 eorum
564 1794 712 1848 animi,
755 1794 826 1848 qui
869 1808 913 1835 sc
953 1792 1141 1847 corporis
1186 1791 1506 1845 uoluptatibusv

156 1851 421 1902 dediderunt,
453 1867 680 1907 earumque
713 1867 756 1893 se
789 1852 909 1906 quasi
940 1851 1157 1892 ministros
1182 1850 1480 1904 praebuerunt,

249 2028 270 2058 3
296 2034 399 2069 origo
426 2023 479 2059 eft
502 2024 539 2058 Β
610 2027 632 2058 4
657 2034 676 2058 e
701 2024 738 2058 Β
844 2023 1008 2058 oriuntur
1030 2022 1072 2057 in
1095 2031 1166 2057 ras.
1191 2021 1233 2056 in
1260 2020 1297 2054 P
1389 2024 1409 2055 6
1433 2030 1480 2054 ne
1503 2036 1507 2038 ·

155 2081 279 2115 unqua
313 2070 386 2112 qde
418 2070 554 2106 occidit
583 2070 620 2105 Β
767 2073 788 2104 8
820 2068 867 2105 ab
899 2069 974 2103 alla
1003 2068 1040 2103 Β
1190 2065 1292 2101 ahud
1313 2065 1481 2111 1a11qu1d
1507 2077 1510 2078 ⁷

157 2082 299 2152 cretinit
323 2117 360 2152 Β
455 2120 498 2151 10
524 2127 568 2152 ex
589 2118 594 2161 Ι
616 2126 659 2151 eo
684 2116 729 2151 sit
753 2117 790 2151 et
815 2126 859 2151 ea
883 2115 1054 2158 sequetur
1077 2114 1116 2149 ιὰ
1141 2114 1265 2148 autem
1288 2122 1355 2148 nec
1380 2111 1480 2146 nasci
1503 2150 1505 2154 Α

155 2164 192 2198 Β
317 2163 599 2244 ipse*m10uetur
625 2163 661 2198 P
782 2165 823 2197 11
852 2162 997 2197 occ1dat
1021 2162 1058 2196 B
1177 2163 1219 2194 13
1243 2170 1319 2194 mm
1342 2158 1421 2193 ulla
1443 2157 1481 2192 B

204 2214 277 2254 qua
306 2209 343 2244 B
463 2213 505 2245 15
539 2211 654 2254 1g1tur
684 2210 811 2253 pateat
836 2209 872 2243 Β
988 2208 1027 2243 ld
1057 2208 1099 2243 in
1128 2207 1198 2250 fine
1227 2216 1318 2241 uers.
1348 2215 1414 2240 om.
1443 2203 1503 2247 Bs

158 2259 201 2291 17
227 2261 391 2291 mamma
415 2255 458 2291 P'
544 2259 587 2291 18
611 2257 732 2290 motur
756 2253 803 2290 B'
881 2258 926 2290 20
951 2265 1073 2289 amma
1095 2253 1133 2288 P
1205 2255 1249 2288 22
1275 2250 1426 2296 optlmil'
1443 2249 1496 2291 B:

204 2306 342 2350 optime²
368 2303 405 2337 Β
500 2306 544 2338 28
569 2303 720 2346 beorum
745 2302 780 2336 B
875 2305 920 2337 29
946 2300 1126 2336 dederunt
1150 2298 1186 2334 B
