1526 2444
0 0 31 21 s„

0 26 33 98 ξ
486 51 572 88 XVI
597 54 715 88 9—14
745 50 848 87 XVII
870 55 960 86 1—2
1319 51 1405 94 319

114 161 312 204 ἔδδεισεν
344 157 383 203 δ’
419 157 669 215 ὑπένερθεν
700 159 811 211 ἄναξ
843 157 1008 214 ἐνέρων
1035 157 1286 210 Ἀιδωνεύς·

116 221 263 270 δείσας
293 216 334 262 δ’
370 218 418 262 ἐκ
447 222 620 275 θρόνου
652 215 756 262 ἆλτο
788 217 861 261 καὶ
894 223 1003 275 ἴαχε,
1034 220 1092 274 μή
1125 220 1171 262 οἶ
1197 219 1367 276 ὕπερθε

115 286 247 334 γαῖαν
277 277 532 334 ἀναρρήξειε
564 278 827 321 Ποσειδάων
859 277 1147 334 ἐνοσίχθων,-

115 339 231 381 οἰκία
262 335 310 380 δὲ
340 342 549 393 θνητοῖσι
579 336 653 380 καὶ
685 338 950 380 ἀθανάτοισι
982 340 1142 392 φανείη

5 406 37 444 ‘3
115 395 364 454 σμερδαλέ’,
395 397 633 454 εὐρώεντα,
664 397 764 439 τάτε
797 395 1030 451 στυγέουσι
1061 398 1167 439 θεοί
1192 410 1285 452 περ.

55 479 136 522 hoc
167 479 289 522 Maro
326 494 413 523 non
449 480 711 522 narrationis
751 480 824 522 sed
855 479 1086 535 parabolae
1118 479 1213 522 loco
1245 479 1407 536 posuit,
1423 479 1478 521 14

55 540 105 581 ut
137 539 254 581 aliud
288 554 381 582 esse
413 539 629 582 uideretur

114 636 202 664 non
234 636 355 664 secus
388 636 438 664 ac
470 622 595 678 siqua
626 621 798 676 penitus
829 621 875 663 ui
907 623 1024 663 terra
1056 621 1278 664 dehiscens

9 725 11 730 ,
115 680 305 723 infernas
338 684 497 723 reseret
529 680 648 722 sedes
681 682 724 722 et
754 693 889 736 regna
919 680 1113 722 recludat

9 735 40 783 ἶοἰ
115 740 292 795 pallida,
324 739 389 782 dis
420 740 574 794 inuisa,
604 753 817 806 superque
849 739 1038 780 immane
1070 739 1324 781 barathrum

10 797 12 800 ’
116 803 328 853 cernatur,
358 799 575 854 trepident
600 798 782 840 inmisso
814 798 975 840 lumine
1007 797 1172 840 Manes.

54 880 138 923 hoc
181 895 348 936 quoque
392 880 702 923 dissimulando
747 880 974 936 subripuit.
1043 895 1144 922 nam
1189 895 1286 923 cum
1330 881 1404 924 ille

12 961 13 967 =
55 939 250 995 dixisset,
293 940 394 982 deos
434 941 525 982 sine
563 940 712 982 labore
743 940 908 995 uiuere,
943 937 1045 982 θεοὶ
1077 939 1174 995 ῥεῖα
1207 941 1404 995 ζώοντες,

23 1013 33 1019 ‘⁴
54 997 136 1041 hoc
166 998 279 1042 idem
311 999 419 1041 dixit
450 999 738 1042 occultissime

14 1086 40 1126 ’,δ’
115 1080 158 1123 di
188 1080 307 1124 Iouis
338 1082 383 1124 in
413 1082 539 1124 tectis
571 1097 718 1125 casum
750 1081 1010 1124 miserantur
1039 1082 1212 1124 inanem

14 1181 17 1185 ,
115 1140 340 1183 amborum
372 1143 414 1183 et
444 1144 590 1184 tantos
623 1141 878 1183 mortalibus
910 1156 1003 1184 esse
1035 1142 1219 1196 labores,

15 1209 18 1282 ᾗ
55 1223 210 1278 quibus
241 1223 326 1279 ipsi
358 1225 521 1267 scilicet
552 1228 710 1266 carent.

174 1292 284 1344 Quid
307 1293 498 1351 Vergilio
530 1295 762 1338 contulerit
780 1294 995 1337 Homerus
1028 1295 1128 1337 hinc
1153 1294 1474 1338 maximeXVII

54 1351 191 1408 liquet
235 1354 367 1409 quod,
409 1355 483 1396 ubi
525 1369 669 1396 rerum
710 1355 944 1396 necessitas
983 1354 1127 1410 exegit
1164 1369 1188 1396 a
1224 1354 1403 1397 Marone

18 1413 41 1454 Ὀ
56 1411 383 1480 dispositionem
407 1413 638 1455 inchoandi
663 1412 779 1467 belli,
805 1428 933 1468 quam
959 1428 1046 1455 non
1068 1413 1224 1455 habuit
1245 1413 1403 1456 Home-

28 1485 128 1513 rus
147 1495 205 1500 —
224 1472 382 1527 quippe
414 1473 485 1527 qui
518 1472 700 1514 Achillis
732 1472 842 1514 iram
874 1472 1095 1514 exordium
1127 1472 1210 1514 sibi
1240 1472 1403 1528 fecerit,

20 1534 162 1584 quae
201 1529 366 1572 decimo
401 1531 570 1573 demum
601 1531 703 1573 belli
735 1546 848 1574 anno
880 1531 1066 1587 contigit
1095 1555 1155 1561 —-
1185 1531 1403 1575 laborauit

20 1589 108 1632 md
146 1589 207 1631 rei
242 1604 380 1632 nouae
412 1592 595 1645 partum.
657 1604 829 1633 ceruum
861 1591 1041 1633 fortuito
1074 1591 1266 1633 saucium
1298 1590 1442 1635 fecit2

22 1654 230 1690 ἐέοαιιεαιῃ
273 1649 496 1692 tumultus.
565 1649 638 1692 sed
681 1650 757 1691 ubi
794 1650 903 1691 uidit
938 1650 1020 1692 hoc
1057 1650 1150 1691 leue
1187 1650 1401 1706 nimisque

23 1707 234 1763 ¹‚1pueri]e,
271 1708 462 1750 dolorem
500 1709 620 1751 auxit
658 1709 913 1764 agrestium,
949 1712 997 1751 ut
1031 1708 1220 1764 impetus
1253 1724 1400 1752 eorum

22 1766 24 1769 ’
56 1766 271 1809 sufficeret
295 1767 349 1809 ad
374 1768 547 1811 bellum.
598 1768 671 1810 sed
696 1782 774 1810 nec
801 1783 949 1810 seruos
976 1768 1120 1810 Latini
1148 1772 1191 1810 et
1215 1769 1401 1811 maxime

55 1825 228 1868 stabulo
266 1826 386 1882 regio
425 1829 624 1869 curantes
663 1830 792 1882 atque
823 1827 920 1869 ideo
954 1827 1055 1883 quid
1086 1826 1271 1870 foederis
1303 1843 1400 1871 cum

26 1924 27 1944 3
54 1881 251 1927 Troianis
271 1885 448 1928 Latinus
473 1887 596 1928 icerit
621 1900 672 1928 ex
693 1886 940 1929 muneribus
961 1901 1168 1942 equorum
1188 1890 1232 1930 et
1250 1902 1400 1930 currus

151 2005 167 2035 1
201 1964 242 2035 II.
275 2002 308 2036 Υ
339 2005 383 2037 61
506 2007 526 2038 8
559 2002 668 2046 Verg.
702 2004 793 2038 Aen.
818 2003 904 2038 VIII
935 2006 1004 2038 243
1130 2007 1172 2038 13
1204 2003 1246 2040 Il.
1275 2005 1306 2039 Ζ
1334 2008 1400 2041 138

56 2047 100 2081 15
124 2046 214 2083 Aen.
240 2047 274 2083 X
300 2052 368 2084 ⁷58
440 2053 485 2085 23
511 2050 561 2084 ib.
587 2049 657 2085 VII
683 2052 750 2085 749
823 2054 870 2085 28
894 2050 1039 2086 ib.V11
1065 2055 1133 2087 260

149 2157 167 2188 1
194 2155 402 2191 ΛΙΔωΝΕΥ
427 2156 464 2190 Ρ
527 2159 548 2190 2
575 2157 608 2191 δ’
633 2157 673 2191 ἐκ
692 2156 846 2203 θρόνου]
869 2157 1147 2193 ΔΕΡΘΡΟΝΟΥ
1173 2158 1210 2193 P
1273 2158 1401 2193 ΕΝΕΡ-

30 2233 31 2236 ,
55 2198 140 2236 ΘΕΝ
166 2201 203 2237 Ρ
272 2205 293 2236 3
318 2203 753 2239 ΠΟΕΕΙΔΔΜΝΟΧΘωΝ
780 2204 817 2239 Ρ
892 2208 914 2239 4
939 2205 1102 2240 ΦΔΕΙΝΗ
1130 2204 1167 2239 Ρ
1248 2209 1268 2240 5
1294 2205 1401 2251 τάτε]

54 2246 110 2282 ΤΕ
133 2248 170 2283 Ρ
242 2249 336 2296 θεοί]
365 2251 436 2286 ΘΟΙ
463 2251 500 2285 Ρ
576 2255 620 2286 10
644 2251 796 2287 baratro
823 2251 860 2287 P
935 2256 976 2287 11
1003 2252 1195 2297 trepidant
1219 2253 1256 2287 P
1330 2264 1402 2287 xm-

30 2322 33 2346 3
54 2293 160 2331 mtto
185 2295 222 2331 P
292 2300 335 2332 13
363 2298 455 2333 ΡΕΙΛ
483 2298 520 2333 Ρ
589 2302 634 2334 27
659 2298 798 2334 fedens
817 2298 854 2334 P
922 2303 968 2335 28
994 2264 1125 2335 leoepnt
1150 2300 1187 2334 P
