1526 2444
123 69 180 110 20
642 69 739 105 SAT.
765 70 893 106 LIBRI
917 71 933 106 Ι

125 174 250 225 solet,
286 176 330 215 et
364 174 409 215 in
440 186 587 216 SEXTA
618 187 667 216 IN
698 175 947 219 ANTONIVM
991 178 1077 232 qui
1125 193 1357 232 umquam
1395 180 1446 221 in

123 231 216 273 illo
254 230 378 273 Iano
422 233 661 275 inuentus
705 236 781 275 est
829 235 911 288 qui
951 235 997 278 L.
1039 235 1263 278 Antonio
1305 237 1444 278 mille

123 303 371 331 nummum
406 289 565 332 ferret
595 293 889 345 expensum?
926 293 1027 335 licet
1056 293 1219 335 VARRO
1263 308 1445 348 quoque,

124 347 310 388 eiusdem
331 347 488 389 saeculi
506 347 648 402 homo,
672 349 717 390 in
736 360 932 392 SEPTIMO
956 363 1129 393 DECIMo
1147 350 1446 393 HVMANARVM

124 404 277 445 dixerit
301 406 414 458 plus
439 405 579 447 mille
611 409 660 447 et
686 409 883 448 centum
909 423 1149 450 annorum
1180 413 1272 462 est,
1301 413 1446 450 tamen
1481 426 1497 451 5

125 462 323 503 fiduciam
360 462 420 503 sic
457 464 738 517 componendi
773 478 860 506 noii
894 467 978 507 nisi
1014 481 1064 507 ex
1107 467 1446 508 antecedentium

85 520 380 562 6auctoritate
413 523 692 574 sumpserunt.
751 536 853 563 nani
884 522 1230 571 QVADRIGARIVS
1266 525 1311 565 in
1341 536 1446 565 TER-

125 588 200 618 'rio
233 588 472 619 ANNAL1VM
503 579 564 619 ita
601 579 773 632 scripsit
802 580 874 621 ibi
912 581 1161 623 occiditur
1190 582 1331 623 mille
1362 582 1446 623 ho-

125 635 310 676 minum
341 638 384 676 et
413 635 632 678 chlnivs
663 637 707 678 in
736 637 864 678 tertio
896 637 1160 681 SATIRARVM

242 721 294 762 ad
324 724 497 776 portum
527 723 641 764 mille
673 737 698 764 a
729 726 853 777 porta
883 726 959 778 est,
991 738 1064 765 sex
1093 724 1190 766 inde
1216 724 1447 766 Salernum.
1466 735 1500 760 10

87 809 229 850 7alibi
265 823 365 850 uero
409 809 537 850 etiam
573 809 899 851 declinationem
942 811 1068 852 huius
1107 811 1292 853 nominis
1332 826 1448 854 exse-

126 868 247 908 cutus
279 869 355 908 est.
413 881 513 908 nam
543 867 588 907 in
617 878 755 909 LIBRO
789 879 959 917 QVINTO
984 879 1159 910 DECIMO
1191 869 1252 910 ita
1283 869 1386 911 dicit

242 953 355 994 hunc
385 953 496 994 milli
526 967 701 1007 passum
731 954 803 1008 qui
834 954 983 995 uicerit
1015 957 1142 1008 atque
1175 955 1337 996 duobus

244 1009 484 1064 Campanus
516 1012 684 1065 sonipes
716 1026 938 1053 succussor
968 1012 1108 1054 nullus
1140 1015 1338 1067 sequetur

242 1069 401 1109 maiore
433 1069 572 1122 spatio
605 1083 653 1110 ac
683 1069 873 1111 diuersus
903 1069 1117 1111 uidebitur
1148 1070 1220 1111 ire.
1467 1083 1500 1111 15

125 1148 228 1189 item
259 1149 302 1189 in
332 1160 469 1191 LIBRO
495 1160 620 1191 NONo

244 1237 293 1276 tu
323 1235 435 1276 milli
464 1250 684 1277 numinum
715 1238 837 1290 potes
868 1250 951 1277 uno
985 1250 1185 1290 quaerere
1216 1240 1396 1280 centum.

90 1322 259 1369 Smilli
290 1335 494 1375 passum
536 1322 642 1362 dixit
677 1336 755 1376 pro
795 1321 934 1363 mille
971 1323 1206 1376 passibus
1245 1326 1287 1365 et
1321 1325 1451 1366 milli

128 1393 376 1420 nummum
417 1393 495 1432 pro
549 1379 688 1421 mille
730 1380 943 1421 nummis
993 1382 1220 1436 aperteque
1268 1382 1452 1424 ostendit

128 1437 270 1477 mille
311 1439 353 1477 et
395 1437 650 1478 uocabulum
687 1451 778 1479 esse
815 1440 859 1479 et
901 1438 1110 1492 singulari
1151 1453 1327 1481 numero
1366 1440 1448 1482 dici
1466 1454 1500 1479 20

130 1497 172 1535 et
203 1508 350 1536 casum
381 1495 510 1536 etiam
536 1509 683 1549 capere
710 1496 957 1550 ablatiuum‚
992 1496 1161 1550 eiusque
1191 1497 1451 1551 pluratiuum

89 1558 222 1599 9esse
265 1552 418 1593 milia.
479 1552 618 1593 mille
662 1553 773 1594 enim
815 1567 901 1594 non
945 1567 996 1594 ex
1039 1567 1087 1594 eo
1130 1554 1300 1607 ponitur
1342 1556 1451 1609 quod

131 1609 289 1651 Graece
319 1611 435 1663 χίλια
465 1609 678 1663 dicuntur,
715 1610 788 1651 sed
818 1610 929 1664 quod
965 1611 1104 1664 χιλιάς
1142 1613 1184 1652 et
1222 1612 1331 1653 sicut
1366 1627 1452 1654 una

129 1667 268 1720 χιλιάς
312 1669 354 1708 et
400 1667 506 1708 duae
547 1667 756 1721 χιλιάδες,
798 1668 860 1708 ita
897 1681 1047 1709 unum
1089 1669 1230 1710 mille
1275 1673 1317 1711 et
1358 1671 1452 1713 duo

63 1730 118 1771 10
133 1725 274 1766 milia
298 1727 461 1766 ueteres
487 1728 603 1766 certa
629 1728 755 1779 atque
781 1725 938 1767 directa
961 1726 1126 1767 ratione
1152 1726 1359 1770 dicebant.
1409 1731 1452 1770 et
1470 1740 1504 1766 25

130 1782 234 1823 heus
264 1784 311 1823 tu
342 1782 465 1823 hisne
495 1785 585 1823 tam
615 1783 749 1824 doctis
780 1783 900 1837 uiris,
939 1797 1116 1837 quorum
1146 1783 1203 1825 M.
1234 1783 1378 1827 Cicero
1411 1789 1453 1827 et

226 1910 243 1940 1
265 1910 284 1947 ξ
305 1910 346 1942 15
397 1911 440 1942 10
464 1906 516 1940 III
535 1910 578 1941 20
591 1907 678 1942 Luc.
691 1907 861 1942 Muelleri
880 1911 922 1942 21
973 1911 1016 1943 13
1035 1908 1102 1943 XV
1117 1913 1160 1943 14
1178 1908 1264 1945 Luc.
1284 1910 1453 1946 Muelleri

133 1956 176 1986 17
201 1951 303 1987 VIIII
330 1956 373 1987 65
397 1952 483 1988 Luc.
509 1953 678 1988 Muelleri

225 2071 245 2101 2
270 2078 357 2102 ianu
381 2069 418 2103 P
483 2069 582 2103 lucio
610 2069 686 2104 Pb:
713 2069 809 2104 locio
829 2070 865 2104 B
936 2074 956 2104 9
982 2070 1184 2115 satyrarum
1203 2071 1239 2106 B
1311 2074 1354 2106 10
1372 2083 1453 2116 por-

131 2115 212 2148 tum
238 2113 381 2150 Carrio:
407 2116 554 2159 portam
573 2115 654 2150 BP
770 2120 811 2150 11
839 2116 1051 2160 exsequutus
1072 2118 1109 2152 P
1224 2121 1266 2152 13
1291 2117 1393 2152 mille
1418 2119 1455 2153 B

135 2163 179 2194 14
204 2170 395 2196 succussor
418 2161 605 2196 Bentleius
627 2172 716 2197 mus.
742 2162 856 2197 Rhen.
882 2165 985 2206 1881,
1017 2165 1109 2199 326.·
1133 2164 1325 2199 subcursor
1349 2164 1456 2209 (BP)

132 2206 255 2241 nullos
274 2207 311 2241 B
407 2210 449 2242 18
474 2206 637 2252 pafflbUs
659 2228 700 2233 —
729 2211 771 2243 19
796 2208 897 2244 mille
925 2219 989 2244 om.
1016 2210 1052 2244 B
1145 2213 1188 2244 21
1213 2209 1395 2255 pluralem
1418 2211 1454 2246 B

133 2256 178 2287 23
204 2252 316 2288 chilia
338 2253 419 2288 BP
499 2253 632 2289 chilias
650 2254 732 2289 BP
757 2279 765 2288 .
812 2258 858 2290 24
882 2255 1013 2290 chilias
1088 2255 1265 2292 chiliades
1281 2256 1364 2291 BP
