1526 2444
139 59 226 101 452
629 59 727 96 SAT.
751 60 880 96 LIBRI
903 61 971 97 VII

68 166 127 208 23
142 165 262 207 aluus
286 179 372 206 non
398 164 632 218 perniciose
657 165 842 207 uritur?'
893 168 936 208 et
959 166 1034 208 ille
1060 166 1308 208 ‘intestinus
1333 167 1459 219 calor,

142 223 214 278 qui
250 222 293 263 in
331 222 428 263 aluo
466 224 548 276 est,
584 223 704 276 quasi
741 224 876 265 multo
915 225 1050 266 maior
1087 223 1458 279 uehementiorque

141 279 337 334 quicquid
363 279 544 321 calidum
571 280 735 335 accipit,
765 281 1054 336 magnitudine
1079 296 1156 323 sua
1181 282 1458 324 circumuenit

142 352 190 379 ac
234 336 440 379 debilitat.
507 338 602 379 ideo
646 340 836 392 praestat
872 339 1010 392 siquid
1047 340 1110 381 ori
1145 339 1354 381 feruidum
1391 339 1460 380 ad-

141 394 337 448 moueris,
360 409 459 436 nam
482 397 531 437 ut
555 395 726 450 quidam
749 395 911 437 faciunt
935 396 1064 450 hiare,
1088 411 1142 438 ne
1168 411 1280 439 nouo
1305 397 1459 450 spiritu
1494 409 1512 435 5

141 452 298 494 feruori
322 452 436 493 uires
461 453 690 506 ministres,
716 453 789 494 sed
814 454 1030 508 paulisper
1049 455 1168 496 labra
1187 455 1460 509 conprimere,

140 513 188 551 ut
224 510 359 551 maior
395 510 527 561 calor,
571 511 644 564 qui
681 510 731 552 de
768 513 913 552 uentre
950 513 1078 553 etiam
1116 513 1179 554 ori
1214 513 1460 566 opitulatur,

142 568 380 622 conprimat
416 568 622 610 minorem
657 569 852 610 calorem.
911 583 1061 611 manus
1093 572 1252 624 autem,
1287 573 1335 611 ut
1370 583 1459 611 rem

141 626 350 667 semidam
385 625 495 667 ferre
531 626 686 679 possit,
721 626 838 668 nullo
875 628 1047 680 proprio
1083 627 1254 669 iuuatur
1292 626 1458 669 calore?
1524 668 1526 671 ,

72 687 128 727 24
259 683 371 725 ‘Iam
414 683 591 725 dudum’
633 684 771 737 inquit
805 683 1045 726 Auienus
1054 698 1178 726 nosse
1222 698 1344 738 aueo,
1386 699 1460 726 cur
1478 697 1526 731 ισοξ

143 756 271 795 aqua,
308 755 414 795 quae
446 741 586 782 obsita
615 741 758 796 globis
791 741 955 783 niuium
985 742 1229 797 perducitur
1259 742 1312 783 ad
1342 742 1461 784 niua-
1522 743 1526 786 j

141 799 225 839 lem
255 799 452 853 rigorem,
482 799 621 840 minus
652 800 698 840 in
728 801 831 864 potu
862 800 990 841 noxia
1021 802 1096 852 est,
1128 814 1253 854 quam
1284 814 1336 841 ex
1366 800 1460 854 ipsa
1522 807 1526 819 ·’

140 856 238 897 niue
275 870 385 910 aqua
420 856 637 898 resoluta?
697 857 850 898 scimus
891 857 1019 911 enim,
1057 860 1159 911 quot
1195 860 1459 911 quantaeque
1524 887 1526 889 -

141 927 276 956 noxae
307 915 432 967 epoto
462 914 572 955 niuis
603 914 778 956 humore
808 914 1064 956 nascantur?

71 973 127 1015 25
256 971 315 1012 Et
343 971 537 1013 Disarius
576 970 706 1013 ‘addo
744 971 904 1026 aliquid
942 987 966 1013 a
998 975 1041 1014 te
1071 972 1287 1026 quaesitis.
1348 986 1458 1026 aqua
1477 984 1526 1022 1⁵⁹ss

143 1029 254 1070 enim
286 1043 337 1070 ex
366 1029 463 1070 niue
493 1029 678 1070 resoluta
706 1030 836 1070 etiam
867 1030 904 1071 si
933 1030 1031 1083 igne
1063 1030 1231 1071 calefiat
1254 1031 1297 1071 et
1321 1029 1460 1071 calida
1522 1047 1526 1065 =

141 1087 325 1139 bibatur,
355 1100 486 1141 aeque
516 1087 644 1128 noxia
674 1090 750 1140 est,
781 1101 829 1128 ac
854 1087 892 1128 si
917 1090 1043 1141 epota
1069 1088 1125 1128 sit
1149 1087 1315 1140 frigida.
1357 1100 1458 1141 ergo

141 1159 227 1185 non
264 1145 353 1186 solo
390 1145 532 1198 rigore
569 1143 724 1186 niualis
762 1159 870 1198 aqua
906 1145 1144 1199 perniciosa
1182 1147 1263 1197 est,
1300 1144 1373 1186 sed
1404 1144 1458 1186 ob
1513 1187 1516 1198 ἵ

142 1202 270 1243 3113111
318 1216 509 1255 causam,
562 1216 688 1256 quam
734 1216 819 1243 non
866 1202 1031 1257 pigebit
1079 1203 1240 1256 aperire
1290 1204 1459 1244 auctore
1513 1203 1514 1206 ’

141 1259 454 1313 Amsrornnn,
502 1259 574 1313 qui
621 1260 666 1300 in
712 1270 917 1302 PHYSICIS
966 1270 1322 1310 QVAESTIONIBVS
1373 1260 1457 1301 suis

141 1317 251 1358 hanc
286 1317 446 1370 posuit,
484 1320 526 1358 et
562 1317 607 1358 in
639 1317 750 1358 hunc
780 1331 967 1371 sensum,
1003 1318 1049 1358 ni
1078 1318 1224 1370 fallor,
1261 1317 1458 1358 absoluit.

70 1375 304 1419 260mnis
354 1389 480 1429 aqua
521 1375 658 1429 inquit
704 1375 858 1416 habet
906 1376 956 1416 in
1000 1389 1050 1416 se
1094 1375 1224 1416 aeris
1266 1375 1458 1416 tenuis-

142 1432 257 1473 simi
304 1432 610 1487 portionem,
652 1447 746 1487 quo
789 1433 1032 1474 salutaris
1076 1436 1169 1486 est,
1215 1433 1370 1474 habet
1411 1434 1460 1473 et

140 1493 356 1532 terream
417 1489 627 1543 faecem,
685 1505 779 1544 qua
842 1493 919 1532 est
978 1491 1279 1544 corpulenta
1343 1492 1460 1543 post

140 1551 340 1590 terram.
389 1562 496 1589 cum
528 1562 646 1603 ergo
679 1549 812 1590 aeris
842 1548 1035 1603 frigore
1066 1550 1114 1589 et
1144 1549 1258 1602 gelu
1284 1550 1458 1590 coacta
1506 1602 1508 1605 Ι

142 1606 412 1660 coalescit,
441 1620 645 1647 necesse
673 1608 749 1647 est
772 1620 859 1660 per
884 1606 1293 1660 euaporationem
1318 1605 1458 1647 uelut

142 1663 359 1718 exprimi
396 1678 453 1704 ex
490 1678 546 1704 ea
583 1678 750 1705 auram
787 1664 930 1705 illam
961 1664 1329 1717 tenuissimam,
1365 1677 1459 1717 qua

141 1721 431 1762 discedente
468 1722 739 1763 conueniat
774 1722 826 1762 in
857 1722 1118 1776 coagulum
1151 1721 1259 1762 sola
1287 1723 1458 1762 terrea

139 1778 191 1819 in
235 1793 286 1820 se
323 1782 615 1821 remanente
655 1781 841 1821 natura
909 1779 1038 1833 quod
1073 1778 1190 1820 hinc
1227 1781 1457 1832 apparet,

141 1836 276 1890 quia,
314 1851 417 1878 eum
455 1837 611 1878 fuerit
648 1837 816 1878 eadem
852 1851 980 1891 aqua
1017 1837 1142 1878 solis
1180 1837 1347 1878 calore
1384 1850 1456 1877 re-

142 1893 327 1946 soluta,
357 1895 519 1936 minor
549 1895 722 1936 modus
756 1895 861 1936 eius
887 1892 1160 1948 reperitur,
1191 1908 1335 1948 quam
1359 1893 1458 1934 fuit

81 1975 87 1979 -
141 1953 409 2004 antequam
459 1953 860 2007 congelasceret,
908 1952 1051 1994 deest
1099 1954 1281 2005 autem,
1330 1950 1458 2005 quod
1495 1957 1502 1992 'f

231 2062 276 2093 20
301 2058 403 2093 Rosii
427 2058 578 2094 Aristot.
603 2059 833 2104 pseudepigr.
859 2071 895 2104 p.
920 2063 987 2094 223

233 2161 250 2191 1
277 2157 394 2192 ut1tur
423 2155 473 2191 P'
591 2159 611 2191 5
636 2156 776 2192 faciunt
806 2167 871 2192 om.
902 2156 939 2192 P
1053 2161 1097 2192 10
1120 2166 1270 2193 **aue0
1301 2168 1394 2200 quur
1422 2155 1461 2191 P

137 2206 181 2238 13
208 2203 304 2247 quod
332 2199 381 2237 P'
459 2206 503 2237 20
527 2202 683 2247 phisccil'
702 2213 792 2238 corr.
817 2204 858 2238 in
880 2202 1030 2248 ph1r101r
1051 2204 1087 2238 P
1167 2206 1212 2238 28
1237 2203 1392 2247 coagula
1415 2203 1456 2237 ut
1486 2219 1488 2223 ·

135 2250 212 2286 uid.
240 2247 289 2283 P'
385 2252 428 2284 32
455 2248 719 2293 congelesceret
742 2248 779 2284 P
