1526 2444
619 39 704 75 XIII
730 42 870 75 32—39
967 82 970 85 ,
1338 38 1426 81 305

75 150 256 192 necdum
286 149 510 204 pugnabat
536 147 718 203 Aeneas,
750 147 823 190 sed
852 149 1022 190 tantum
1049 147 1094 189 in
1118 146 1219 189 naui
1245 147 1423 189 ueniens

77 209 325 264 apparebat.
386 207 472 250 alio
504 207 599 249 loco

134 291 202 333 cui
233 290 397 346 triplici
429 290 585 332 crinita
615 290 719 331 iuba
750 289 876 345 galea
909 290 998 331 alta
1030 287 1304 331 Chimaeram

135 349 320 392 sustinet
350 349 569 391 Aetnaeos
602 348 822 391 efflantem
854 348 1051 390 faucibus
1083 348 1212 403 ignis.

0 431 6 486 ζ
38 453 54 479 5
75 432 176 488 quid
214 431 325 487 quod
358 431 526 474 Aeneas
563 445 712 473 recens
750 430 895 473 allatis
934 431 1066 473 armis
1098 445 1123 472 a
1153 429 1349 473 Vulcano
1382 432 1425 473 et

74 491 120 533 in
149 493 268 533 terra
299 491 453 546 positis
484 491 667 532 miratur

132 573 371 616 terribilem
404 573 546 615 cristis
579 572 749 628 galeam
779 571 1063 628 flammasque
1094 572 1372 615 uomentem?

74 655 207 698 uultis
253 655 383 697 aliam
426 655 594 697 fruendi
637 654 888 696 auiditatem
928 654 1104 696 uidere?
1172 654 1258 696 loci
1294 654 1423 697 huius

77 729 207 770 supra
239 714 531 756 meminimus:
563 713 731 767 fulgore
764 715 992 768 correptus.

22 818 57 844 ιο
133 794 160 851 ἦ
193 795 266 839 καὶ
296 794 535 851 κυανέῃσιν
567 793 633 837 ἐπ’
670 795 834 851 ὀφρύσι
865 801 995 837 νεῦσε
1027 797 1253 851 Κρονίων·

132 855 370 911 ἀμβρόσιαι
402 852 442 896 δ’
479 855 564 910 ἄρα
594 861 739 910 χαῖται
771 854 1076 909 ἐπερρώσαντο
1108 855 1296 905 ἄνακτος

131 916 289 971 κρατὸς
320 911 393 956 ἀπ’
430 912 693 969 ἀθανάτοιο,
724 912 863 968 μέγαν
896 911 937 955 δ’
971 912 1162 965 ἐλέλιξεν
1183 912 1423 969 Ὄλυμπον.

1438 207 1496 250 36

1438 655 1494 699 37

73 1012 168 1040 sero
210 997 350 1039 uoluit
392 997 583 1051 loquenti
620 995 715 1037 Ioui
760 996 989 1052 adsignare
1032 1011 1183 1052 parem
1226 1011 1421 1039 reueren-
1436 999 1493 1042 38

14 1060 16 1062 ’
71 1057 189 1098 tiam.
250 1071 351 1098 nam
391 1070 487 1097 cum
526 1058 570 1097 et
606 1056 649 1097 in
689 1055 828 1109 primo
867 1056 1086 1098 uolumine
1118 1059 1162 1099 et
1191 1056 1235 1098 in
1268 1059 1422 1112 quarto

20 1134 54 1161 15
73 1117 115 1158 et
150 1116 195 1156 in
232 1129 347 1158 nono
384 1114 588 1169 loquatur
625 1114 834 1170 quaedam
865 1113 1062 1170 Iuppiter
1100 1115 1191 1158 sine
1223 1116 1423 1171 tumultu,

72 1174 255 1230 denique
286 1176 387 1229 post
417 1172 597 1216 Iunonis
629 1175 673 1215 et
703 1172 884 1215 Veneris
916 1174 1107 1229 iurgium

129 1256 237 1298 infit.
287 1271 337 1299 8ο
370 1256 535 1299 dicente
567 1256 693 1298 deum
726 1256 878 1298 domus
912 1257 1002 1299 alta
1034 1256 1200 1299 silescit

131 1318 175 1357 et
204 1315 460 1358 tremefacta
491 1316 583 1358 solo
615 1315 760 1369 tellus,
793 1315 892 1357 silet
924 1316 1082 1358 arduus
1116 1316 1278 1370 aether,

130 1378 223 1417 tum
245 1374 430 1430 Zephyri
454 1389 650 1430 posuere,
675 1374 833 1429 premit
852 1375 1023 1429 placida
1044 1388 1234 1430 aequora
1252 1377 1422 1431 pontus,

14 1475 54 1520 ιειο
71 1459 293 1512 tamquam
336 1471 425 1499 non
467 1455 581 1499 idem
621 1456 694 1511 sit,
738 1456 811 1511 qui
847 1457 1018 1499 locutus
1058 1458 1114 1499 sit
1151 1458 1281 1512 paulo
1320 1460 1421 1500 ante

73 1516 163 1558 sine
194 1516 285 1558 ullo
317 1515 466 1557 mundi
491 1516 627 1558 totius
661 1515 881 1570 obsequio.
932 1515 1087 1558 similis
1114 1516 1419 1571 importunitas
1434 1520 1491 1563 39

72 1577 137 1617 est
168 1575 214 1616 in
246 1574 436 1616 eiusdem
467 1574 583 1617 Iouis
609 1575 746 1627 lance,
777 1589 906 1629 quam
933 1589 984 1616 ex
1009 1575 1084 1617 illo
1112 1575 1208 1618 loco
1236 1577 1421 1632 sumpsit

129 1655 202 1699 καὶ
232 1658 328 1699 τότε
361 1657 416 1712 δὴ
447 1657 630 1713 χρύσεια
660 1657 801 1713 πατὴρ
834 1656 1001 1713 ἐτίτηνε
1031 1657 1234 1713 τάλαντα,

0 1758 5 1779 z
69 1754 169 1782 nam
202 1754 297 1782 cum
327 1739 414 1782 iam
445 1740 495 1781 de
527 1739 672 1782 Turno
704 1739 989 1795 praedixisset
1020 1739 1127 1782 Iuno

4 1933 7 1986 Q
69 1945 191 1980 ><209

165 1901 186 1932 3
211 1896 302 1933 Aen.
327 1896 398 1932 VII
425 1900 491 1933 785
571 1901 591 1933 7
616 1895 666 1932 ib.
693 1896 780 1932 VIII
806 1900 875 1933 620
958 1900 1001 1933 17
1027 1895 1077 1932 ib.
1103 1896 1137 1931 X
1163 1901 1230 1934 101
1305 1903 1349 1934 23
1376 1898 1418 1934 Il.

165 2094 187 2126 3
211 2092 359 2137 triplice
389 2090 440 2126 P'
531 2091 733 2127 chimeram
762 2091 799 2126 P
886 2095 910 2126 4
936 2103 974 2135 es
1006 2092 1168 2138 &hneios
1188 2093 1225 2128 P
1307 2098 1326 2129 ’7
1353 2105 1418 2129 110-

6 2107 9 2120 1
71 2140 217 2174 cantem
244 2139 282 2173 P
376 2142 420 2173 10
447 2139 710 2175 ΚΥΛΝΕΝΕΗ(
736 2140 774 2174 ΙΝ
805 2139 842 2173 Ρ
937 2142 979 2173 12
1008 2140 1132 2175 KF’lOC
1156 2140 1194 2175 Ρ
1279 2141 1419 2176 ΕΛΕΛΙ-

69 2185 163 2221 ΠΕΝ
189 2186 226 2221 P
314 2189 358 2221 13
384 2185 488 2221 seruo
514 2186 551 2221 P
638 2190 681 2221 16
706 2186 869 2233 ueneris]
894 2186 1054 2222 ieneorif
1075 2187 1112 2221 P
1199 2191 1242 2223 17
1269 2189 1417 2224 dicente

71 2232 217 2269 dicente
243 2233 376 2268 domus
398 2234 435 2268 P
504 2238 549 2269 23
575 2234 617 2269 in
643 2234 841 2279 ΕξΤΙΤΗΝΕ
862 2237 946 2279 post
971 2235 998 2269 Η
1025 2235 1178 2271 deletum
1198 2234 1229 2269 Sc
1248 2236 1304 2280 (ut
1322 2236 1418 2280 uid.)

10 2333 11 2345 ¹
71 2280 113 2315 in
139 2280 175 2314 P
243 2282 452 2316 ΤΑΛΔΗΤΛ
477 2281 514 2316 P

140 2345 330 2373 Maononrvs
1087 2344 1132 2375 20
