1526 2444
11 0 47 55 ἲ
460 78 527 114 XX
554 81 693 114 17-18
731 77 816 113 XXI
844 82 959 114 1-10
1297 78 1381 124 117

0 184 3 196 ‘
35 190 251 230 cremento
281 187 456 230 luminis
489 189 531 230 et
561 187 739 229 dierum.
801 187 854 229 ab
888 201 993 242 apro
1027 189 1171 230 autem
1201 187 1427 231 tradunt4

0 275 4 291 2
34 247 339 302 interemptum
365 246 549 302 Adonin,
580 246 734 288 hiemis
766 246 1001 302 imaginem
1026 247 1072 289 in
1096 246 1179 289 hoc
1205 246 1385 289 animali

0 306 264 362 ‘-fingentes,
302 305 416 361 quod
454 320 556 360 aper
593 305 789 360 hispidus
828 308 871 356 et
910 319 1037 360 asper
1073 306 1235 362 gaudet
1277 306 1385 349 locis

2 388 3 393 =
34 363 220 407 humidis
245 364 400 407 lutosis
425 365 664 420 pruinaque
691 364 901 407 contectis
926 366 1184 421 proprieque
1209 365 1387 408 hiemali

0 423 177 474 »fructu
208 425 400 478 pascitur
431 424 599 479 glande.
654 437 757 478 ergo
789 424 928 466 hiems
960 425 1098 467 ueluti
1129 424 1286 467 uulnus
1320 427 1387 467 est

0 475 3 517 ¹,
37 482 157 537 solis,
204 497 312 538 quae
357 485 401 525 et
438 484 576 526 lucem
614 483 706 525 eius
742 483 868 526 nobis
908 483 1069 525 minuit
1107 486 1150 525 et
1187 484 1385 539 calorem,

0 558 3 579 ε
37 541 150 597 quod
170 544 399 597 utrumque
425 542 718 584 animantibus
740 542 895 585 accidit
914 545 1063 585 morte.
1107 543 1384 586 simulacrum
1399 545 1427 588 5

35 599 161 643 huius
201 600 304 643 deae
342 602 387 643 in
418 604 565 644 monte
596 601 762 644 Libano
793 601 975 657 fingitur
1007 602 1148 656 capite
1181 602 1387 658 obnupto,

0 676 4 714 ς
37 660 176 715 specie
208 660 337 712 tristi,
369 659 523 702 faciem
554 675 684 702 manu
715 660 842 702 laeua
871 661 987 702 intra
1019 661 1224 703 amictum
1258 662 1386 704 susti-

0 719 155 789 l'mmS'
186 719 388 761 lacrimae
419 720 585 762 uisione
616 719 973 774 conspicientium
1004 734 1181 762 manare
1210 720 1385 762 credun-

0 791 3 830 ξ
35 779 118 820 tur.
161 792 269 833 quae
294 778 450 834 imago,
475 780 645 833 praeter
671 778 784 834 quod
809 778 998 834 lugentis
1022 781 1099 834 est,
1118 781 1167 821 ut
1187 778 1387 834 diximus,

0 836 3 879 ἒ
39 836 153 891 deae,
179 839 317 879 terrae
343 851 510 892 quoque
536 837 735 879 hiemalis
762 839 841 893 est,
865 851 949 894 quo
974 839 1170 893 tempore
1192 839 1387 894 obnupta

0 941 2 943 v
36 895 223 937 nubibus
266 897 355 938 sole
397 896 577 939 uiduata
613 899 760 952 stupet
796 897 1022 952 fontesque
1066 897 1201 940 ueluti
1244 900 1385 940 terrae

0 962 5 994 ὲ
37 954 151 996 oculi
180 954 354 997 uberius
385 958 576 1011 manant,
607 958 784 1012 agrique
816 956 990 998 interim
1016 970 1094 999 suo
1121 958 1240 999 cultu
1264 957 1386 999 uidui

0 1010 3 1020 “
36 1015 245 1055 maestam
275 1013 431 1056 faciem
463 1015 529 1056 sui
561 1016 818 1057 monstrant.
875 1016 948 1057 sed
980 1029 1077 1057 cum
1110 1017 1176 1058 sol
1210 1018 1427 1061 emersitss

0 1029 91 1122 fab
116 1072 390 1115 inferioribus
415 1074 617 1128 partibus
643 1077 796 1129 terrae,
822 1075 1096 1131 uernalisque
1123 1076 1386 1131 aequinoctii

0 1127 5 1163 l
35 1131 346 1186 transgreditur
369 1132 477 1175 fines
505 1134 701 1189 augendo
728 1134 850 1188 diem,
874 1135 978 1177 tunc
1003 1137 1070 1177 est
1096 1133 1245 1177 Venus
1271 1136 1386 1178 laeta

0 1164 5 1239 ff
37 1192 81 1231 et
104 1190 285 1244 pulchra
308 1191 450 1233 uirent
475 1206 580 1234 arua
605 1193 837 1248 segetibus,
868 1196 995 1248 prata.
1019 1193 1179 1246 herbis,
1207 1195 1385 1237 arbores

0 1241 5 1304 ζ
36 1247 167 1290 foliis.
227 1249 322 1291 ideo
358 1250 543 1293 maiores
581 1252 722 1294 nostri
758 1252 955 1307 Aprilem
994 1268 1187 1296 mensem
1225 1253 1386 1297 Veneri

0 1305 18 1398 Γ
36 1306 300 1350 dicauerunt.

0 1411 4 1421 ,Ι
155 1365 362 1409 Similiter
404 1367 595 1424 Phryges
644 1369 804 1411 fabulis
850 1372 893 1411 et
936 1385 1158 1414 sacrorum
1206 1373 1425 1416 admini-7

0 1423 5 1446 ί
37 1425 320 1468 strationibus
352 1426 578 1469 inmutatis
604 1428 716 1470 eirea
741 1428 955 1471 Matrem
986 1428 1145 1473 Deum
1178 1433 1222 1472 et
1247 1432 1385 1473 Atti-

0 1447 5 1558 Ε
35 1497 146 1525 nem
184 1484 332 1526 eadem
368 1485 562 1542 intellegi
599 1489 838 1542 praestant.
907 1489 1002 1543 quis
1040 1490 1154 1532 enim
1192 1490 1426 1547 ambigatS

0 1541 222 2078 ,Matrem
265 1543 405 1586 Deum
452 1548 614 1588 terram
662 1546 842 1589 haberi?
914 1547 1021 1591 haec
1065 1549 1144 1591 dea
1187 1550 1385 1593 leonibus

37 1601 220 1657 uehitur,
251 1603 407 1646 ualidis
432 1605 596 1659 impetu
623 1607 751 1660 atque
776 1606 946 1649 feruore
972 1608 1246 1663 animalibus,
1274 1623 1385 1665 quae

34 1663 192 1703 natura
234 1662 344 1704 caeli
369 1662 469 1718 est,
515 1665 634 1706 cuius
678 1665 844 1707 ambitu
888 1681 962 1708 aer
1005 1668 1269 1724 continetur,
1313 1670 1387 1724 qui

35 1719 156 1762 uehit
179 1721 351 1763 terram.
402 1722 560 1764 solem
591 1737 695 1766 uero
729 1724 807 1766 sub
839 1726 1013 1769 nomine
1039 1728 1204 1770 Attinis
1230 1731 1427 1772 ornantO

34 1776 181 1821 fistula
217 1782 261 1821 et
296 1780 432 1837 uirga.
499 1782 646 1824 fistula
690 1783 883 1826 ordinem
929 1786 1108 1841 spiritus
1146 1787 1385 1843 inaequalis

35 1837 235 1893 ostendit,
272 1839 372 1895 quia
408 1841 545 1896 uenti,
587 1842 632 1883 in
678 1843 834 1898 quibus
870 1845 990 1887 nulla
1027 1846 1268 1902 aequalitas
1307 1849 1386 1902 est,

35 1897 253 1952 propriam
274 1902 450 1941 sumunt
470 1900 520 1942 de
541 1901 632 1943 sole
653 1901 954 1958 substantiam,
978 1905 1104 1961 uirga
1122 1908 1384 1961 potestatem

35 1955 140 1998 solis
170 1956 341 2011 adserit,
373 1959 445 2014 qui
471 1961 625 2002 cuncta
651 1961 910 2004 moderatur.
937 1965 1213 2020 praecipuam
1240 1968 1383 2008 autem
1403 1966 1457 2009 10

34 2014 140 2057 solis
184 2015 229 2058 in
272 2016 340 2059 his
387 2018 659 2061 caerimoniis
701 2021 815 2062 uerti
858 2023 1072 2065 rationem
1115 2024 1217 2067 hinc
1255 2025 1385 2067 etiam

128 2182 148 2213 2
175 2180 336 2216 animale
362 2180 447 2216 BP
541 2185 563 2216 4
589 2182 766 2218 humidus
785 2184 834 2219 B'
931 2188 952 2220 5
978 2184 1125 2232 hiemps
1145 2188 1182 2222 B
1273 2191 1294 2223 8
1321 2189 1385 2224 ob-

33 2223 149 2261 nubto
174 2226 212 2262 P
276 2231 319 2263 12
341 2228 507 2264 obnubta
525 2240 567 2275 p,
594 2230 737 2266 obnuta
761 2231 798 2266 P
863 2235 906 2266 13
933 2232 1008 2268 sole
1034 2245 1101 2270 om.
1128 2235 1166 2270 P
1232 2239 1275 2271 16
1301 2246 1384 2270 uer-

33 2271 132 2307 nalil'
150 2270 196 2308 B'
283 2278 327 2310 21
355 2275 470 2320 fuges
494 2276 531 2311 P
614 2281 658 2312 22
683 2279 896 2314 immutatis
918 2280 955 2314 P
1045 2283 1190 2317 attinen
1216 2283 1253 2317 P
1338 2286 1383 2317 26

35 2319 140 2354 cums
160 2318 206 2355 B'
280 2325 325 2357 29
352 2322 456 2369 quia]
485 2334 558 2368 qua.
582 2324 620 2359 P
689 2329 732 2361 31
760 2325 885 2362 assent
912 2327 949 2362 P
1021 2328 1264 2375 moderantur
1287 2329 1325 2363 B
