1526 2444
156 54 211 95 48
670 51 767 88 SAT.
792 51 921 87 LIBRI
944 51 961 85 I

159 160 253 202 nius
286 159 457 214 quidam
481 157 692 199 Maximus
723 171 892 199 seruum
923 172 1046 199 suum
1075 157 1344 199 uerberatum
1369 156 1478 211 pati-

158 218 343 272 buloque
368 215 646 258 constrictum
671 217 768 257 ante
794 215 1021 269 spectaculi
1040 215 1380 257 commissionem
1403 227 1478 268 per

159 276 316 318 circum
342 275 428 329 egi:
455 274 508 315 ob
533 288 659 328 quam
677 287 850 315 causam
868 273 1111 328 indignatus
1130 272 1320 327 Iuppiter
1339 271 1479 313 Annio

161 334 326 376 cuidam
368 346 443 385 per
482 331 665 386 quietem
701 331 944 386 imperauit,
982 333 1032 372 ut
1068 331 1231 372 senatui
1266 329 1480 371 nuntiaret

118 392 246 434 4non
278 390 360 432 sibi
390 389 596 444 placuisse
626 389 797 443 plenum
821 388 1082 430 crudelitatis
1108 387 1348 430 admissum.
1397 400 1480 441 quo

160 448 451 490 dissimulante
483 447 619 488 filium
649 446 783 500 ipsius
814 460 928 488 mors
959 446 1181 500 repentina
1206 444 1501 499 consumpsit,

160 520 208 547 ac
244 507 343 560 post
380 504 604 546 secundam
641 503 1002 545 denuntiationem
1038 504 1091 545 ob
1130 503 1306 544 eandem
1338 502 1481 556 negle-

161 563 349 618 gentiam
386 563 479 617 ipse
510 576 674 617 quoque
703 562 748 602 in
780 561 965 603 subitam
996 561 1185 615 corporis
1217 559 1482 601 debilitatem

162 622 323 663 solutus
356 623 432 662 est.
490 621 550 661 sic
580 620 747 660 demum
778 633 829 660 ex
860 618 1036 660 consilio
1068 618 1301 660 amicorum
1332 617 1482 659 lectica

160 679 326 721 delatus
364 678 528 720 senatui
563 677 724 731 retulit,
767 679 810 718 et
855 676 926 718 uix
962 678 1252 718 consummato
1290 688 1482 717 sermone

161 737 250 778 sine
293 750 412 778 mora
453 736 702 789 recuperata
738 734 849 776 bona
885 734 1117 775 ualitudine
1153 733 1270 775 curia
1305 732 1482 787 pedibus

121 796 358 850 5egressus
397 795 472 835 est.
533 807 584 834 ex
620 794 790 834 senatus
825 792 967 846 itaque
1004 791 1197 833 consulto
1234 793 1277 832 et
1315 789 1484 832 Maenia

162 853 255 906 lege
293 852 345 893 ad
381 850 694 905 propitiandum
724 849 870 892 Iouem
910 849 1078 891 additus
1110 851 1174 890 est
1204 849 1287 889 illis
1318 846 1482 889 Circen-

165 910 281 951 sibus
319 909 426 962 dies,
468 909 588 963 isque
630 907 1024 949 instauraticius
1061 906 1195 948 dictus
1234 908 1299 947 est
1336 919 1422 947 non
1459 919 1484 946 a

161 967 373 1021 patibulo,
407 968 456 1007 ut
487 965 658 1020 quidam
688 967 860 1020 putant,
895 964 1055 1006 Graeco
1086 963 1259 1005 nomine
1290 962 1373 1004 ἀπὸ
1403 967 1482 1004 τοῦ

163 1030 373 1079 σταυροῦ,
411 1023 482 1065 sed
521 1038 546 1064 a
581 1023 958 1078 redintegratione,
1001 1024 1049 1063 ut
1084 1021 1298 1063 VARRONI
1334 1021 1499 1075 placet,

123 1083 236 1137 6qui
282 1083 573 1124 instaurare
623 1080 683 1122 ait
726 1094 834 1122 esse
882 1080 1048 1121 instar
1095 1093 1293 1121 nouare.
1364 1077 1483 1127 uides

163 1143 324 1195 quanta
355 1140 404 1181 de
437 1153 558 1181 seruo
591 1138 644 1180 ad
674 1138 844 1180 deorum
871 1151 1081 1179 summum
1106 1151 1206 1179 cura
1229 1135 1483 1191 peruenerit.

161 1198 243 1240 tibi
274 1201 413 1239 autem
445 1197 555 1238 unde
585 1196 631 1237 in
662 1210 807 1237 seruos
838 1197 1006 1237 tantum
1035 1197 1078 1236 et
1101 1197 1192 1236 tam
1217 1195 1340 1235 inane
1364 1193 1482 1235 fasti-

163 1256 279 1297 dium
311 1255 431 1309 quasi
459 1269 546 1296 non
576 1268 627 1295 ex
658 1254 814 1295 eisdem
843 1253 924 1294 tibi
955 1255 999 1294 et
1027 1253 1222 1294 constent
1247 1254 1291 1293 et
1315 1251 1483 1293 alantur

163 1313 403 1366 elementis,
452 1312 710 1365 eundemque
754 1311 950 1365 spiritum
992 1310 1045 1351 ab
1090 1309 1236 1351 eodem
1277 1308 1483 1363 principio

125 1371 369 1424 7carpant‘?
430 1370 495 1411 uis
531 1372 579 1410 tu
616 1369 803 1424 cogitare
839 1382 927 1421 eos,
964 1381 1069 1422 quos
1099 1367 1165 1409 ius
1195 1369 1314 1408 tuum
1343 1379 1485 1419 uocas,

161 1429 296 1470 isdem
329 1427 562 1470 seminibus
593 1429 708 1468 ortos
737 1426 882 1468 eodem
906 1425 990 1467 frui
1014 1425 1145 1479 caelo,
1176 1438 1305 1479 aeque
1328 1424 1486 1477 uiuere,

163 1500 294 1540 aeque
323 1485 461 1527 mori?
516 1485 628 1526 serui
659 1486 773 1526 sunt:
804 1484 933 1524 immo
964 1482 1171 1525 homines.
1226 1483 1338 1524 serui
1368 1483 1484 1524 sunt:

162 1545 291 1585 immo
329 1543 539 1597 conserui,
577 1543 613 1583 si
646 1541 899 1597 cogitaueris
930 1540 1179 1582 tantundem
1209 1540 1255 1581 in
1283 1541 1484 1594 utrosque

162 1601 288 1642 licere
330 1601 536 1642 fortunae.
601 1601 691 1640 tam
727 1601 775 1640 tu
811 1599 930 1639 illum
968 1598 1110 1639 uidere
1146 1598 1327 1639 liberum
1364 1599 1485 1651 potes

164 1673 289 1713 quam
314 1659 386 1700 ille
404 1661 446 1699 te
473 1671 655 1698 seruum.
696 1657 834 1698 nescis
860 1670 944 1711 qua
968 1658 1106 1697 aetate
1126 1654 1302 1696 Hecuba
1328 1654 1498 1700 seruire.

165 1716 362 1770 coeperit,
393 1729 476 1769 qua
501 1714 694 1768 Croesus,
719 1713 955 1768 quaDarei
979 1716 1127 1767 mater,
1153 1727 1236 1767 qua
1261 1712 1486 1767 Diogenes,

125 1775 250 1828 Squa
279 1773 403 1814 Plato
434 1771 554 1826 ipse?
612 1773 828 1826 postremo
861 1771 960 1825 quid
989 1771 1051 1812 ita
1080 1785 1235 1812 nomen
1266 1770 1496 1812 seruitutis

163 1831 413 1873 horremus?
479 1844 625 1871 seruus
663 1831 728 1871 est
763 1829 950 1884 quidem,
992 1828 1064 1870 sed
1099 1828 1369 1882 necessitate,
1411 1826 1495 1869 sed³

163 1889 345 1930 fortasse
374 1888 507 1929 libero
540 1887 680 1929 animo
713 1901 860 1928 seruus
892 1889 966 1928 est.
1024 1886 1105 1928 hoc
1135 1886 1200 1927 illi
1229 1885 1420 1940 nocebit,
1449 1885 1491 1927 si

257 2005 277 2036 2
303 2001 547 2047 colmisionem
571 1997 618 2035 B'
711 2001 768 2035 ter
793 2011 845 2035 cu·
870 2002 915 2034 osi
941 2000 1020 2043 eglt
1037 2018 1044 2026 ·
1073 1998 1110 2033 P
1201 2002 1223 2032 4
1246 1999 1437 2033 nunciaret

166 2050 186 2081 5
211 2047 338 2120 quodsi
361 2046 552 2082 fimulante
575 2044 620 2081 B'
719 2051 739 2082 '¹1
764 2046 1083 2081 denunciationem
1105 2045 1141 2079 Β
1238 2048 1280 2078 12
1306 2055 1431 2079 menia

166 2132 210 2163 13
234 2102 437 2176 &gaudum
461 2127 499 2163 P
590 2130 634 2161 14
656 2127 750 2171 lfqul
772 2127 809 2161 P
897 2130 939 2161 15
965 2125 1299 2162 ΛΠογετΑγΡοΥ
1325 2125 1362 2159 Ρ
1443 2126 1487 2161 18

166 2181 310 2244 quingta
334 2198 370 2233 B
453 2201 498 2232 20
522 2196 633 2232 isdem
658 2197 721 2242 (P)
806 2200 848 2231 21
875 2196 1031 2231 eundem
1054 2205 1234 2240 pnncipio
1258 2193 1303 2229 B'
1388 2204 1484 2239 prm,

166 2254 246 2289 cipe
270 2244 307 2279 P
375 2247 419 2278 2⁷
445 2243 611 2279 haecuba.
633 2243 670 2278 B
741 2245 785 2278 28
812 2244 951 2290 ceperit
975 2243 1011 2278 P
1078 2245 1122 2277 29
1145 2241 1274 2286 platon
1301 2240 1338 2275 P
1482 2259 1484 2262 >
