1526 2444
128 88 182 129 76
641 87 742 122 SAT.
767 86 897 121 LIBRI
922 86 938 120 I

58 196 111 236 12
128 194 263 236 omnis
300 194 344 235 in
383 206 476 235 eam
506 193 689 247 populus
718 194 955 235 uocaretur.
1014 193 1107 234 ideo
1141 194 1282 235 autem
1312 192 1450 234 minor
1500 216 1503 217 ν

125 252 319 306 pontifex
347 266 570 293 numerum
601 251 774 304 dierum,
806 251 878 305 qui
910 250 964 292 ad
989 250 1138 292 Nonas
1171 254 1451 305 superessent,
1500 260 1505 280 2

126 309 301 365 calando
332 309 559 363 prodebat,
590 309 702 362 quod
732 311 832 363 post
861 323 1017 350 nouam
1047 309 1193 350 lunam
1224 309 1450 362 oportebat
1499 351 1501 354 Α

126 358 347 409 Nonarum
379 367 446 408 die
476 367 718 421 populares,
749 367 822 421 qui
845 367 890 407 in
915 366 1031 421 agris
1057 369 1212 418 essent,
1242 366 1450 408 confluere
1499 365 1504 404 ᾖ

127 426 172 466 111
197 425 360 478 urbem,
386 427 633 479 accepturos
659 438 809 466 causas
834 424 1034 466 feriarum
1060 439 1085 466 a
1103 438 1202 479 rege
1221 438 1449 477 sacrorum,

59 484 114 525 13
129 483 393 536 sciturosque
442 483 541 537 quid
590 484 701 523 esset
743 495 791 523 eo
834 495 977 523 mense
1018 482 1268 524 faciendum.
1340 481 1451 523 unde
1504 502 1507 531 1

128 540 300 594 quidam
344 541 443 582 hinc
479 539 651 582 Nonas
695 539 925 581 aestimant
960 540 1114 593 dictas,
1157 540 1279 593 quasi
1314 553 1451 581 nouae

126 599 298 639 initium
329 598 664 652 obseruationis,
694 599 764 639 uel
795 597 908 651 quod
939 597 993 638 ab
1025 612 1073 639 eo
1105 597 1171 638 die
1203 611 1368 651 semper
1399 597 1451 639 ad
1506 599 1508 611 ²

126 656 228 697 Idus
264 671 417 698 nouem
451 656 540 698 dies
571 658 792 710 putentur,
829 655 938 696 sicut
969 655 1080 709 apud
1111 655 1270 697 Tuscos
1300 654 1452 697 Nonae

127 715 267 768 plures
304 714 588 768 habebantur,
627 714 738 768 quod
775 713 821 754 hi
856 727 970 755 nono
1008 727 1172 768 quoque
1210 713 1276 754 die
1306 726 1450 768 regem
1469 729 1506 755 m.

129 787 251 814 suum
292 773 537 814 salutabant
574 774 616 812 et
647 772 698 812 de
729 771 916 826 propriis
947 771 1130 826 negotiis
1162 771 1450 813 consulebant.

62 833 115 873 14
245 829 418 872 Iduum
450 843 576 884 porro
607 844 760 871 nomen
789 843 814 870 a
839 829 999 883 Tuscis,
1030 829 1140 883 apud
1171 843 1276 883 quos
1301 829 1337 870 is
1363 828 1452 869 dies

128 888 223 929 Itis
260 891 454 942 uocatur,
497 890 715 941 sumptum
752 890 828 928 est.
887 886 1005 928 Item
1044 889 1186 928 autem
1222 887 1289 927 illi
1323 887 1449 927 inter-

128 948 352 1000 pretantur
377 945 518 987 Iouis
549 946 803 987 fiduciam.
852 959 951 986 nam
982 959 1077 986 cum
1102 945 1246 986 Iouem
1273 945 1451 999 accipia-
1510 949 1515 974 f

129 1018 222 1044 mus
247 1004 353 1045 lucis
380 1006 607 1056 auctorem,
631 1003 743 1044 unde
769 1005 811 1044 et
836 1002 1096 1044 Lucetium
1123 1001 1250 1044 Salii
1275 1003 1320 1043 in
1345 1017 1451 1044 car·
1473 1015 1506 1042 15

130 1062 353 1103 minibus
380 1064 537 1103 canunt
561 1064 605 1103 et
630 1060 852 1102 Cretenses
877 1061 967 1101 Δία
991 1058 1071 1113 τὴν
1097 1057 1263 1114 ἡμέραν
1288 1063 1456 1113 uocant,

130 1120 213 1173 ipsi
250 1132 417 1174 quoque
453 1118 637 1160 Romani
667 1118 987 1173 Diespitrem
1024 1118 1259 1172 appellant,
1295 1121 1342 1159 ut
1373 1118 1455 1159 diei
1522 1118 1526 1120 ’

63 1179 118 1221 15
131 1180 308 1231 patrem.
367 1178 456 1219 iure
493 1177 563 1218 hic
593 1177 682 1218 dies
712 1176 851 1218 Iouis
886 1176 1079 1217 fiducia
1108 1179 1302 1229 uocatur,
1338 1176 1455 1217 cuius

131 1235 207 1276 lux
235 1250 323 1277 non
353 1235 500 1276 finitur
531 1249 627 1276 cum
654 1235 757 1276 solis
783 1248 946 1287 occasu,
978 1234 1051 1275 sed
1078 1233 1347 1288 splendorem
1373 1233 1456 1274 diei

132 1295 176 1334 et
205 1296 374 1335 noctem
406 1293 626 1334 continuat
656 1293 912 1334 inlustrante
943 1292 1055 1344 luna,
1086 1291 1196 1345 quod
1223 1305 1388 1345 semper
1411 1292 1456 1332 in
1475 1305 1516 1334 202

131 1351 380 1405 plenilunio,
404 1352 446 1392 id
473 1354 538 1392 est
562 1350 702 1392 medio
723 1364 879 1400 mense,
903 1349 996 1390 fieri
1015 1350 1134 1392 solet.
1183 1349 1293 1390 diem
1313 1349 1456 1403 igitur,

131 1410 205 1463 qui
235 1410 304 1450 uel
335 1409 554 1450 nocturnis
584 1410 700 1450 caret
723 1408 924 1460 tenebris,
954 1407 1069 1449 Iouis
1094 1407 1294 1448 fiduciam
1319 1407 1456 1449 Tusco

131 1468 303 1509 nomine
340 1469 618 1521 uocauerunt,
655 1466 766 1507 unde
798 1468 840 1506 et
872 1479 1019 1507 omnes
1050 1465 1150 1506 Idus
1181 1464 1296 1506 Iouis
1327 1465 1455 1506 ferias

65 1527 118 1568 16
134 1525 422 1566 obseruandas
453 1524 594 1566 sanxit
626 1524 871 1578 antiquitas.
922 1523 995 1564 alii
1024 1525 1179 1578 putant
1202 1523 1314 1577 Idus,
1345 1523 1455 1577 quod
1516 1527 1517 1530 ’

133 1597 183 1624 00
213 1583 280 1624 die
310 1583 435 1636 plena
463 1582 566 1623 luna
595 1582 801 1636 uideatur,
834 1596 859 1622 a
883 1581 1065 1622 uidendo
1096 1581 1240 1622 uidus
1267 1581 1451 1634 appella·
1473 1591 1508 1619 25

131 1643 219 1695 tas,
261 1655 360 1682 mox
401 1641 591 1682 litteram
626 1651 656 1680 v
699 1640 950 1692 detractam,
993 1639 1102 1680 sicut
1137 1640 1302 1691 contra,
1346 1639 1457 1693 quod
1515 1661 1526 1725 1

135 1698 285 1740 Graeci
316 1699 429 1740 ἰδεῖν
460 1697 616 1749 dicunt,
645 1711 723 1738 nos
755 1709 784 1737 v
810 1697 953 1738 littera
984 1696 1129 1737 addita
1159 1696 1330 1737 uidere
1360 1696 1458 1738 dici·
1523 1745 1526 1748 Ι

134 1770 241 1797 mus.
300 1770 387 1797 non
415 1755 543 1797 nullis
575 1730 716 1809 placet
746 1754 845 1796 Idus
878 1754 1013 1796 dictas
1043 1754 1249 1796 uocabulo
1282 1753 1457 1820 Graeco,
1516 1743 1526 1806 ἒ

134 1808 232 1855 οἷον
263 1810 348 1855 ἀπὸ
378 1814 459 1854 τοῦ
493 1813 655 1866 εἴδους,
704 1812 815 1867 quod
858 1826 907 1853 eo
952 1812 1017 1853 die
1060 1813 1232 1866 plenam
1275 1812 1458 1866 speciem
1517 1809 1526 1910 i

1518 1912 1526 1950 ³

135 1873 239 1913 luna
281 1872 556 1913 demonstret.
619 1873 717 1911 sunt
759 1870 831 1924 qui
874 1870 1102 1911 aestiment
1136 1869 1237 1911 Idus
1275 1871 1329 1911 ab
1366 1884 1456 1911 oue
1475 1882 1510 1908 ao

133 1929 269 1970 Iduli
295 1930 441 1984 dictas,
467 1943 594 1983 quam
619 1929 700 1969 hoc
724 1928 894 1970 nomine
919 1931 1076 1970 uocant
1094 1927 1235 1982 Tusci,
1259 1930 1301 1968 et
1326 1927 1458 1969 omni·
1516 1946 1526 1971 ;-,

227 2059 247 2089 3
273 2066 296 2088 v
320 2056 362 2089 in
386 2058 484 2090 nova
508 2055 550 2089 in
573 2065 643 2089 ras.
664 2055 706 2089 in
723 2054 760 2088 P
816 2058 838 2088 4
858 2053 955 2089 diem
974 2054 994 2088 b
1050 2053 1210 2098 populos
1226 2054 1261 2087 P
1323 2058 1364 2088 12
1385 2053 1465 2088 dies

133 2099 184 2135 tis
203 2101 240 2134 P
311 2104 353 2135 14
379 2112 399 2136 o
424 2102 466 2135 in
489 2100 587 2136 louls
606 2102 647 2134 in
670 2112 743 2135 ras.
769 2101 811 2135 in
837 2101 873 2134 P
944 2103 986 2135 15
1010 2099 1100 2135 salio
1125 2098 1169 2134 B‘
1244 2110 1404 2134 carmine
1425 2100 1462 2134 P

136 2151 178 2181 16
204 2147 353 2182 ΜΕΡΑΝ
379 2147 417 2181 Ρ
485 2151 527 2181 18
553 2147 613 2181 1111ἱ
626 2145 673 2181 B'
745 2151 790 2182 20
815 2147 923 2181 nocte
944 2147 1132 2182 contineat
1149 2146 1187 2181 P
1253 2146 1459 2180 1llul'trante

133 2193 170 2227 B
239 2205 292 2227 im
317 2194 354 2228 B
425 2197 467 2228 21
494 2194 595 2238 plem
612 2203 635 2228 *
655 2193 696 2235 P,
722 2193 823 2228 1111110
849 2194 975 2237 add.p
1042 2196 1087 2227 25
1111 2191 1194 2227 1dus
1206 2192 1244 2226 P
1311 2196 1355 2227 29
1379 2196 1460 2236 post

132 2240 281 2283 plenam
299 2240 487 2275 inductum
511 2239 674 2284 splenam
699 2240 740 2274 in
764 2240 801 2274 B
890 2242 936 2273 30
962 2238 1192 2274 demonstrat
1215 2236 1260 2273 B'
1348 2241 1460 2273 aesti-

132 2288 238 2320 mant
262 2286 298 2320 P
365 2287 412 2321 ab
437 2296 522 2321 ioue
547 2287 567 2321 b
640 2289 682 2320 31
710 2286 844 2321 uocant
870 2296 936 2322 om.
963 2285 999 2319 P
