1526 2444
140 77 225 118 428
630 77 728 112 SAT.
754 77 882 113 LIBRI
907 78 974 113 VII

143 186 207 226 est
238 185 280 225 et
309 184 353 224 in
384 197 529 224 mensa
560 181 701 225 Sicula
732 184 800 225 uel
824 182 1000 235 Asiana,
1037 183 1198 224 excedit
1222 182 1459 237 impatiens,

144 242 222 283 etsi
254 241 355 283 solis
388 240 514 282 oliuis
547 243 620 282 aut
651 241 762 283 olere
791 244 998 283 uescatur.
1048 243 1089 282 et
1113 243 1200 282 tam
1226 240 1298 281 ille
1323 241 1460 294 copio-

145 313 233 352 sus,
277 299 312 339 si
355 298 686 340 moderationem
728 299 880 353 tenuit,
929 298 1124 340 sanitatis
1168 312 1341 352 compos
1385 302 1460 350 est,

145 370 271 410 quam
302 356 478 397 insanus
511 356 560 397 fit
588 356 672 408 ille,
703 356 770 398 cui
801 370 939 398 merus
972 357 1031 397 sal
1064 356 1181 398 cibus
1213 359 1288 409 est,
1319 356 1356 397 si
1379 355 1460 398 hoc

76 417 131 458 25
146 414 285 467 ipsum
322 413 530 455 uoraciter
561 414 778 456 inuaserit.
837 416 1052 468 postremo
1090 414 1125 454 si
1155 414 1199 454 in
1229 413 1312 467 his,
1353 427 1460 468 quae
1495 430 1513 457 5

147 471 364 524 sumimus,
394 471 645 513 uarietatem
675 472 846 513 noxiam
874 474 1018 526 putas,
1048 485 1120 512 cur
1149 471 1368 525 potionum
1398 486 1461 513 re-

147 528 303 583 media,
334 543 441 583 quae
473 543 547 582 per
578 544 625 570 os
656 529 849 571 humanis
880 529 1111 570 uisceribus
1142 528 1383 579 infunditis,
1413 543 1463 570 ex

145 590 235 628 tam
289 587 514 628 contrariis
564 601 612 629 ac
662 587 742 628 sibi
789 587 1124 642 repugnantibus
1173 586 1304 628 mixta
1353 601 1463 628 com-

76 650 131 691 26
147 644 336 698 ponitis?
426 658 526 686 suco
586 645 810 698 papaueris
872 645 1113 686 admiscetis
1173 644 1463 698 euphorbium,

147 702 476 756 mandragoram
534 703 721 756 aliasque
774 702 929 744 herbas
984 702 1238 744 conclamati
1290 701 1462 756 frigoris
1483 718 1518 749 1⁰.

144 760 286 813 pipere
322 760 587 812 temperatis,
626 761 698 801 sed
731 773 807 801 nec
838 761 1111 801 menstruosis
1143 759 1338 801 carnibus
1370 760 1464 801 abs-

144 817 303 868 tinetis,
334 816 566 858 inserentes
598 818 760 871 poculis
792 818 1010 859 testiculos
1035 820 1249 859 castorum
1275 820 1318 859 et
1342 831 1464 858 uene-

145 878 246 916 nata
281 888 460 928 corpora
499 875 758 929 uiperarum,
801 875 950 928 quibus
988 875 1229 916 admiscetis
1268 875 1465 929 quicquid

144 932 277 973 nutrit
325 931 464 985 India,
513 932 709 986 quicquid
758 932 977 973 deuehitur
1018 932 1262 985 herbarum,
1312 933 1464 986 quibus

75 995 127 1036 27
146 988 273 1031 Creta
316 1002 523 1043 generosa
565 992 642 1032 est.
709 1005 804 1031 cum
846 1003 946 1044 ergo
990 990 1043 1031 ad
1080 990 1314 1031 custodiam
1350 990 1464 1032 uitae
1485 1006 1523 1033 ιε

145 1047 226 1089 hoc
263 1047 424 1088 faciant
460 1048 644 1088 remedia
684 1048 796 1101 quod
827 1048 963 1102 cibus,
1001 1047 1036 1088 si
1068 1047 1236 1100 quidem
1266 1047 1342 1088 illa
1372 1062 1466 1090 eam

146 1106 359 1159 reuocent,
389 1105 470 1146 iste
501 1106 730 1159 contineat,
761 1120 834 1147 cur
858 1105 946 1146 illis
970 1105 1192 1158 prouidere
1218 1106 1467 1146 uarietatem
1520 1109 1526 1151 s

75 1162 337 1215 281aboraS,
379 1163 509 1204 istum
553 1163 742 1217 squalori
780 1162 1087 1204 uniformitatis
1124 1162 1310 1203 addicis?
1370 1167 1468 1216 post

147 1220 289 1262 omnia
320 1220 366 1260 in
397 1221 659 1274 uoluptatem
690 1235 866 1262 censura
898 1220 1140 1261 cothurnati
1171 1220 1375 1262 sermonis
1406 1221 1467 1262 in·
1523 1229 1526 1263 j

144 1280 290 1319 uectus
322 1292 386 1332 eS,
421 1282 640 1331 tamquam
676 1278 872 1332 uoluptas
909 1278 1058 1319 uirtuti
1095 1292 1260 1332 semper
1296 1278 1526 1335 inimicam}

146 1336 219 1389 sit,
264 1339 306 1376 et
345 1349 431 1376 non
468 1350 563 1377 cum
599 1336 643 1376 in
679 1336 824 1377 luxum
862 1338 1007 1390 spreta
1043 1335 1335 1377 mediocritate
1372 1350 1467 1390 pro·

144 1393 267 1446 lapsa
307 1395 383 1434 est.
450 1393 551 1447 quid
595 1394 706 1435 enim
745 1393 836 1447 agit
871 1393 962 1448 ipse
1000 1407 1146 1434 seruus
1183 1408 1269 1435 non
1306 1393 1467 1435 edendo
1523 1423 1526 1441 5

146 1451 229 1492 nisi
265 1452 444 1505 cogente
474 1451 586 1492 fame
616 1465 692 1492 nec
723 1451 909 1505 potando
940 1453 1108 1505 praeter
1139 1451 1272 1504 sitim,
1309 1451 1391 1492 nisi
1420 1454 1469 1493 ut

146 1508 196 1549 de
239 1511 419 1562 utroque
464 1509 606 1562 capiat
651 1508 947 1563 uoluptatem?
1013 1522 1113 1562 ergo
1149 1509 1346 1562 uoluptas
1383 1523 1468 1550 non

145 1579 244 1606 mox
286 1566 460 1607 nomine
504 1567 598 1620 ipso
636 1567 806 1608 infamis
845 1569 927 1621 est,
968 1567 1039 1608 sed
1076 1567 1125 1608 fit
1159 1566 1285 1608 modo
1321 1567 1526 1620 utendim]

76 1631 131 1672 29
146 1623 214 1664 uel
258 1623 440 1665 honesta
480 1625 549 1665 uel
591 1625 818 1679 arguenda.
882 1639 1033 1677 parum
1070 1626 1155 1679 est,
1197 1625 1232 1665 si
1270 1628 1468 1666 excusata
1523 1675 1526 1677 ,

147 1681 220 1734 sit,
256 1683 298 1722 et
327 1695 414 1722 non
446 1682 575 1723 etiam
606 1682 800 1724 laudetur
829 1682 1041 1735 uoluptas.
1100 1696 1200 1723 nam
1231 1682 1359 1736 cibus,
1397 1683 1468 1736 qui
1523 1680 1526 1689 ²

146 1753 241 1780 cum
279 1739 502 1794 uoluptate
539 1740 736 1794 sumitur,
774 1740 979 1781 desiderio
1010 1742 1170 1781 tractus
1203 1739 1247 1780 in
1278 1742 1468 1781 uentrem

144 1797 386 1838 reconditur
433 1798 581 1851 patula
630 1798 922 1852 expectatione
971 1797 1228 1851 rapientem,
1283 1799 1326 1838 et
1368 1797 1468 1838 dum

146 1853 334 1895 animose
373 1853 548 1909 fruitur,
590 1870 689 1897 mox
732 1869 827 1897 eum
863 1855 1104 1908 concoquit,
1147 1854 1259 1909 quod
1294 1869 1381 1896 non
1417 1869 1523 1900 exso

146 1924 279 1965 aequo
311 1911 416 1953 cibis
443 1913 595 1966 euenit,
626 1927 730 1967 quos
755 1913 872 1955 nulla
898 1913 962 1954 sui
988 1912 1163 1954 dulcedo
1190 1912 1466 1955 commendat.

147 1968 246 2023 quid
284 1982 386 2024 ergo
426 1983 598 2012 accusas
635 1971 885 2012 uarietatem
922 1970 1042 2024 quasi
1078 1970 1201 2024 gulae
1231 1970 1466 2012 irritamen-

145 2032 255 2079 tum,
291 2040 386 2068 cum
424 2028 537 2068 salus
569 2029 626 2069 sit
656 2029 839 2069 hominis
870 2028 1012 2081 uigere
1045 2027 1347 2080 adpetentiam,
1385 2041 1468 2081 qua

239 2133 259 2162 3
286 2128 546 2163 moderationis
567 2129 615 2163 P'
703 2129 814 2173 copos
833 2130 869 2163 P
955 2133 974 2163 6
999 2129 1159 2164 remedio
1186 2129 1222 2163 P
1306 2131 1326 2162 9
1352 2128 1466 2164 eufor-

145 2175 209 2209 bu'i
234 2174 270 2209 P
339 2177 381 2208 11
407 2175 643 2211 menstruosis
671 2174 790 2211 Cant„-
817 2174 1025 2210 monstrosis
1045 2175 1081 2209 P
1151 2179 1193 2209 12
1219 2187 1236 2209 r
1260 2175 1302 2210 in
1326 2175 1466 2211 castora

145 2222 187 2256 in
210 2231 281 2255 ras.
313 2221 355 2255 in
379 2221 416 2256 P
521 2224 563 2255 15
589 2221 642 2256 est
665 2232 730 2257 om.
757 2222 801 2266 P,
832 2222 914 2258 add.
944 2221 1045 2256 Cant.
1157 2224 1198 2256 19
1224 2221 1407 2257 coturnati
1433 2220 1469 2254 P
1518 2225 1522 2228 ”

146 2271 190 2302 22
217 2266 328 2302 serius
349 2267 386 2301 P
