1526 2444
672 63 706 99 Χ
727 67 843 100 8—15
1342 62 1429 106 619

50 173 137 228 ¹ob
182 172 265 215 hoc
302 171 541 227 Aethiopas
582 186 706 229 reges
745 173 966 228 epularum
1016 171 1264 216 caelestium
1308 171 1429 227 dixit,

81 231 284 287 quoniam
315 231 428 274 circa
461 230 619 273 Oceani
650 246 771 273 oram
803 246 891 274 non
921 232 1007 274 nisi
1039 231 1275 286 Aethiopes
1306 230 1428 273 habi-

79 292 188 345 tant,
220 304 325 345 quos
357 290 518 332 uicinia
544 290 648 333 solis
675 305 809 346 usque
836 291 889 333 ad
917 290 1104 346 speciem
1128 290 1242 346 nigri
1268 290 1426 332 eoloris

80 349 228 391 exurit.
278 363 375 391 cum
401 363 504 404 ergo
531 349 649 392 calor
673 350 890 392 nutriatur
915 349 1106 401 humore,
1131 349 1238 392 haee
1262 348 1427 392 uicissi-
1444 349 1499 392 12

80 408 184 450 tudo
217 408 442 464 contingit,
473 411 522 450 ut
552 409 680 450 modo
718 409 835 451 calor
866 408 992 451 modo
1024 409 1180 451 humor
1212 408 1426 450 exuberet.

79 466 224 509 euenit
259 468 374 509 enim
417 469 466 509 ut
508 467 621 523 ignis
664 482 799 523 usque
843 467 898 510 ad
940 468 1176 510 maximum
1214 468 1428 510 enutritus

79 529 358 581 augmentum
402 525 606 569 haustum
648 527 796 569 uineat
838 527 1083 579 humorem,
1128 541 1178 569 ac
1216 527 1278 568 sic
1316 526 1428 568 aeris

78 587 246 627 mutata
277 586 506 640 temperies
539 585 758 628 licentiam
782 588 976 640 praestet
1005 584 1203 628 incendio
1236 587 1279 627 et
1310 587 1428 627 terra

39 643 41 646 ’
78 644 249 698 penitus
269 643 499 698 flagrantia
525 644 694 687 inmissi
714 644 828 700 ignis
854 647 1016 698 uratur,
1042 644 1116 686 sed
1141 659 1241 686 mox
1262 645 1428 699 impetu

80 702 233 744 caloris
271 703 502 758 absumpto
539 703 749 758 paulatim
787 704 901 746 uires
940 705 1216 745 reuertuntur
1246 703 1429 758 humori,

0 786 1 789 =
38 802 39 806 ,
79 775 176 803 cum
212 775 373 816 magna
408 776 510 816 pars
548 761 664 817 ignis
696 762 905 804 incendiis
942 764 1122 816 erogata
1153 762 1294 803 minus
1339 762 1427 804 iam

38 837 42 840 ⁴
79 819 130 862 de
174 822 426 862 renascente
474 820 654 863 humore
690 823 926 863 consumat.
1001 835 1050 862 ac
1102 834 1250 863 rursus
1294 821 1426 875 longo
1446 821 1499 863 13

77 881 318 934 temporum
350 881 491 922 tractu
522 879 585 921 ita
616 894 808 922 crescens
839 879 996 921 humor
1028 879 1156 921 altius
1187 879 1340 934 uincit,
1379 882 1428 921 ut

77 938 206 980 terris
255 938 509 980 infundatur
553 939 714 994 eluui0‚
762 952 994 993 rursusque
1039 939 1155 980 calor
1194 940 1296 993 post
1344 938 1427 981 hoc

39 1039 42 1041 Α
78 996 192 1038 uires
224 997 418 1050 resumit,
449 999 492 1039 et
523 997 585 1039 ita
615 997 678 1049 fit,
708 999 758 1039 ut
789 999 988 1039 manente
1020 997 1180 1039 mundo
1211 996 1325 1039 inter
1357 1012 1426 1039 ex-

77 1055 301 1098 uberantis
347 1055 503 1098 caloris
546 1056 825 1111 humorisque
870 1057 986 1099 uices
1028 1059 1239 1098 terrarum
1285 1056 1426 1099 cultus

78 1128 175 1156 cum
216 1114 441 1156 hominum
490 1128 647 1169 genere
698 1129 824 1170 saepe
872 1115 1106 1157 intercidat
1155 1118 1198 1156 et
1249 1115 1427 1157 reducta

76 1169 283 1228 temperie
309 1188 456 1216 rursus
481 1177 677 1216 nouetur.
735 1189 971 1230 numquam
996 1177 1143 1216 tamen
1176 1188 1249 1216 seu
1281 1173 1424 1216 eluuio
1445 1174 1499 1217 14

78 1246 152 1274 seu
184 1232 351 1274 exustio
390 1247 537 1274 omnes
574 1237 710 1275 terras
749 1238 824 1275 aut
860 1248 986 1275 omne
1023 1233 1250 1275 hominum
1289 1246 1425 1289 genus

79 1291 145 1333 uel
178 1291 353 1333 omnino
385 1292 525 1345 operit
550 1292 618 1333 uel
649 1292 822 1348 penitus
855 1292 1008 1334 exurit.
1063 1292 1265 1348 Aegypto
1299 1294 1427 1348 certe,

29 1361 31 1364 ·
76 1351 125 1391 ut
142 1349 267 1391 Plato
292 1351 337 1391 in
357 1350 532 1393 Timaeo
552 1350 726 1405 fatetur,
750 1365 982 1406 numquam
1001 1351 1203 1392 nimietas
1228 1350 1424 1393 humoris

75 1408 224 1451 nocuit
252 1409 324 1450 uel
355 1409 526 1463 caloris,
563 1409 676 1452 unde
709 1412 753 1452 et
782 1410 955 1452 infinita
985 1423 1196 1452 annorum
1227 1410 1348 1452 milia
1378 1409 1425 1451 in

77 1467 182 1510 solis
219 1467 537 1523 Aegyptiorum
580 1469 870 1511 monumentis
907 1469 1115 1524 librisque
1159 1468 1422 1523 releguntur.

77 1529 218 1568 certae
254 1527 389 1583 igitur
425 1529 638 1569 terrarum
669 1531 814 1583 partes
853 1526 1134 1570 internecioni
1166 1527 1422 1582 superstites
1439 1529 1496 1572 15

29 1627 32 1630 ,
78 1585 354 1629 seminarium
391 1586 671 1629 instaurando
709 1586 857 1642 generi
898 1587 1084 1628 humano
1127 1587 1255 1640 fiunt,
1293 1584 1526 1642 atquem-21²

77 1643 139 1686 ita
176 1645 408 1701 contingit,
445 1647 494 1687 ut
523 1660 611 1687 non
648 1645 744 1688 rudi
781 1645 940 1688 mundo
978 1645 1103 1688 rudes
1146 1645 1342 1688 homines
1381 1649 1425 1687 et
1450 1637 1526 1694 [kq-2,

77 1703 219 1746 cultus
238 1703 377 1759 inscii,
403 1704 523 1746 cuius
543 1705 798 1747 memoriam
817 1704 1047 1759 intercepit
1066 1705 1277 1761 interitus,
1297 1705 1423 1747 terris

77 1762 277 1804 oberrent
314 1765 358 1804 et
389 1763 667 1818 asperitatem
707 1764 918 1818 paulatim
955 1778 1009 1806 ua
1044 1778 1093 1805 ae
1117 1763 1316 1821 ,gerit—atis
1355 1778 1425 1806 ex-

763 1836 879 1878 1³⁴j›-=,1·‹“‘
887 1840 929 1874 *go*
976 1837 991 1870 ζ,
1001 1829 1027 1869 ii
1041 1842 1054 1869 ε
1063 1829 1185 1872 *usa-:¹4

170 1899 215 1931 21
242 1908 277 1942 p.
304 1899 348 1931 22
373 1896 406 1931 D

171 2023 192 2054 2
218 2019 350 2055 horam
375 2021 395 2056 b
474 2023 497 2056 4
522 2021 666 2055 exuent
689 2020 726 2055 Β
798 2024 820 2056 5
846 2021 1006 2066 contigit
1030 2021 1068 2056 P
1135 2023 1157 2056 8
1181 2021 1362 2066 temperie
1387 2021 1424 2056 Β

77 2070 99 2101 9
123 2066 272 2102 immiffi
297 2068 334 2103 Β
421 2070 464 2103 10
490 2067 674 2113 assumpto
699 2067 735 2102 Β
821 2071 862 2103 11
888 2067 978 2113 pras
998 2067 1045 2103 1³¹
1132 2072 1174 2103 12
1201 2067 1368 2103 cusumat
1391 2069 1429 2104 P

80 2116 123 2148 13
146 2115 238 2159 itaq.
264 2114 302 2150 B
374 2113 524 2150 crecenr
546 2113 595 2149 P'
673 2118 715 2150 15
741 2115 980 2161 exuperantii·
999 2116 1070 2151 PB
1144 2119 1188 2151 16
1214 2115 1351 2151 eoloris
1372 2114 1422 2151 P'

76 2163 122 2196 20
148 2161 300 2208 AEgipto
329 2161 377 2206 P,
400 2162 569 2207 Aegiplto
601 2163 707 2207 (corr.
733 2173 777 2198 eoe
802 2162 989 2209 Aep1p1to)
1015 2163 1053 2198 B
1125 2167 1171 2198 23
1197 2165 1426 2210 egiptiorum

76 2207 148 2242 ΡΒ
218 2208 472 2244 munumentis
489 2206 535 2244 B‘
609 2212 655 2244 24
681 2210 780 2245 certe
803 2209 840 2244 P
909 2211 1144 2245 mternitioni
1162 2210 1200 2245 Β
1273 2214 1317 2245 26
1339 2221 1425 2246 con·

75 2256 166 2339 &afflet
180 2255 228 2338 ἔ
319 2259 363 2291 27
390 2255 510 2292 eunus
528 2260 572 2292 ut
594 2257 673 2293 uid.
698 2255 747 2292 P'
845 2256 955 2293 tems
974 2268 1042 2293 om.
1071 2254 1122 2292 P'
1217 2260 1263 2292 28
1289 2257 1424 2303 asperi-
