1526 2444
197 85 284 126 624
501 86 648 122 COMM.
673 86 726 122 IN
750 87 890 124 SOMN.
916 88 1026 125 SCIP.
1050 89 1176 125 LIBRI
1193 89 1227 124 11

198 191 386 233 docentis
412 192 617 245 impleuit.
662 206 762 235 nam
786 196 834 235 ut
857 194 1043 237 breuiter
1067 210 1092 237 a
1115 196 1321 250 principio
1348 211 1514 240 omnem

198 250 337 303 operis
382 250 685 291 continentiam
727 252 1015 306 reuoluamus,
1056 254 1238 307 primum
1274 257 1438 308 tempus
1476 257 1514 297 ei

197 307 347 348 mortis
380 309 422 348 et
445 307 713 349 imminentes
737 309 1071 364 propinquorum
1095 311 1304 365 praedixit
1327 313 1514 367 insidias,

197 367 246 405 ut
281 367 418 405 totum
455 365 505 406 de
542 365 622 406 hac
658 366 747 407 uita
783 381 949 420 sperare
987 368 1234 422 dedisceret,
1271 384 1397 423 quam
1431 385 1515 412 non

197 421 439 463 diuturnam
465 423 748 477 comperisset,
774 424 870 465 dein
894 439 946 466 ne
971 428 1086 467 metu
1105 427 1343 479 praedictae
1364 429 1512 470 mortis

195 478 475 533 frangeretur,
505 481 690 522 ostendit
720 481 902 535 sapienti
932 485 974 524 et
1003 483 1114 525 bono
1140 484 1223 525 ciui
1245 485 1290 525 in
1314 485 1514 527 inmorta-

197 536 364 578 litatem
418 538 705 592 migrandum,
759 553 934 593 cumque
982 555 1076 582 eum
1124 541 1237 583 ultro
1287 556 1382 596 spes
1430 544 1514 585 ista

196 595 398 636 traxisset
423 595 475 637 ad
501 596 708 637 moriendi
735 597 998 651 desiderium,
1023 599 1208 640 succedit
1233 599 1355 641 Pauli
1379 602 1513 654 patris

196 656 436 706 opportuna
472 654 696 708 dissuasio,
739 669 959 696 accensam
995 656 1073 698 filii
1108 657 1422 699 festinationem
1460 659 1512 700 ab

155 711 389 774 3appetitu
432 714 691 764 spontaneae
734 713 883 754 mortis
926 714 1162 756 excludens.
1226 715 1347 769 plene
1383 716 1514 770 igitur

195 782 239 808 1n
265 769 406 810 animo
433 770 686 811 somniant1s
711 771 921 824 utrimque
940 772 1135 825 plantata
1154 786 1276 826 spera
1308 772 1349 813 di
1370 787 1513 828 expec-

194 825 396 880 tandique
427 828 629 881 temperie
660 828 787 868 altius
818 829 901 869 iam
933 830 1042 871 circa
1074 830 1316 884 erigendum
1347 831 1514 884 nepotis

195 883 385 924 animum
416 884 639 926 Africanus
675 885 926 940 ingreditur,
962 901 1039 928 nec
1074 886 1325 940 Ρέίιῗέἶιίηι
1355 891 1514 930 terram

194 941 358 993 patitur
383 942 539 982 intueri
565 957 690 997 quam
717 944 821 984 caeli
847 958 895 985 ac
916 944 1098 985 siderum
1117 947 1325 999 naturam,
1350 948 1512 987 motum

195 1013 243 1040 ac
273 999 542 1040 modulamen
574 1002 792 1055 agnoscat,
821 1003 864 1041 et
894 1001 998 1043 haec
1029 1003 1170 1044 omnia
1195 1003 1302 1044 sciat
1326 1004 1512 1057 praemio

153 1059 363 1099 4cessura
393 1057 612 1099 uirtutum.
672 1072 720 1099 ac
750 1061 974 1112 postquam
1004 1074 1121 1101 mens
1154 1060 1324 1101 firmata
1356 1060 1513 1115 Scipio-

192 1114 260 1155 nis
287 1115 507 1156 alacritate
532 1118 679 1157 tantae
703 1117 996 1169 promissionis
1023 1118 1209 1172 erigitur,
1233 1120 1324 1159 tum
1346 1118 1513 1160 demum

194 1172 344 1226 gloria,
371 1187 477 1226 quae
504 1173 614 1226 apud
640 1173 834 1215 indoctos
860 1188 1060 1229 magnum
1084 1175 1255 1217 uirtutis
1279 1177 1512 1230 praemium

194 1230 389 1283 creditur,
414 1231 627 1272 contemni
651 1232 830 1282 iubetur,
856 1232 952 1273 dum
980 1233 1215 1274 ostenditur
1235 1248 1285 1274 ex
1303 1236 1510 1275 terrarum

193 1287 401 1329 breuitate
442 1289 512 1329 uel
549 1289 714 1331 casibus
753 1292 847 1331 arta
882 1291 985 1332 locis
1023 1293 1204 1345 angusta
1238 1292 1510 1346 temporibus.

94 1388 97 1389 γ
152 1344 419 1388 5Africanus
455 1347 588 1401 igitur
623 1361 757 1401 paene
794 1350 942 1389 exutus
977 1348 1191 1390 hominem
1223 1351 1265 1390 et
1294 1349 1511 1390 defaecata

192 1397 332 1445 mente
370 1404 456 1445 iam
492 1406 670 1447 naturae
708 1419 806 1446 suae
838 1420 968 1460 capax
997 1406 1066 1448 hic
1097 1406 1283 1460 apertius
1315 1407 1510 1448 admone-

192 1464 278 1516 tur,
310 1464 359 1502 ut
390 1475 480 1502 esse
512 1476 556 1503 se
588 1462 710 1503 deum
741 1463 918 1505 nouerit.
979 1466 1021 1505 et
1051 1464 1156 1506 haec
1187 1464 1243 1506 sit
1271 1465 1509 1519 praesentis

193 1519 331 1573 operis
364 1521 684 1576 consummatio,
714 1523 761 1561 ut
792 1522 974 1563 animam
1004 1536 1091 1563 non
1121 1522 1259 1563 solum
1289 1523 1508 1564 immorta-

152 1577 276 1619 sslem
314 1577 387 1618 sed
426 1577 549 1618 deum
586 1592 677 1620 esse
714 1579 929 1621 clarescat.
994 1580 1067 1621 ille
1104 1593 1222 1634 ergo,
1263 1581 1335 1634 qui
1369 1579 1510 1622 fuerat

191 1635 278 1676 iam
309 1637 407 1689 post
437 1649 589 1689 eorpus
614 1636 657 1677 in
682 1636 948 1678 diuinitatem
972 1639 1177 1691 receptus,
1201 1637 1386 1679 dicturus
1416 1638 1508 1680 uiro

191 1693 327 1735 adhue
363 1693 407 1734 in
443 1693 522 1735 hac
552 1694 641 1735 uita
670 1695 811 1747 posito
849 1695 988 1736 deum
1024 1697 1071 1736 te
1103 1695 1229 1736 scito
1262 1709 1387 1750 esse,
1422 1709 1509 1737 non

190 1751 308 1805 prius
339 1752 503 1792 tantam
534 1753 878 1807 praerogatiuam
909 1753 1140 1794 committit
1169 1753 1346 1806 homini,
1382 1767 1508 1807 quam

192 1809 263 1862 qui
295 1809 351 1850 sit
375 1809 465 1862 ipse
494 1809 715 1864 discernat,
744 1824 797 1851 ne
822 1811 1079 1865 aestimetur,
1108 1811 1188 1852 hoc
1214 1824 1379 1865 quoque
1404 1810 1507 1852 diui-

152 1865 291 1907 7num
323 1866 415 1920 dici,
447 1867 558 1920 quod
583 1867 762 1909 mortale
792 1868 838 1909 in
867 1868 991 1910 nobis
1024 1871 1066 1910 et
1096 1869 1298 1910 caducum
1328 1870 1402 1910 est.
1464 1870 1526 1909 et=

191 1924 289 1978 quia
320 1924 457 1965 Tullio
495 1939 586 1966 mos
624 1928 688 1967 est
723 1926 976 1979 profundam
1008 1940 1146 1968 rerum
1178 1926 1398 1968 scientiam
1428 1926 1505 1968 sub

191 1982 398 2023 breuitate
438 1985 582 2035 tegere
618 1983 860 2038 uerborum,
900 1999 1011 2026 nunc
1049 1998 1215 2038 quoque
1251 1984 1358 2026 miro
1396 1998 1506 2045 Q-

1412 2052 1430 2060 x

281 2099 302 2129 3
328 2095 446 2130 indias
469 2095 518 2130 P'
591 2100 611 2131 6
636 2097 824 2141 saplenti*
851 2097 888 2131 P
957 2097 1258 2133 inmmortahtate
1279 2098 1316 2133 P
1385 2101 1424 2132 11
1447 2108 1505 2132 ex-

187 2141 409 2186 spectandiq.
435 2143 471 2177 Β
561 2146 603 2177 15
627 2154 789 2187 proemio
814 2144 851 2178 P
936 2147 978 2179 19
1005 2145 1212 2188 contempm
1237 2145 1274 2179 Β
1360 2148 1404 2178 20
1423 2147 1506 2188 post

188 2187 281 2223 loc1r
300 2189 382 2224 add.
408 2190 450 2223 ut
474 2189 509 2223 P
611 2192 655 2223 22
681 2191 909 2225 ammonetur
932 2191 968 2224 Β
1075 2194 1118 2225 23
1143 2191 1190 2225 fit
1211 2190 1248 2225 Β
1352 2193 1398 2224 24
1422 2201 1502 2225 con·

188 2234 342 2270 sumatio
365 2235 402 2269 Β
513 2238 558 2270 26
582 2235 662 2281 post
685 2247 750 2272 om.
775 2235 821 2271 B‘
933 2237 1122 2282 receptum
1146 2237 1183 2271 Β
1293 2239 1336 2270 27
1362 2247 1436 2271 non
1459 2255 1503 2262 --

188 2285 232 2316 29
259 2281 439 2317 discernat
461 2291 527 2318 om.
551 2282 588 2316 P
