1526 2444
115 63 200 103 312
629 62 724 99 SAT.
748 62 876 98 LIBRI
899 62 933 98 V

77 169 100 210 7
118 168 357 210 detrahens.
417 168 489 210 sed
519 167 641 210 Maro
677 170 819 211 uester
852 168 1111 211 anxietatem
1142 169 1266 212 huius
1297 170 1440 212 obser·
1476 161 1480 195 ²

114 227 303 268 nationis
336 225 492 267 omisit.
553 240 654 268 nam
679 229 721 268 et
753 227 798 268 in
826 228 1022 282 catalogo
1052 227 1292 269 nominatos
1322 243 1440 282 prae-

115 284 217 325 terit
245 284 290 324 in
322 283 456 337 bello,
488 286 530 325 et
561 284 667 326 alios
697 285 891 326 nominat
921 288 1020 326 ante
1050 299 1136 327 non
1168 285 1315 328 dict-os.
1363 287 1440 328 sub

115 340 298 383 Massico
337 341 440 382 duce
477 341 619 383 mille
655 356 830 384 manus
867 343 1101 384 iuuenum
1137 344 1305 385 uenisse
1335 344 1439 385 dixit

454 423 526 476 qui
557 423 726 464 moenia
756 421 873 465 Clusi
1473 439 1490 466 5

395 482 549 535 quique
582 479 717 522 Cosas
748 481 919 534 liquere,
1508 480 1510 482 ’

116 559 265 601 deinde
295 559 463 602 Turnus
494 562 595 602 naui
625 561 751 616 fugit,

292 656 375 696 qua
405 656 478 682 rex
509 639 696 683 Clusinis
729 642 931 684 aduectus
961 642 1133 685 Osinius
1165 644 1262 697 oris,

116 736 241 777 quem
280 721 474 764 Osinium
517 736 749 777 numquam
791 725 918 764 antea
954 724 1208 766 nominauit:
1252 726 1294 765 et
1330 738 1441 766 nunc

76 783 101 823 8
119 781 308 834 ineptum
353 782 418 822 est
454 793 597 834 regem
635 781 712 821 sub
751 780 933 822 Massico
972 781 1166 823 militare.
1225 784 1444 836 praeterea
1462 797 1496 823 10

116 852 195 880 nec
226 837 434 879 Massicus
472 851 548 879 nec
582 837 753 879 Osinius
789 838 833 879 in
870 839 982 880 bello
1017 840 1188 893 penitus
1226 842 1443 894 apparent,

118 895 191 936 sed
222 898 266 937 et
290 895 367 949 illi,
399 910 505 950 quos
531 895 634 937 diest
663 896 947 950 fortemque
976 895 1129 951 Gyam
1161 897 1443 952 fortemque
1510 917 1512 919 >

118 951 392 1006 Sereslzum,
431 953 640 1007 pulcher
670 968 835 1008 quoque
867 955 1145 1009 Aquiculus
1176 957 1220 996 et
1249 955 1443 996 Mauor-

117 1011 222 1052 tius
253 1010 482 1052 Haemon
519 1013 561 1052 et
591 1011 907 1053 fortissimus
941 1012 1124 1054 Vmbro
1159 1016 1201 1053 et
1231 1012 1442 1054 Virbius

117 1068 391 1123 Hippolyti
443 1069 612 1123 proles
667 1069 1010 1123 pulcherrima
1062 1070 1219 1123 bello,
1278 1070 1495 1112 nullumus

116 1127 256 1168 locum
289 1126 402 1167 inlzer
425 1127 706 1181 pugnantium
733 1127 905 1182 agmina
930 1128 995 1168 uel
1024 1127 1212 1180 gloriosa
1235 1128 1304 1169 uel
1330 1128 1444 1182 turpi

78 1185 522 1228 9eommemoralzione
565 1188 820 1226 meruerunt.
891 1186 918 1235 †
961 1185 1093 1227 Antio
1136 1185 1320 1239 itemque
1363 1184 1443 1227 Cu-

117 1256 228 1296 pauo
254 1246 297 1283 et-
317 1241 498 1295 Cinirus‚
522 1242 710 1296 insignes
731 1241 869 1297 Cygni
887 1241 1252 1297 Phaethontisque
1275 1243 1444 1298 fabulis,

116 1300 281 1341 nullam
316 1313 484 1354 pugnae
519 1314 691 1354 operam
721 1302 958 1355 praestanss,
989 1315 1085 1342 cum
1115 1300 1268 1343 Alesus
1299 1303 1342 1342 elz
1373 1299 1444 1343 Sa·

118 1361 259 1399 crator
290 1357 551 1413 ignotissimi
584 1361 773 1412 pugnenlz
803 1361 846 1399 et
870 1358 1024 1400 Atinas
1058 1361 1156 1400 ante
1182 1373 1269 1400 non
1295 1359 1442 1400 dictus.
1461 1371 1496 1399 20

50 1420 104 1462 10
118 1415 266 1457 deinde
302 1416 347 1456 in
382 1415 468 1470 his,
512 1430 618 1469 quos
655 1416 865 1470 nominat,
908 1416 958 1457 fit
994 1431 1120 1470 saepe
1157 1417 1268 1471 apud
1303 1418 1443 1471 ipsum

116 1474 290 1515 incauta
321 1473 525 1515 confusio.
584 1473 630 1515 in
659 1488 772 1515 nono

398 1553 654 1596 Corinaeum
685 1555 840 1596 sternit
870 1554 1025 1607 Asilas,

210 1699 233 1730 4
257 1696 347 1731 Aen.
373 1697 406 1731 X
433 1700 497 1731 167
571 1701 591 1732 8
617 1695 666 1733 ib.
691 1696 724 1730 X
749 1699 816 1732 655
892 1700 932 1730 12
959 1696 1009 1730 ib.
1035 1697 1051 1730 I
1071 1700 1138 1731 612
1213 1701 1255 1732 13
1274 1697 1323 1732 ib.
1342 1696 1442 1732 VIIII

118 1746 186 1777 684
283 1746 328 1777 14
357 1743 406 1778 ib.
431 1742 535 1778 VIIII
566 1746 634 1779 685
731 1746 773 1777 15
806 1742 856 1778 ib.
883 1743 950 1777 VH
975 1746 1041 1777 752
1138 1746 1181 1778 16
1206 1743 1256 1778 ib.
1281 1743 1349 1778 VII
1375 1747 1441 1779 761

119 1793 161 1824 17
185 1789 365 1834 (Cupauo)
389 1788 440 1825 ib.
465 1790 498 1824 X
523 1793 591 1825 187
674 1792 717 1823 19
742 1789 792 1824 ib.
817 1788 850 1823 X
875 1792 942 1824 352
968 1790 1006 1823 et
1031 1793 1098 1824 411
1171 1794 1216 1824 20
1240 1789 1291 1825 ib.
1317 1790 1349 1824 X
1375 1794 1440 1824 ’747
1498 1803 1499 1806 ’

118 1839 161 1869 21
187 1835 236 1870 ib.
260 1835 312 1869 XI
336 1838 404 1870 869
476 1839 520 1870 22
546 1835 594 1871 ib.
620 1836 723 1870 VHII
747 1838 812 1870 571
1389 1852 1392 1855 ·

213 1972 233 2002 5
258 1979 293 2001 m
319 1978 381 2002 ma
405 1967 491 2013 elul]
519 1970 624 2013 (corr.
650 1979 694 2004 ex
717 1967 829 2010 clusa)
851 1969 857 2013 Ι
877 1968 915 2002 Ρ
1019 1972 1039 2003 6
1065 1967 1196 2004 choras
1215 1968 1252 2003 P
1349 1972 1370 2003 8
1395 1967 1442 2003 ad

117 2013 247 2049 uectus
267 2024 287 2048 ο
305 2013 417 2048 lmus·
433 2014 536 2058 onsq.
562 2014 725 2049 mosonn‘i
753 2014 789 2048 P
871 2018 914 2049 10
937 2025 1024 2059 rege
1049 2015 1086 2049 P
1164 2017 1205 2048 11
1230 2013 1447 2050 maffi*cuf
1490 2035 1491 2038 =

118 2061 208 2105 (uid.
233 2060 345 2103 fuisse
379 2060 569 2104 maffccus)
603 2061 639 2094 P
730 2060 880 2107 penitus
901 2061 938 2095 P
1032 2064 1073 2095 12
1106 2061 1157 2104 qd
1188 2061 1225 2094 P
1315 2065 1379 2106 gia
1409 2060 1446 2095 P
1491 2083 1493 2085 ·

119 2109 164 2141 14
193 2106 328 2141 hemon
360 2107 396 2140 P
513 2109 555 2141 15
585 2107 745 2152 yppohti
779 2106 815 2140 P
931 2110 973 2142 17
999 2108 1104 2142 Antio
1130 2107 1167 2142 P
1284 2116 1382 2151 pauo
1409 2107 1446 2141 P
1487 2134 1491 2136 ψ

120 2168 163 2200 18
182 2165 292 2200 cmer'
313 2165 349 2199 P
410 2164 635 2209 mslgnes**
650 2176 748 2209 cigm
766 2152 979 2210 ξ’ἶὴῶοιιίῑιΐᾳ.
1012 2165 1141 2209 (altera
1170 2176 1196 2209 g
1221 2174 1266 2200 ex
1289 2177 1314 2199 n
1337 2165 1443 2210 corr.)

121 2211 157 2246 P
233 2214 276 2245 19
301 2210 464 2256 prestant
491 2211 528 2245 P
603 2210 771 2246 Sacrator
795 2211 995 2246 Meursius:
1019 2210 1158 2246 sacrato
1182 2211 1219 2246 P
1295 2214 1341 2246 20
1366 2210 1461 2246 (110-μ
1489 2233 1492 2235 >

118 2257 212 2304 tusl'jl
234 2269 273 2303 p,
298 2258 438 2293 dictum
462 2257 499 2292 P
594 2260 637 2292 21
662 2256 746 2302 sepe
773 2258 809 2291 P
906 2261 950 2292 23
977 2257 1124 2292 oonnefi
1148 2257 1186 2293 P
