1526 2444
147 66 235 108 354
650 66 748 103 SAT.
773 67 899 103 LIBRI
924 67 975 103 VI

147 171 311 214 Ennius
342 172 387 213 in
417 172 554 226 primo

208 241 350 295 accipe
383 241 517 295 daque
549 241 675 283 fidem
706 241 936 297 foedusque
965 243 1044 284 feri
1074 243 1181 285 bene
1211 243 1388 285 firmum.

82 334 136 374 14
207 332 264 373 Et
294 333 438 374 lunam
468 333 514 374 in
543 334 688 376 nimbo
720 349 803 376 nox
833 335 1088 389 intempesta
1118 336 1301 377 tenebas.

148 401 312 443 Ennius
343 402 389 443 in
420 403 555 456 primo

206 486 301 513 eum
333 486 530 526 superum
561 472 703 514 lumen
733 486 816 515 nox
847 472 1107 527 intempesta
1136 474 1309 515 teneret.
1501 489 1518 515 5

80 562 134 604 15
206 563 270 604 Tu
300 565 444 606 tamen
474 564 636 606 interea
667 564 806 607 calido
838 564 942 606 mihi
973 565 1176 620 sanguine
1206 578 1363 619 poenas

204 622 431 675 persolues.

144 689 309 731 Ennius
339 690 384 731 in
413 690 551 744 primo

203 773 290 800 non
320 759 393 812 pol
422 759 551 801 homo
583 759 806 814 quisquam
836 759 965 801 faciet
996 760 1167 813 impune
1199 760 1408 802 animatus

202 816 284 858 hoc
314 817 397 858 nisi
426 819 486 871 tu,
509 831 610 858 nam
639 817 699 858 mi
729 816 865 858 calido
897 817 972 859 das
1004 817 1207 872 sanguine
1235 831 1406 871 poenas.
1482 834 1516 860 ιο

78 908 132 950 16
427 907 694 951 Concurrunt
724 909 905 964 undique
935 909 1035 951 telis

203 965 401 1008 indomiti
432 966 655 1021 agricolae.

143 1033 310 1076 Ennius
340 1035 386 1076 in
414 1036 540 1078 tertio

202 1106 428 1158 postquam
459 1103 613 1146 defessi
643 1107 753 1157 sunt,
786 1106 900 1146 stant
930 1107 973 1145 et
1004 1117 1202 1159 spargere
1233 1119 1324 1147 sese

202 1161 356 1203 hastis:
388 1162 547 1203 ansatis
578 1164 834 1204 concurrunt
862 1161 1047 1215 undique
1077 1162 1188 1203 kelis.
1483 1178 1515 1205 15

76 1253 129 1295 17
425 1252 598 1295 Summa
627 1253 822 1295 nituntur
852 1268 980 1308 opum
1010 1254 1064 1295 ui.

142 1320 305 1363 Ennius
336 1321 382 1362 in
412 1325 561 1376 quarto

200 1389 386 1432 Romani
417 1392 542 1432 scalis
574 1406 739 1433 summa
769 1391 965 1433 nituntur
996 1406 1123 1446 opum
1154 1392 1198 1433 ui

143 1461 188 1500 et
217 1459 263 1500 in
294 1461 413 1501 sexto
444 1460 606 1502 decimo

201 1541 322 1582 reges
354 1542 430 1583 per
459 1543 638 1584 regnum
665 1532 910 1584 statuasque
936 1530 1210 1585 sepulcraque
1235 1533 1462 1597 quaerunt3
1480 1548 1526 1587 2⁰3

202 1585 425 1628 aedificant
454 1601 624 1629 nomen:
657 1601 821 1628 summa
850 1587 1043 1629 nituntur
1074 1602 1202 1642 opum
1233 1588 1287 1630 ui.
1524 1590 1526 1595 ’

75 1679 128 1720 18
200 1677 259 1719 Et
289 1692 454 1720 meeum
484 1679 677 1734 ingentes
709 1693 804 1721 oras
835 1679 1019 1721 euoluite
1050 1680 1162 1721 belli.

141 1746 309 1788 Ennius
340 1748 386 1788 in
416 1750 533 1790 sexto

201 1816 295 1868 quis
324 1817 437 1870 potis
467 1817 662 1873 ingentes
694 1832 791 1860 oras
822 1818 1017 1860 euoluere
1050 1818 1182 1860 belli?
1520 1851 1526 1872 j

234 1921 254 1952 2
280 1922 325 1952 33
350 1918 393 1953 V.
428 1922 493 1953 105
519 1920 567 1954 M.
687 1924 707 1954 3
731 1919 820 1956 Aen.
851 1919 902 1954 ΠΙ
931 1923 998 1955 587
1115 1923 1138 1953 4
1170 1923 1235 1955 106
1261 1919 1304 1955 V.
1336 1924 1378 1954 21
1410 1921 1458 1956 M.
1516 1886 1526 1942 ἑ

141 1967 162 1997 6
186 1963 277 1998 Aen.
303 1963 404 1998 VIIII
428 1968 495 1999 422
632 1969 652 2000 8
681 1969 746 2000 100
771 1965 814 2001 V.
843 1970 909 2002 100
932 1966 980 2001 M.
1117 1969 1159 2000 11
1186 1968 1273 2002 Aen.
1302 1965 1367 2001 VII
1391 1971 1459 2001 52ο
1518 1958 1526 2010 ξ

142 2012 185 2043 13
212 2012 279 2044 154
309 2009 346 2044 V.
375 2014 439 2045 163
465 2011 513 2047 M.
635 2015 676 2046 16
702 2012 792 2047 Aen.
818 2012 885 2046 XII
910 2015 976 2047 552
1087 2016 1129 2047 17
1157 2016 1222 2047 168
1247 2013 1290 2048 V.
1317 2015 1383 2048 165
1408 2013 1457 2047 M.
1518 2011 1526 2022 ’

141 2058 184 2089 19
210 2059 278 2090 403
303 2055 346 2090 V.
371 2059 440 2091 434
465 2056 513 2092 M.
586 2061 628 2092 22
655 2059 743 2093 Aen.
768 2058 870 2093 VIIII
894 2061 961 2093 528
1033 2062 1077 2093 23
1105 2061 1170 2094 178
1195 2058 1237 2094 V.
1266 2062 1331 2094 176
1356 2058 1403 2093 M.
1513 2055 1516 2063 ¹

234 2147 340 2182 1-1·
360 2148 397 2183 P
465 2153 485 2183 3
505 2153 588 2193 post
605 2150 694 2184 nibo
713 2150 863 2185 deletum
880 2153 922 2185 ut
938 2150 1014 2186 uid.
1033 2150 1121 2186 luna.
1138 2151 1180 2186 in
1196 2150 1234 2185 P
1300 2151 1405 2184 4-1·
1424 2151 1461 2185 P
1509 2158 1512 2162 ’

139 2197 160 2227 6
185 2197 217 2228 et
242 2197 285 2228 10
309 2194 424 2241 penas
445 2194 480 2228 P
557 2198 612 2230 8·
626 2195 665 2229 I·
691 2195 728 2230 P
806 2195 970 2231 13-111·
995 2196 1032 2231 P
1107 2200 1148 2231 17
1174 2196 1303 2231 enmus
1322 2208 1359 2231 1n
1384 2196 1455 2232 Ro-

136 2238 424 2285 man1f(post1n
443 2251 521 2276 uae.
540 2243 698 2286 spatium
717 2245 739 2278 3
758 2242 841 2287 litt.)
863 2242 899 2276 P
957 2246 1026 2278 19·
1041 2242 1147 2278 XVI·
1169 2242 1206 2276 P
1256 2246 1327 2277 23
1337 2242 1408 2278 VI·
1423 2243 1461 2277 P
1508 2296 1511 2297 γ
