1526 2444
23 0 49 17 92‘

21 18 51 29 ,¹⁵

592 51 662 88 XII
686 54 825 87 22-31
1011 53 1013 55 ’
1327 48 1382 90 63

39 163 226 208 Graecos
251 158 405 218 ἡθεὸς
427 161 658 216 γυναικεία
684 159 849 214 dicitur,
876 173 1004 215 quam
1030 157 1196 200 VARRO
1223 156 1384 198 Fauni

0 237 5 271 5
37 223 205 266 filiam
224 221 384 264 tradit
409 220 531 263 adeo
557 219 809 274 pudicam,
829 220 882 260 ut
907 220 1048 259 extra
1068 221 1384 272 γυναικωνῖτιν

0 273 5 339 ᾗ
35 295 304 337 numquam
360 280 429 322 sit
490 292 716 334 egressa,
776 292 866 325 nec
927 291 1109 318 nomen
1170 275 1277 317 eius
1333 274 1384 316 in

0 341 241 399 {publico
297 338 460 381 fuerit
507 337 739 380 auditum
795 350 885 378 nec
934 336 1099 378 uirum
1148 348 1383 390 umquam

0 395 226 453 {uiderit
257 398 336 441 uel
374 413 400 440 a
436 397 550 439 uiro
588 396 701 438 uisa
742 395 828 451 sit,
858 397 1083 450 (propter
1120 394 1253 450 quod
1289 407 1381 435 nec

35 459 114 502 uir
143 458 386 512 templum
418 456 525 498 eius
551 454 855 511 ingreditur.
904 454 1033 496 unde
1060 456 1109 496 et
1134 452 1378 495 mulieres
1392 454 1451 496 28

35 518 87 561 in
122 517 280 559 Italia
324 530 467 558 sacro
505 514 746 557 Herculis
788 528 891 556 non
933 513 1059 555 licet
1103 513 1382 566 interesse,

1 582 4 623 l
36 576 168 633 quod
205 574 433 630 Herculi,
470 588 578 616 cum
615 574 774 615 boues
813 572 1069 626 Geryonis
1101 586 1190 626 per
1228 583 1382 625 agros

0 629 223 867 }Italiae
244 635 468 687 duceret,
488 632 694 675 sitienti
713 631 981 686 respondit
1000 631 1182 672 mulier
1202 644 1382 684 aquam

37 708 88 737 se
118 709 216 736 non
246 707 395 748 posse
434 694 718 747 praestare,
756 689 887 746 quod
918 689 1222 731 feminarum
1261 688 1382 730 deae

36 753 391 796 celebraretur
437 751 564 802 dies,
613 764 704 792 nec
749 764 806 791 ex
849 763 904 791 eo
954 750 1208 803 apparatu
1251 747 1381 789 uiris

36 814 244 868 gustare
276 811 352 853 fas
385 811 531 853 esset.
591 811 807 864 propter
833 807 967 862 quod
991 806 1244 849 Hercules
1276 805 1383 848 fac-

0 873 3 922 1
34 875 179 913 turus
210 884 408 912 sacrum
435 868 725 910 detestatus
758 869 836 909 est
860 866 1209 921 praesentiam
1240 864 1384 907 femi-

0 923 3 995 Ι
36 944 228 985 narum,
265 931 314 970 et
344 927 542 970 Potitio
575 941 630 969 ac
666 926 874 968 Pinario
913 940 1175 968 sacrorum
1214 926 1383 967 custo-

0 988 184 1036 bdibus
229 987 388 1030 iussit
424 1001 483 1028 ne
521 986 785 1028 mulierem
821 985 1077 1027 interesse
1114 983 1382 1039 permitte-

0 1089 2 1091 ,
35 1050 160 1090 rent.
221 1061 316 1089 ecce
348 1045 516 1088 occasio
542 1045 743 1099 nominis,
774 1058 857 1100 quo
887 1043 1047 1086 Maiam
1079 1043 1257 1085 eandem
1289 1056 1381 1084 esse
1396 1043 1452 1085 29

0 1095 3 1115 ¹
37 1108 82 1149 et
117 1108 276 1148 terram
321 1107 364 1147 et
393 1104 560 1146 Bonam
596 1103 734 1146 Deam
773 1103 977 1157 diximus,
1021 1103 1163 1157 coegit
1205 1116 1286 1144 nos
1331 1101 1383 1143 de

37 1163 177 1208 Bona
207 1164 329 1219 Dea,
360 1177 649 1219 quaecumque
681 1162 987 1218 comperimUS‚
1018 1162 1263 1216 protulisse.

155 1222 332 1266 Iunius
364 1222 526 1264 Maium
559 1222 752 1277 sequitur
787 1224 862 1264 aut
894 1236 944 1263 ex
975 1223 1098 1276 parte
1129 1220 1296 1275 populi,
1334 1222 1382 1262 ut
1396 1221 1454 1264 30

0 1273 169 1337 losupra
200 1281 393 1336 diximus,
423 1281 670 1323 nominatus
701 1283 792 1335 aut,
828 1283 878 1322 ut
908 1280 1097 1323 CINGIVS
1131 1280 1384 1331 arbitratur,

0 1387 1 1392 ¹
39 1340 170 1397 quod
211 1340 463 1382 Iunonius
507 1339 636 1394 apud
679 1339 895 1382 Latinos
940 1342 1057 1381 ante
1100 1339 1384 1394 uocitatus,

0 1399 1 1411 ¹
37 1400 220 1455 diuque
279 1399 407 1454 apud
463 1397 702 1440 Aricinos
762 1398 1233 1452 Praenestinosque
1290 1397 1385 1439 hac

38 1458 367 1514 appelatione
404 1457 453 1499 in
497 1457 662 1499 fastos
696 1457 894 1499 relatus
933 1457 1004 1499 sit
1035 1456 1140 1498 adeo
1171 1458 1237 1511 ut,
1275 1456 1386 1499 sicut

0 1522 1 1567 ξ
35 1517 179 1560 levs
211 1518 255 1559 in
282 1528 633 1560 COMMENTARIIS
659 1527 904 1559 FASTORVM
934 1516 1039 1558 dicit
1065 1515 1196 1571 apud
1227 1515 1385 1557 maio-

0 1581 20 1633 fs
37 1590 117 1618 res
159 1590 354 1631 quoque
385 1579 591 1618 nostros
623 1575 747 1617 haec
779 1575 1042 1630 appelatio
1074 1574 1268 1617 mensis
1301 1573 1385 1616 diu

0 1645 1 1651 ¹
37 1635 303 1686 manserit,
343 1633 428 1676 sed
458 1636 576 1689 post
607 1634 815 1676 detritis
848 1633 1154 1689 quibusdam
1185 1633 1385 1676 litteris

37 1707 95 1736 ex
124 1693 339 1736 Iunonio
371 1692 544 1735 Iunius
576 1693 745 1735 dictus
779 1693 857 1734 sit.
912 1707 1027 1734 nam
1053 1695 1102 1734 et
1134 1692 1281 1735 aedes
1302 1691 1385 1734 Iu-

0 1758 1 1761 ’
35 1753 157 1795 noni
187 1752 423 1795 Monetae
454 1751 666 1794 Kalend.
698 1751 861 1793 Iuniis
894 1751 1129 1794 dedicata
1161 1753 1247 1793 est.
1293 1752 1450 1794 non31

0 1830 1 1837 ¹
35 1810 143 1853 nulli
173 1813 436 1867 putauerunt
466 1810 636 1853 Iunium
674 1825 866 1853 mensem
903 1826 928 1852 a
958 1810 1082 1853 Iunio
1115 1810 1269 1865 Bruto,
1312 1811 1386 1865 qui

0 1870 201 1926 tprimus
226 1869 388 1912 Romae
414 1871 562 1912 consul
586 1869 726 1912 factus
754 1872 830 1924 est,
854 1870 1139 1925 nominatum,
1164 1869 1279 1925 quod
1303 1869 1387 1912 hoc

0 1938 1 1951 ³
36 1943 196 1983 mense,
226 1928 270 1970 id
296 1931 362 1971 est
386 1928 594 1971 Kalendis
619 1928 769 1984 Iuniis,
794 1929 919 1985 pulso
947 1929 1183 1985 Tarquinio
1217 1943 1386 1971 sacrum

133 2037 151 2067 1
174 2034 200 2068 Η
221 2033 435 2069 Gudianus:
460 2044 527 2069 om.
546 2033 595 2079 B,
620 2035 649 2069 O
678 2033 715 2068 P
787 2034 1019 2069 ΤΥΝΔΙΚΕΙΑ
1039 2033 1076 2068 Β
1150 2038 1170 2069 2
1190 2032 1385 2069 ***trad1t

35 2079 72 2115 P
163 2081 483 2116 ΤΥΝΑΙΚωΝΙΤΙΝ
514 2081 551 2116 Β
645 2084 666 2116 5
697 2081 834 2116 uident
862 2091 932 2116 nec
966 2081 1004 2116 P
1097 2083 1118 2116 8
1144 2080 1308 2126 genonis
1336 2081 1384 2125 Β,

0 2155 1 2158 ’
36 2150 203 2196 gen-oms
225 2151 262 2186 P
333 2155 375 2186 11
403 2151 463 2198 ⁴119
483 2149 531 2187 B'
608 2155 653 2187 14
675 2151 780 2197 potio
800 2151 837 2186 P
906 2154 949 2187 16
976 2136 1119 2196 amam:
1139 2151 1183 2196 P,
1209 2136 1385 2196 quoniam

36 2197 75 2233 B
166 2197 276 2234 *esse
302 2198 339 2233 P
430 2201 474 2233 17
500 2199 538 2234 et
569 2203 654 2235 ante
678 2200 815 2234 bonam
840 2209 907 2235 om.
933 2197 980 2234 B'
1081 2203 1123 2235 18
1150 2199 1221 2234 dea
1245 2199 1288 2234 in
1311 2210 1383 2235 ναε.

37 2245 173 2290 (prima
197 2245 264 2281 litt.
290 2245 369 2281 uid.
394 2245 508 2289 fuisse
531 2247 567 2292 τ)
595 2246 633 2281 Ρ
707 2246 787 2282 hsre
819 2247 861 2282 in
883 2245 1042 2295 cptuhfl'e
1068 2246 1110 2282 in
1135 2256 1207 2282 ras.
1234 2246 1276 2282 in
1304 2246 1341 2280 P

37 2293 83 2326 25
108 2291 333 2338 apellatione
358 2293 396 2328 B
