1526 2444
150 44 234 86 158
660 42 761 79 SAT.
786 42 913 78 LIBRI
931 43 965 78 11

80 148 188 192 VIII
268 149 348 192 His
398 149 521 191 dictis
565 151 608 190 et
649 149 832 191 excitata
873 148 1038 190 laetitia
1079 162 1174 190 cum
1215 147 1261 189 in
1302 146 1467 191 Auieno

147 209 352 250 memoria
382 207 534 248 florida
559 209 602 247 et
626 207 863 248 amoenitas
888 206 1131 248 laudaretur
1155 206 1327 260 ingenii,
1357 220 1468 248 men-

108 265 135 306 2
150 281 219 308 sas
257 264 460 308 secundas
497 265 691 307 minister
725 263 922 306 admouit.
984 266 1027 305 et
1058 263 1285 305 Flauianus
1318 262 1468 317 ‘multi‚

147 327 196 366 ut
227 323 416 377 aestimo,
446 323 492 364 in
519 322 601 364 hoc
632 337 657 364 a
679 321 905 364 VARRONE
931 321 1197 375 dissentiunt,
1228 321 1300 374 qui
1323 321 1369 362 in
1392 321 1468 362 illa

148 380 412 435 lepidissima
448 382 592 422 satura
620 379 862 434 Menippea,
899 393 1005 433 quae
1034 379 1280 421 inscribitur
1309 389 1466 421 NESCIS

151 450 263 489 QVID
295 449 470 480 VESPER
494 449 658 492 VEHAT‚
689 438 740 478 de
770 437 952 478 secunda
981 451 1128 478 mensa
1157 437 1374 490 placentas
1404 450 1467 477 re-

151 497 297 548 mouit,
328 496 400 537 sed
426 507 582 549 quaeso
608 495 735 548 dicas,
759 493 952 548 Caecina,
978 495 1106 536 uerba
1130 494 1224 548 ipsa
1247 493 1468 546 Varronis,
1510 519 1511 522 =

110 552 188 596 3si
218 554 298 595 tibi
333 553 540 596 beneficio
579 553 808 594 memoriae
844 552 1072 594 tenacioris
1109 550 1362 593 haeserimt'.
1423 553 1467 592 et

149 612 333 654 Albinus
371 609 522 653 ‘locus'
565 611 706 664 inquit
735 609 957 652 ‘Varronis
995 624 1118 663 quem
1153 609 1303 650 referri
1340 623 1365 650 a
1400 622 1467 650 me

148 670 331 725 imperas
361 670 406 710 in
436 669 504 710 his
534 668 620 710 fere
651 668 791 710 uerbis
823 670 888 709 est
924 668 1141 709 bellaria
1172 681 1226 708 ea
1257 667 1466 708 maxime
1487 686 1500 711 ι

151 730 265 769 sunt
295 727 508 779 mellita,
545 740 669 780 quae
700 726 898 766 mellita
927 739 1025 766 non
1058 727 1193 777 sunt,
1231 724 1466 766 dulcibus
1504 767 1506 769 .

151 786 278 826 enim
309 799 415 827 cum
439 783 566 834 πέψει
591 784 809 826 societas
834 783 1007 825 infida.
1057 782 1300 836 significant
1325 785 1467 824 autem

150 843 367 884 bellaria
410 856 534 884 omne
570 855 739 883 mensae
776 840 982 883 secundae
1020 854 1164 895 genus.
1224 854 1323 881 nam
1360 853 1468 894 quae

149 899 345 954 πέμματα
382 899 535 941 Graeci
577 900 645 941 uel
681 900 929 954 τραγήματα
965 899 1177 950 dixerunt,
1220 912 1268 939 ea
1303 901 1468 939 ueteres
1508 907 1511 909 ’

153 958 289 1000 nostri
315 958 583 1012 appellauere
606 957 845 1011 bellaria,
875 957 975 998 uina
999 970 1166 1011 quoque
1192 955 1380 997 dulciora
1405 957 1471 996 est
1505 1008 1508 1009 ⁷

150 1016 343 1057 inuenire
392 1016 438 1056 in
485 1015 712 1057 comoediis
762 1014 1072 1068 antiquioribus
1124 1014 1205 1055 hoc
1247 1013 1470 1066 uocabulo,

152 1074 345 1127 dictaque
376 1087 425 1114 ea
455 1072 624 1114 Liberi
655 1071 909 1114 bellaria'‚

111 1128 140 1169 4
269 1131 328 1172 Et
356 1130 601 1185 Euangelus
632 1129 773 1185 ‘agite‚
804 1132 1031 1184 antequam
1062 1128 1316 1183 surgendum
1345 1127 1470 1169 nobis

154 1189 227 1240 sit,
262 1189 360 1230 uino
397 1188 709 1242 indulgeamus,
747 1187 858 1242 quod
895 1187 1051 1229 decreti
1080 1185 1338 1228 Platonici
1376 1198 1470 1227 auc·
1499 1190 1502 1192 ’

151 1247 325 1288 toritate
354 1245 575 1299 faciemus,
605 1246 677 1300 qui
709 1245 967 1299 aestimauit,
998 1244 1191 1286 fomitem
1221 1256 1312 1285 esse
1344 1256 1469 1297 quen-

153 1304 251 1346 dam
293 1306 336 1345 et
371 1303 658 1358 ignitabulum
691 1303 852 1358 ingenii
887 1302 1156 1357 uirtutisque,
1199 1302 1236 1342 si
1271 1315 1391 1342 mens
1427 1302 1471 1341 et

154 1375 304 1416 corpus
336 1361 520 1403 hominis
550 1361 651 1402 uino
682 1359 861 1415 flagret'.

114 1415 140 1457 5
269 1419 387 1461 Tunc
423 1419 677 1461 Eustathius
721 1417 839 1472 ‘quid
876 1416 984 1472 agis’
1027 1417 1167 1471 inquit
1209 1414 1470 1470 ‘Euangele‘?
1499 1421 1504 1424 '

155 1492 208 1519 an
239 1476 464 1518 Platonem
494 1476 695 1518 aestimas
719 1475 951 1517 haurienda
974 1475 1134 1529 passim
1164 1474 1264 1515 uina
1289 1474 1470 1515 suasisse

155 1539 197 1576 et
232 1549 317 1576 non
355 1535 493 1589 magis
527 1535 637 1576 inter
668 1534 833 1575 minuta
865 1534 1018 1587 pocula
1047 1532 1337 1574 iucundiorem
1367 1531 1470 1572 libe-

156 1593 438 1647 ralioremque
469 1592 783 1642 inuitationem,
822 1605 927 1645 quae
957 1590 1079 1631 fieret
1109 1590 1186 1631 sub
1218 1589 1471 1644 quibusdam

156 1651 278 1705 quasi
316 1651 487 1692 arbitris
525 1653 568 1692 et
603 1649 819 1705 magistris
857 1648 1148 1690 conuiuiorum
1179 1647 1349 1702 sobriis,
1386 1660 1472 1688 non

154 1708 448 1763 improbasse?
509 1710 552 1749 et
587 1708 668 1750 hoc
704 1709 785 1761 est,
822 1706 933 1761 quod
970 1707 1014 1747 in
1047 1706 1184 1760 primo
1216 1708 1259 1747 et
1290 1703 1497 1747 secundo¹

117 1764 207 1807 6de
249 1766 415 1820 legibus
452 1781 538 1808 non
573 1765 721 1807 inutile
758 1765 863 1807 uiris
901 1778 992 1805 esse
1032 1763 1228 1805 decernit.
1292 1777 1393 1804 nam
1430 1762 1473 1803 et

155 1823 331 1865 modicis
351 1823 624 1878 honestisque
643 1823 754 1864 inter
773 1822 1002 1864 bibendum
1020 1821 1341 1863 remissionibus
1357 1819 1471 1862 refici

1519 243 1526 266 1

249 1928 269 1960 5
295 1925 424 1969 fragm.
450 1925 506 1960 ed.
532 1924 640 1960 Riese
664 1937 699 1969 p.
722 1928 787 1959 176
862 1928 904 1958 19
930 1923 1024 1958 Plat.
1051 1922 1148 1968 legg.
1174 1935 1209 1968 p.
1236 1926 1302 1958 671
1322 1922 1351 1956 Β

251 2023 268 2053 1
296 2019 334 2053 et
357 2028 422 2053 om.
449 2018 485 2052 Β
591 2020 611 2051 3
637 2017 829 2051 admonuit
853 2016 890 2050 Β
988 2018 1009 2049 5
1037 2015 1144 2050 satu-a
1166 2015 1203 2050 P
1304 2013 1406 2049 neels
1424 2010 1471 2048 B·
1488 2010 1495 2026 ³

158 2104 200 2136 12
224 2099 326 2145 pepfi
350 2099 429 2143 PB,
453 2097 552 2143 passi
576 2098 596 2133 b
699 2101 743 2132 14
766 2064 994 2141 ΠειῗᾼΜΑτΑ
1018 2095 1054 2130 B
1152 2095 1413 2130 τΡΔΓεΜΑτΛ
1437 2080 1484 2129 Β

158 2150 200 2181 16
224 2156 351 2181 muem
374 2144 419 2180 B'
469 2143 644 2180 comedus
659 2143 695 2178 P
739 2149 783 2179 20
803 2154 889 2187 quia
910 2143 915 2189 Ι
937 2142 1124 2190 estimauit
1149 2142 1186 2176 P
1230 2145 1275 2176 24
1300 2139 1479 2176 aunenda

157 2190 202 2228 B‘
274 2191 369 2237 paffi
393 2202 458 2227 om.
483 2188 532 2226 P'
606 2192 650 2224 25
674 2190 924 2244 iocundiorem
948 2189 984 2223 B
1061 2191 1105 2223 27
1131 2187 1161 2223 ὅσ
1185 2187 1304 2232 magis
1323 2187 1360 2222 B
1429 2188 1483 2221 30<

155 2238 422 2275 remissioribus
447 2239 468 2273 b
