1526 2444
571 53 712 90 XVIIII
738 55 876 90 18—25
1303 23 1391 94 335

48 163 397 218 commendabat,
450 164 500 204 ut
555 164 742 205 crateres
798 161 969 216 quidem
1025 159 1392 216 inplacabiles,

46 222 179 265 Palici
218 225 362 264 autem
398 221 685 276 placabiles
719 222 988 263 uocarentur.
1049 233 1127 262 nec
1159 219 1251 261 sine
1283 218 1389 261 diui-
1403 220 1462 262 22

46 281 217 324 natione
254 283 320 323 est
355 280 600 323 Palicorum
636 279 859 334 templum.
923 294 1026 321 nam
1063 293 1160 321 cum
1199 277 1390 320 Siciliam

47 339 206 383 sterilis
245 354 385 382 annus
423 339 687 394 arefecisset,
724 338 871 381 diuino
903 338 1146 380 Palicorum
1181 351 1389 392 responso

0 409 28 443 '5
48 398 257 442 admoniti
312 396 446 441 Siculi
505 398 626 440 heroi
687 397 857 440 cuidam
914 399 1079 439 certum
1134 396 1391 438 sacrificium

47 458 389 512 celebrauerunt,
426 459 470 500 et
506 457 684 499 reuertit
720 457 906 499 ubertas.
969 471 1054 512 qua
1085 456 1227 511 gratia
1259 453 1391 497 Siculi

48 531 172 559 omne
205 530 338 572 genus
370 516 544 572 frugum
576 518 885 572 congesserunt
914 516 959 557 in
989 530 1108 557 aram
1133 514 1390 569 Palicorum,

47 590 98 618 ex
135 590 220 631 qua
257 576 454 618 ubertate
487 590 562 617 ara
592 575 688 630 ipsa
718 574 925 630 pinguis
957 576 1114 617 uocata
1146 576 1223 618 est.
1283 573 1390 615 haec
1404 575 1465 616 23

48 637 114 676 est
140 634 279 676 omnis
304 634 499 688 historia,
529 648 638 690 quae
664 634 715 676 de
740 633 898 676 Palicis
926 647 1156 688 eorumque
1181 631 1390 674 fratribus

0 710 30 737 ιο
49 694 94 735 in
119 692 295 736 Graecis
326 695 496 735 tantum
528 692 655 736 modo
688 692 845 734 litteris
870 691 1102 747 inuenitur,
1135 705 1242 746 quas
1267 690 1390 733 Maro

45 767 134 795 non
177 752 319 794 minus
364 767 494 807 quam
536 751 713 794 Latinas
756 750 914 793 hausit.
989 750 1061 792 sed
1107 750 1230 804 haec,
1280 763 1390 804 quae

47 811 250 865 diximus,
288 810 618 853 auctoritatibus
656 809 934 865 adprobanda
971 811 1086 851 sunt.
1149 808 1389 851 AESGHYLI
1403 810 1465 852 24

45 870 268 926 tragoedia
305 872 388 925 est,
426 884 534 924 quae
570 869 823 911 inscribitur
853 869 1030 910 AETNA.
1089 868 1134 910 in
1171 868 1252 910 hac
1292 881 1390 909 cum

47 929 99 971 de
129 928 286 971 Palicis
318 929 583 984 loqueretur,
618 928 679 970 sic
711 928 772 970 ait

0 1023 27 1055 w
105 1012 150 1053 τί
178 1009 270 1066 δῆτ’
300 1008 366 1053 ἐπ’
396 1010 544 1060 αὐτοῖς
575 1011 714 1064 ὄνομα
745 1012 963 1065 θήσονται
993 1011 1165 1065 βροτοι’;

105 1072 293 1125 σεμνοὺς
323 1071 550 1119 Παλικοὺς
582 1071 695 1119 Ζεὺς
725 1068 892 1123 ἐφίεται
923 1071 1084 1110 καλεῖν.

102 1126 130 1184 ἧ
161 1127 234 1171 καὶ
264 1131 475 1171 Παλικῶν
506 1128 698 1182 εὐλόγως
729 1135 854 1183 μενεῖ
882 1127 1029 1198 ‹peius-3

102 1187 235 1230 πάλιν
266 1188 349 1243 γὰρ
380 1185 531 1242 ἥκουσ’
565 1186 612 1230 ἐκ
643 1189 824 1237 σκότους
854 1183 946 1229 τόδ’
978 1187 1040 1236 εἰς
1070 1185 1193 1241 φάος

0 1298 3 1327 ι
43 1269 147 1312 haec
185 1269 436 1326 Aeschylus.
497 1269 698 1313 CALLIAS
737 1272 881 1312 autem
918 1270 963 1310 in
1003 1279 1204 1311 SEPTIMA
1233 1278 1388 1310 ms'ro-
1404 1271 1461 1314 25

1 1340 120 1375 ,οΒιΑ
157 1340 220 1370 m:
258 1340 404 1372 REBvs
443 1328 625 1371 vams
670 1329 732 1370 ita
775 1328 926 1371 scribit
966 1327 993 1382 ἡ
1036 1324 1085 1369 δε
1116 1324 1275 1381 ’Equam
1315 1332 1390 1380 τῆς

0 1433 2 1446 ι
43 1384 123 1442 μὲν
160 1385 336 1445 Γελώας
374 1388 481 1430 ὅσον
519 1387 782 1442 ἐνενήκοντα
820 1386 975 1429 στάδια
1013 1384 1260 1440 διέστηκεν,
1301 1384 1391 1426 ἐπι-

3 1475 5 1483 «
42 1453 169 1497 εικῶς
206 1444 255 1488 δε
293 1445 449 1502 ἐχυρός
484 1445 602 1488 ἐστιν
635 1446 658 1489 ὁ
690 1447 822 1496 τόπος
852 1447 924 1488 καὶ
945 1460 967 1484 *
987 1460 1010 1484 *
1030 1460 1052 1484 *
1073 1460 1096 1485 *
1115 1460 1137 1484 *
1157 1460 1179 1484 20<
1199 1459 1222 1484 *
1240 1459 1263 1483 *
1283 1459 1306 1483 *
1326 1459 1347 1483 εκ
1368 1459 1390 1483 *

141 1571 183 1602 15
208 1567 342 1613 fragm.
368 1572 389 1603 6
414 1568 603 1604 Hermann

16 1679 18 1682 '
138 1682 157 1714 1
184 1680 325 1727 crater-(5²
352 1680 389 1715 P
480 1678 740 1725 implacabiles
763 1678 835 1714 PR
930 1683 951 1713 2
972 1677 1088 1724 pallei
1113 1679 1238 1714 autem
1264 1678 1391 1724 placa-

9 1725 155 1808 fbilel'
160 1737 225 1763 om.
252 1726 290 1763 R
381 1731 401 1762 3
428 1726 481 1763 est
504 1738 570 1763 om.
601 1727 637 1761 P
713 1729 735 1761 4
760 1726 998 1772 *palmorum
1024 1725 1061 1761 R
1153 1730 1173 1762 6
1199 1725 1314 1761 siculo
1343 1725 1390 1760 P'

10 1800 64 1845 ³⁴57
89 1785 248 1854 fr*gum
278 1809 369 1855 (fuit
398 1811 425 1854 ι)
456 1809 494 1845 R
590 1813 610 1844 9
637 1810 677 1844 hi
702 1820 743 1844 m
767 1808 921 1844 historia
946 1809 987 1843 in
1011 1819 1084 1844 ras.
1109 1808 1152 1843 in
1179 1808 1225 1850 P,
1262 1808 1392 1844 deinde

22 1855 181 1903 3pahcq.
206 1857 289 1892 add.
325 1856 362 1891 P
468 1859 511 1892 11
536 1856 665 1892 latinas
691 1857 728 1902 (a
751 1856 793 1892 in
816 1856 906 1901 ras.)
930 1855 967 1891 R
1075 1859 1117 1891 12
1143 1854 1227 1890 sunt
1251 1855 1293 1891 in
1316 1866 1391 1891 ras.

12 1907 85 1972 siin
110 1927 147 1962 P
217 1926 370 1963 aeschih
395 1926 468 1963 PR
542 1930 585 1962 13
610 1925 717 1962 &bna
744 1926 789 1971 P,
815 1904 933 1962 aessna
957 1926 994 1962 R
1069 1929 1158 1961 15—
1164 1929 1208 1961 18
1233 1929 1391 1962 uacante

31 2009 198 2048 duorum
222 2013 255 2045 et
279 2009 428 2045 dimidii
452 2010 716 2045 uersi-culorum
738 2010 858 2055 spatio
883 2020 950 2046 om.
977 2009 1014 2045 R
1095 2013 1138 2044 16
1165 1973 1326 2045 ΕΦΥςἉΙ
1357 2009 1393 2044 Ρ

32 2059 89 2101 {518
126 2057 241 2092 ι’κουε
276 2057 409 2101 uulyo:
447 2057 596 2092 ΗΚΟΥΕ
624 2056 661 2091 Ρ
730 2056 896 2102 εκότουε]
925 2057 1071 2092 (ΤΟΥΕ
1101 2056 1146 2100 Ρ,
1184 2068 1247 2092 em.
1279 2057 1391 2101 uulgo

25 2098 89 2139 ,19
120 2101 315 2140 aerchulus
334 2103 372 2138 P
455 2108 541 2149 post
571 2106 695 2140 autem
727 2108 884 2140 uacante
911 2104 1068 2139 duorum
1091 2114 1184 2139 uers.
1210 2104 1333 2149 spatio
1358 2107 1391 2139 et

18 2189 19 2198 ἶ
99 2150 184 2187 iscis
223 2151 373 2187 Graecis
409 2152 432 2195 ἡ
472 2152 512 2186 δέ
544 2171 586 2178 -
620 2155 700 2195 336,
727 2155 747 2186 5
786 2152 826 2195 ἔχ
828 2162 928 2186 ουειν
957 2154 1130 2187 secuntur
1163 2162 1203 2185 in
1233 2150 1392 2197 septima

43 2197 196 2234 istoria
221 2197 267 2234 de
291 2197 403 2233 rebus
429 2199 485 2233 ita
510 2197 636 2233 scribit
658 2200 702 2233 in
725 2198 763 2235 R
841 2201 887 2233 20
912 2197 1024 2234 rebus
1044 2197 1199 2244 singuhl'
1221 2198 1258 2233 P
1335 2198 1390 2243 δέ]

20 2246 21 2291 ᾗ
45 2245 107 2282 Δ(
130 2245 168 2280 Ρ
259 2248 302 2280 21
331 2245 488 2291 Γελῴαε]
513 2245 686 2281 ΤΕΑΟΑΕ
712 2245 755 2288 Ρ,
780 2256 844 2282 em.
869 2246 981 2291 uulqo
1071 2248 1116 2280 22
1144 2245 1321 2281 ΕΧΥΤΟΕ
1345 2245 1390 2288 Ρ,

46 2302 110 2327 em·
137 2292 428 2328 &timide-winus
534 2293 682 2328 ΤΟΡΟΕ
707 2293 752 2338 P,
777 2304 840 2328 em.
865 2292 1160 2329 Schneidewinus
