1526 2444
391 72 425 108 X
452 75 592 108 13-14
628 71 678 107 xl
705 74 820 106 1—10
854 70 923 106 XII
950 74 1039 106 1—3
1319 69 1404 110 447

61 181 181 224 addit
218 180 390 224 Seruius
436 180 501 223 ‘et
539 180 612 236 qui
649 179 855 236 gaudent,
899 194 973 222 cur
1009 177 1295 222 rubescunt‘B'
1364 180 1448 222 eto

59 240 256 284 Disarius
294 238 539 297 ‘gaudium'
577 239 719 295 inquit
756 238 1043 281 ‘extrinsecus
1082 237 1314 294 contingit,
1353 238 1406 280 ad

59 299 141 342 hoc
186 300 380 343 animoso
418 313 597 342 occursu
633 300 790 340 natura
827 298 1025 353 festinat,
1064 312 1192 354 quam
1230 298 1406 353 sanguis

60 358 304 402 comitando
347 358 471 414 quasi
515 358 741 401 alacritate
785 356 1051 412 integritatis
1094 371 1196 399 suae
1234 371 1404 412 compo-

22 435 39 462 5
57 420 146 460 tem
188 417 350 473 tinguit
393 420 553 472 cutem,
602 419 646 459 et
685 416 784 459 inde
828 416 981 458 similis
1026 417 1143 459 color
1185 415 1405 459 nascitur?

56 476 170 519 idem
207 477 338 519 refert
369 475 558 531 ‘contra,
600 477 673 532 qui
705 478 925 530 metuunt,
962 490 1047 531 qua
1077 476 1244 518 ratione
1275 476 1445 530 palle-7

58 535 233 578 scunt‘?'
314 535 415 578 ‘nec
471 533 575 578 hoc'
624 535 821 577 Disarius
878 535 941 577 ait
995 533 1061 576 ‘in
1111 535 1279 578 occulto
1330 537 1406 577 est.

56 598 212 637 natura
249 595 382 650 enim,
420 594 621 650 cumquid
659 594 710 636 de
750 594 1015 636 extrinsecus
1048 594 1405 650 contingentibus

57 654 230 708 metuit,
267 654 313 695 in
350 654 486 696 altum
524 655 619 696 tota
650 653 934 709 demergitur,
972 653 1083 695 sicut
1113 667 1192 695 nos
1225 667 1406 709 quoque,

5 731 40 757 10
58 727 154 756 cum
190 713 412 764 timemus,
449 713 638 755 latebras
676 715 719 754 et
755 713 851 754 loca
887 726 966 754 nos
1004 712 1246 754 occulentia
1277 726 1405 767 quae-

55 773 203 815 rimus.
264 786 366 828 ergo
403 775 498 815 tota
529 771 789 814 descendens
820 773 870 812 ut
900 771 1057 826 lateatJ
1092 771 1229 813 trahit
1260 772 1445 813 secumS

57 831 327 887 sanguinem,
379 845 463 886 quo
513 830 632 872 uelut
681 844 809 872 curru
854 844 1022 884 semper
1064 830 1249 872 uehitur.
1323 830 1405 872 hoc

56 890 249 932 demerso
286 889 441 931 humor
480 889 658 931 dilutior
695 890 782 931 cuti
814 892 1027 944 remanet,
1066 891 1108 931 et
1139 889 1237 931 inde
1268 889 1404 944 palle-

57 949 149 992 scit.
217 947 312 991 ideo
350 949 550 990 timentes
589 951 633 990 et
669 950 877 1003 tremunt,
919 948 1019 1003 quia
1057 949 1196 990 uirtus
1235 949 1404 991 animae

2 1026 36 1053 15
55 1008 292 1050 introrsum
329 1007 500 1064 fugiens
535 1022 693 1050 neruos
724 1008 948 1063 relinquit,
986 1008 1142 1063 quibus
1175 1008 1405 1050 tenebatur

54 1066 264 1110 fortitudo
296 1067 600 1119 membrorum,
631 1069 674 1109 et
703 1067 802 1109 inde
834 1067 948 1108 saltu
977 1067 1146 1110 timoris
1173 1068 1404 1123 agitantur.

54 1126 155 1168 hinc
193 1129 236 1168 et
271 1126 563 1168 laxamentum
601 1126 767 1169 uentris
806 1126 1037 1168 comitatur
1067 1126 1268 1169 timorem
1302 1126 1443 1182 quia9

55 1185 254 1239 musculi,
295 1185 449 1240 quibus
488 1185 797 1228 claudebantur
834 1186 1186 1228 retrimentorum
1223 1189 1406 1241 meatus,

55 1244 263 1300 fugientis
295 1244 533 1286 introrsum
565 1244 733 1286 animae
765 1244 926 1287 uirtute
955 1245 1112 1287 deserti
1136 1246 1287 1287 laxant
1312 1245 1404 1287 uin-

0 1321 38 1349 ιο
55 1304 164 1358 cula,
190 1303 346 1358 quibus
372 1303 622 1345 retrimenta
646 1318 783 1359 usque
806 1303 859 1345 ad
880 1303 1132 1359 digestionis
1153 1304 1404 1360 opportuni-

54 1364 189 1405 tatem
221 1361 581 1405 continebantur.'
639 1361 811 1405 Seruius
842 1362 910 1404 his
943 1362 1069 1405 dictis
1100 1364 1406 1405 uenerabiliter
1422 1364 1477 1405 10

0 1439 1 1442 ¹
55 1421 259 1464 adsensus
291 1421 482 1476 opticuit.

17 1546 20 1548 ,
173 1504 292 1547 Tunc
323 1503 518 1547 Auienus
559 1503 682 1559 ‘quia
718 1519 786 1546 me
822 1503 947 1547 ordo'
980 1505 1041 1547 ait
1080 1504 1156 1547 ‘ad
1187 1504 1476 1547 similitu-XII

12 1606 18 1621 ,V
55 1563 198 1605 dinem
247 1563 578 1606 consultationis
623 1563 829 1618 adplicat,
878 1563 1142 1606 reducendus
1186 1564 1294 1606 mihi
1338 1567 1404 1606 est

11 1625 18 1635 ³
56 1622 109 1665 ad
141 1622 386 1665 conuiuium
418 1637 571 1674 sermo,
602 1623 675 1678 qui
706 1623 877 1678 longius
911 1638 936 1665 a
967 1638 1116 1666 mensa
1148 1624 1237 1666 iam
1262 1624 1404 1666 fuerat

55 1683 284 1738 euagatus,
327 1684 371 1723 et
408 1682 462 1724 ad
500 1682 609 1724 alias
650 1683 885 1725 transierat
922 1683 1206 1738 quaestiones.
1276 1684 1444 1738 saepe2

55 1740 252 1807 adposita
291 1741 419 1783 salita
463 1755 608 1796 carne,
652 1755 781 1796 quam
824 1742 1044 1784 laridum
1087 1756 1312 1797 uocamus,
1355 1745 1404 1784 ut

55 1800 226 1855 opinor,
263 1799 386 1855 quasi
423 1800 566 1855 large
606 1800 819 1854 aridum,
862 1815 1067 1856 quaerere
1105 1816 1273 1844 mecum
1310 1802 1402 1856 ipse

54 1859 276 1913 constitui,
314 1873 399 1914 qua
435 1860 604 1901 ratione
642 1873 815 1902 carnem
853 1860 906 1902 ad
938 1861 1268 1903 diuturnitatem
1299 1875 1402 1903 usus

55 1917 262 1960 admixtio
313 1918 415 1960 salis
463 1920 619 1960 seruet.
691 1918 773 1961 hoc
816 1918 918 1961 licet
962 1919 1191 1962 aestimare
1235 1934 1402 1963 mecum

20 2032 22 2034 v
52 1977 228 2032 possim,
261 1978 375 2019 malo
406 1980 555 2019 tamen
586 1977 640 2019 ab
674 1991 738 2032 eo,
769 1978 843 2033 qui
872 1979 1122 2034 corporibus
1149 1981 1282 2035 curat,
1314 1994 1400 2022 cer-

52 2035 140 2077 tior
170 2035 288 2078 fieri?

171 2094 230 2136 Et
264 2094 460 2138 Disarius
501 2095 648 2138 ‘omne
687 2109 842 2151 corpus
881 2099 1034 2152 suapte
1070 2099 1228 2140 natura
1265 2097 1443 2140 diss0-3

148 2225 168 2256 2
194 2225 316 2267 inquit
346 2223 525 2269 gaudium
551 2224 587 2258 P
691 2228 715 2259 4
742 2226 875 2270 copote
903 2224 940 2259 P
1051 2229 1094 2260 12
1121 2226 1211 2272 quo]
1238 2226 1339 2270 quod
1367 2225 1404 2259 P

54 2272 99 2305 16
121 2280 140 2304 c
158 2269 246 2305 mde
265 2270 302 2306 P
371 2271 536 2316 agitatur
553 2267 603 2306 P'
672 2274 716 2306 21
738 2271 1000 2308 continebatur
1019 2272 1056 2307 P
1119 2275 1165 2308 24
1185 2273 1352 2318 apphcat
1367 2273 1404 2307 P

23 2355 26 2368 1
54 2319 98 2351 27
124 2306 292 2362 appofita
319 2318 356 2353 P
426 2317 604 2353 uocamul'
623 2319 802 2355 uocamus
822 2319 859 2355 P
928 2323 972 2354 31
1000 2321 1107 2355 curat
1132 2330 1200 2356 om.
1229 2321 1265 2355 P
