1526 2444
153 59 209 101 26
670 60 769 96 SAT.
795 60 923 96 LIBRI
946 60 964 95 I

153 164 291 207 bulla
328 179 477 207 aurea
514 179 568 207 ac
604 167 900 220 praetextae
936 166 1224 221 insignibus
1261 166 1500 209 honora--

151 226 266 265 tum.
326 224 368 264 is
399 223 528 264 enim
560 236 664 265 cum
695 226 867 278 raptas
903 224 962 266 ad
994 224 1362 266 consolandum
1391 239 1475 267 uo-

153 283 335 335 casset,
365 281 698 335 spopondisse
722 281 884 323 fertur
908 295 958 323 se
983 282 1090 323 eius
1115 282 1323 332 infanti,
1350 296 1474 337 quae

151 339 312 393 prima
355 338 452 379 sibi
495 338 654 380 ciuem
695 339 970 381 Romanum
1013 341 1147 381 esset
1190 340 1353 394 enixa,
1401 340 1475 381 in-

152 397 314 438 lustre
345 410 521 437 munus
553 397 795 438 daturum.

85 457 137 498 17
269 453 310 494 Ν
313 468 367 495 on
397 454 504 494 nulli
535 454 708 496 credunt
731 454 925 509 ingenuis
951 455 1092 508 pueris
1118 454 1392 508 adtributum,
1425 457 1470 496 ut

153 512 320 554 cordis
368 511 588 566 figuram
637 512 688 553 in
737 512 876 553 bulla
924 514 1037 553 ante
1078 514 1254 566 pectus
1297 513 1476 554 adnec-

151 572 336 623 terent,
369 584 513 623 quam
545 570 879 623 inspicientes
911 570 985 611 ita
1016 570 1207 611 demum
1238 584 1286 611 se
1315 570 1474 612 homi-

150 641 237 668 nes
264 627 569 682 cogitarent,
602 628 643 668 si
675 627 821 669 corde
846 629 1183 682 praestarent,
1207 629 1474 682 togamque

150 687 467 739 praetextam
492 685 572 726 his
599 685 840 739 additam,
869 687 924 726 ut
948 699 1003 726 ex
1028 698 1275 739 purpurae
1294 685 1474 727 rubore

151 743 495 798 ingenuitatis
525 743 711 797 pudore
743 745 1051 798 regerentur.

83 804 137 845 18
267 799 461 842 Diximus
498 801 607 842 unde
645 802 929 855 praetexta,
969 800 1198 842 adiecimus
1235 802 1278 841 et
1314 814 1475 855 causas,

154 858 304 912 quibus
331 859 581 900 aestimatur
606 872 807 901 concessa
830 858 1054 913 pueritiae:
1084 872 1195 900 nunc
1221 858 1328 899 idem
1355 858 1474 899 habi-

152 918 221 957 tus
253 930 335 970 quo
369 919 618 970 argumento
650 917 867 958 transierit
897 916 943 957 in
971 930 1096 957 usum
1120 916 1302 958 nominis
1327 916 1474 970 paucis

83 978 137 1018 19
152 973 447 1027 explicandum
466 976 542 1015 est.
585 988 677 1016 mos
703 976 828 1016 antea
854 974 1120 1016 senatoribus
1146 974 1226 1015 fuit
1249 974 1294 1014 in
1313 973 1475 1015 curiam

154 1046 250 1073 cum
291 1033 567 1085 praetextatis
610 1032 710 1073 filiis
753 1032 940 1074 introire.
1005 1045 1099 1073 cum
1138 1031 1183 1072 in
1220 1033 1370 1072 senatu
1405 1045 1474 1073 res
1512 1034 1515 1035 ⁷

154 1090 289 1130 maior
314 1090 537 1143 quaepiam
558 1090 890 1144 consultabatur,
915 1103 1047 1144 eaque
1066 1089 1109 1130 in
1130 1089 1239 1130 diem
1258 1091 1475 1143 posterum

151 1147 318 1201 prolata
356 1150 438 1200 est,
473 1148 636 1201 placuit
670 1150 718 1189 ut
753 1148 864 1189 hanc
898 1162 1006 1201 rem,
1042 1161 1167 1201 super
1203 1161 1287 1201 qua
1321 1148 1476 1188 tracta-

151 1205 330 1259 uissent,
370 1206 519 1259 nequis
563 1206 818 1260 enuntiaret,
859 1206 1104 1259 priusquam
1148 1204 1315 1245 decreta
1351 1206 1475 1246 esset.
1514 1235 1515 1238 ,

81 1267 139 1308 20
151 1266 286 1304 mater
323 1262 483 1316 Papirii
524 1263 659 1318 pueri,
702 1264 774 1318 qui
817 1277 911 1304 cum
953 1265 1126 1316 parente
1163 1276 1238 1303 suo
1275 1262 1320 1303 in
1357 1263 1474 1304 curia

150 1320 302 1374 fuerat,
335 1323 606 1374 percontatur
635 1321 770 1362 filium
801 1321 1002 1375 quidnam
1033 1320 1078 1360 in
1108 1322 1256 1361 senatu
1286 1319 1475 1374 egissent

152 1381 310 1433 patreS.
369 1393 473 1432 puer
514 1379 733 1432 respondit
768 1378 991 1420 tacendum
1027 1391 1118 1419 esse
1155 1391 1290 1432 neque
1320 1377 1363 1418 id
1393 1378 1474 1420 dici

151 1437 289 1478 licere.
350 1436 502 1477 mulier
536 1437 585 1476 fit
621 1436 819 1477 audiendi
855 1436 1062 1490 cupidior:
1100 1438 1307 1477 secretum
1339 1435 1400 1476 rei
1431 1437 1474 1477 et

153 1493 367 1535 silentium
392 1495 512 1547 pueri
532 1494 720 1535 animum
740 1494 830 1535 eius
850 1494 904 1535 ad
922 1493 1217 1547 inquirendum
1236 1493 1472 1535 euerberat:

80 1556 133 1596 21
151 1552 316 1606 quaerit
355 1551 487 1606 igitur
530 1552 810 1605 compressius
853 1551 1175 1605 uiolentiusque.
1241 1553 1332 1591 tum
1370 1565 1474 1604 puer
1515 1551 1517 1553 ’

150 1611 328 1663 urgente
359 1611 495 1650 matre
524 1609 653 1663 lepidi
684 1611 810 1663 atque
840 1609 984 1650 festiui
1014 1608 1221 1649 mendacii
1246 1608 1472 1650 consilium
1520 1609 1526 1642 ι’·

151 1667 278 1720 capit.
337 1669 478 1708 actum
509 1667 555 1708 in
592 1670 741 1708 senatu
773 1667 880 1708 dixit
909 1669 1051 1708 utrum
1081 1666 1296 1707 uideretur
1327 1666 1470 1708 utilius

149 1726 370 1778 magisque
407 1739 429 1765 e
466 1738 511 1765 re
548 1724 719 1778 publica
756 1738 865 1778 esse,
901 1738 1063 1765 unusne
1099 1726 1149 1764 ut
1185 1723 1288 1765 duas
1320 1738 1471 1773 uxores
1521 1750 1526 1760 -

78 1786 137 1827 22
152 1782 346 1834 haberet,
384 1796 436 1823 an
474 1783 522 1823 ut
550 1796 634 1823 una
666 1782 778 1835 apud
809 1782 914 1823 duos
944 1784 1080 1836 nupta
1110 1783 1231 1823 esset.
1289 1781 1369 1823 hoc
1399 1781 1472 1823 illa

1518 1643 1526 1704 i

1517 1705 1526 1745 ι

1521 1776 1526 1834 i

150 1840 222 1881 ubi
257 1839 429 1894 audiuit,
460 1840 601 1881 animo
633 1839 931 1893 compauescit,
963 1839 1087 1881 domo
1113 1838 1330 1893 trepidans
1355 1852 1470 1894 egre-
1489 1838 1526 1889 sd

150 1897 284 1951 ditur,
328 1898 380 1938 ad
424 1900 583 1939 ceteras
626 1901 840 1939 matronas
885 1897 1043 1951 adfert,
1087 1896 1375 1951 postridieque
1419 1898 1471 1940 ad
1520 1892 1526 1908 ³

151 1958 344 1997 senatum
383 1955 578 2009 copiosae
615 1955 984 1997 matrumfamilias
1017 1957 1213 1996 cateruae
1245 1955 1472 1997 confluunt.

149 2013 422 2054 lacrimantes
461 2015 587 2066 atque
626 2013 896 2054 obsecrantes
934 2015 1074 2067 orant,
1117 2026 1202 2054 una
1244 2013 1386 2066 potius
1423 2015 1471 2054 ut
1523 2038 1526 2074 2

241 2118 260 2149 7
287 2115 499 2149 adnecteret
521 2111 567 2148 B'
654 2117 694 2148 11
721 2113 970 2158 ingenuitates
990 2113 1034 2147 P
1127 2116 1170 2148 15
1196 2115 1281 2149 ante
1308 2114 1344 2148 P
1427 2118 1469 2149 17

146 2162 330 2205 posterum
354 2161 451 2195 (hem
469 2160 536 2205 (P)
607 2163 650 2195 18
675 2160 765 2195 esset
782 2161 818 2195 P
886 2164 929 2196 25
955 2160 1106 2204 quaer-1⁵?
1126 2159 1162 2193 B
1233 2164 1277 2195 29
1301 2160 1364 2195 aut
1384 2160 1476 2196 duas
1521 2158 1526 2198 Ξ

148 2206 193 2242 B'
265 2211 308 2242 31
330 2206 436 2241 affert
455 2207 475 2241 b
546 2205 810 2251 posttndieque
834 2207 869 2241 Β
941 2210 985 2241 32
1006 2205 1150 2250 copiosa
1166 2205 1203 2240 P
1271 2209 1420 2243 caterua
1438 2207 1475 2242 P

152 2258 195 2289 33
223 2252 474 2289 consecrantes
493 2249 538 2287 B'

1519 2200 1526 2247 i

1519 2250 1526 2280 ι
