1526 2444
154 78 241 119 432
645 76 744 114 SAT.
768 76 896 113 LIBRI
921 77 986 112 VII

89 185 144 227 15
160 184 343 226 occurrit
385 183 595 225 absoluas.
661 183 819 238 legisse
862 183 972 237 apud
1011 184 1310 239 philosophum
1347 185 1475 228 Grae-

156 256 251 284 cum
285 241 457 282 memini
493 264 548 270 —-—
585 241 630 282 ni
666 240 810 295 fallor,
850 242 921 282 ille
951 241 1276 285 ARISTOTELES
1313 243 1394 284 fuit
1430 245 1473 286 in

155 300 265 341 libro
297 313 420 353 quem
452 310 513 339 DE
541 310 796 340 EBRIETATE
828 301 1050 354 conposuit
1075 325 1125 331 —
1154 301 1351 342 mulieres
1375 304 1472 344 raro

156 359 201 398 in
238 357 486 397 ebrietatem
523 356 687 409 cadere,
726 357 872 398 crebro
910 371 1049 411 senes,
1085 372 1162 400 nec
1199 373 1369 400 causam
1404 361 1472 401 uel

156 415 280 456 huius
316 414 580 467 frequentiae
611 414 680 455 uel
710 414 827 455 illius
858 415 1046 456 raritatis
1079 416 1240 458 adiecit.
1301 419 1343 458 et
1373 418 1471 471 quia

157 473 210 513 ad
257 474 454 513 naturam
503 486 724 526 corporum
773 474 865 512 tota
906 472 1010 514 haec
1047 475 1238 527 quaestio
1280 475 1473 528 pertinet,

158 544 284 585 quam
315 543 442 571 nosse
473 532 515 570 et
539 529 772 571 industriae
797 532 896 571 tuae
921 533 964 571 et
988 530 1263 584 professionis
1290 531 1474 574 officium

156 591 233 641 est,
263 587 360 629 uolo
386 592 428 629 te
454 601 603 628 causas
629 588 702 638 rei,
728 601 855 641 quam
880 588 952 628 ille
978 589 1212 630 sententiae
1237 590 1331 631 loco
1357 589 1474 644 dixit,

158 646 194 687 si
224 648 369 687 tamen
398 645 653 699 philosopho
683 645 919 699 adsentiris,
950 645 1138 699 aperire'.

89 705 142 746 16
273 703 380 744 Tum
411 703 481 743 ille
513 703 642 744 ‘recte
674 706 716 744 et
745 703 826 745 hoc
857 702 1110 760 Aristoteles
1125 694 1188 747 &t
1218 707 1368 759 cetera,
1397 719 1472 747 nec

156 774 329 815 possum
371 774 457 801 non
499 760 702 802 adsentiri
737 762 847 815 uiro,
891 762 1009 802 cuius
1046 760 1231 803 inuentis
1267 777 1344 804 nec
1380 763 1474 816 ipsa

156 821 310 859 natura
358 818 565 859 dissentit.
582 823 609 875 l}
637 818 850 872 mulieres,
865 825 874 863 ξ
898 819 1054 873 inquit,
1102 834 1198 861 raro
1248 820 1473 875 ebriantur,

157 877 304 918 crebro
348 890 482 917 senes.
540 876 719 917 rationis
761 876 887 930 plena
929 877 1097 931 gemina
1138 877 1221 919 ista
1261 878 1474 920 sententia

157 936 200 974 et
248 934 382 974 altera
421 934 577 987 pendet
618 947 668 974 ex
711 933 857 976 altera.
926 948 1027 975 nam
1067 949 1162 976 cum
1205 935 1473 977 didicerimus

158 991 258 1045 quid
282 991 479 1032 mulieres
505 992 558 1032 ab
584 991 786 1032 ebrietate
812 991 1018 1046 defendat,
1045 993 1131 1033 iam
1155 994 1347 1034 tenemus
1373 994 1472 1047 quid

158 1063 277 1090 senes
322 1049 374 1090 ad
410 1048 491 1090 hoc
526 1048 768 1103 frequenter
802 1050 1003 1103 impellat.
1070 1050 1327 1092 contrariam
1364 1052 1475 1092 enim

160 1107 314 1148 sortita
340 1108 536 1148 naturam
562 1110 662 1148 sunt
685 1107 889 1148 muliebre
915 1121 1067 1161 corpus
1093 1110 1136 1148 et
1161 1122 1311 1162 corpus
1334 1109 1475 1150 senile.

1492 721 1526 748 10

1493 1009 1526 1037 15

91 1167 142 1207 17
160 1165 310 1206 mulier
341 1164 661 1206 humectissimo
688 1167 752 1205 est
777 1178 962 1219 corpore.
1005 1165 1125 1206 docet
1151 1165 1232 1207 hoc
1257 1168 1300 1207 et
1324 1166 1475 1208 leuitas
1520 1160 1526 1166 '¹

157 1223 265 1263 cutis
303 1224 345 1263 et
383 1222 596 1276 splendor,
639 1221 792 1263 docent
828 1223 1051 1276 praecipue
1090 1222 1287 1264 adsiduae
1323 1237 1476 1279 purga·

156 1281 293 1321 tiones
343 1279 552 1333 superfluo
603 1282 877 1321 exonerantes
908 1284 1077 1335 'corpus
1119 1281 1308 1322 humore.
1380 1296 1474 1323 cum
1498 1300 1517 1331 ῃ

158 1351 259 1392 ergo
297 1340 470 1391 epotum
506 1338 652 1378 uinum
688 1337 734 1379 in
768 1340 856 1379 tam
894 1338 1062 1393 largum
1099 1339 1295 1381 ceciderit
1330 1339 1476 1382 humo·
1514 1359 1517 1361 ·

158 1409 258 1449 rem,
288 1396 376 1436 uim
402 1410 521 1436 suam
548 1395 685 1448 perdit
710 1397 752 1436 et
775 1395 825 1436 fit
850 1394 1034 1450 dilutius,
1065 1410 1142 1438 nec
1166 1397 1290 1438 facile
1315 1397 1475 1438 cerebri
1511 1403 1521 1424 '-

91 1455 142 1496 18
158 1453 298 1495 sedem
341 1453 439 1494 ferit
480 1453 730 1494 fortitudine
773 1453 862 1494 eius
906 1454 1098 1495 extincta.
1172 1454 1244 1495 sed
1286 1457 1330 1495 et
1370 1455 1474 1497 haec
1510 1471 1525 1483 »¹

156 1511 265 1552 ratio
291 1511 410 1552 iuuat
436 1511 669 1552 sententiae
693 1511 928 1564 ueritatem,
954 1506 1296 1567 quodfinuliebre
1321 1527 1472 1567 corpus
1515 1528 1518 1531 “

157 1569 314 1610 crebris
356 1568 682 1623 purgationibus
722 1568 967 1623 deputatum
1003 1569 1194 1623 pluribus
1232 1574 1472 1612 consertum
1507 1567 1511 1579 ⁵

157 1629 222 1668 est
251 1626 543 1680 foraminibus,
572 1628 622 1667 ut
651 1629 798 1680 pateat
827 1627 870 1667 in
903 1630 1065 1668 meatus
1091 1630 1134 1668 et
1157 1627 1248 1669 uias
1273 1628 1473 1682 praebeat
1504 1627 1522 1670 ξ

157 1684 324 1725 humori
354 1684 398 1724 in
430 1684 658 1738 egestionis
683 1684 842 1725 exitum
869 1684 1104 1737 confluenti,
1134 1699 1209 1738 per
1233 1686 1338 1727 haec
1363 1685 1474 1727 fora·
1515 1695 1519 1706 ²

91 1744 143 1784 19
158 1743 273 1783 mina
307 1756 441 1796 uapor
476 1742 564 1783 uini
601 1742 792 1784 celeriter
828 1742 1054 1784 euanescit.
1119 1745 1266 1784 contra
1301 1743 1473 1785 senibus

160 1799 315 1840 siccum
353 1814 504 1853 corpus
542 1803 625 1853 est,
662 1800 772 1853 quod
807 1801 962 1854 probat
998 1801 1204 1854 asperitas
1235 1803 1278 1842 et
1307 1801 1476 1854 squalor
1510 1847 1523 1858 ¹.

162 1858 282 1898 cutis.
341 1858 451 1898 unde
494 1860 536 1898 et
576 1857 680 1899 haec
723 1860 839 1899 aetas
883 1858 935 1899 ad
977 1858 1132 1899 flexum
1167 1859 1215 1899 fit
1251 1858 1476 1913 difficilior,
1523 1906 1526 1911 1

160 1914 271 1967 quod
315 1917 380 1955 est
422 1915 625 1956 indicium
669 1915 887 1957 siccitatis.
955 1916 1068 1957 intra
1103 1916 1181 1957 hos
1217 1916 1363 1957 uinum
1400 1929 1515 1963 nec:¹¹

159 1972 320 2025 patitur
345 1973 689 2013 contrarietatem
713 1974 988 2027 repugnantis
1013 1973 1214 2027 humoris,
1243 1976 1285 2015 et
1309 1974 1476 2029 integra

160 2029 205 2069 ui
232 2043 307 2070 sua
333 2029 532 2070 adhaeret
556 2031 723 2084 corpori
749 2031 880 2085 arido,
911 2033 953 2072 et
979 2045 1076 2072 mox
1101 2031 1196 2073 loca
1219 2033 1346 2085 tenet,
1371 2045 1511 2086 quae>

251 2134 271 2164 2
298 2130 339 2164 fr.
366 2133 410 2163 94
434 2130 544 2166 Arist.
569 2131 695 2175 pseud.
720 2131 823 2167 Rosii

252 2225 272 2256 2
298 2233 457 2257 memom
483 2221 532 2257 P'
606 2226 649 2257 15
674 2223 763 2267 qu1d
784 2224 838 2259 ita
857 2225 962 2268 plene
984 2225 1157 2270 scriptum
1180 2226 1222 2261 in
1244 2226 1281 2260 P
1348 2229 1393 2261 20
1417 2234 1476 2261 ex·

158 2268 381 2303 honerantel'
400 2269 437 2304 P
503 2272 547 2303 23
572 2269 810 2315 fortitud01ne
835 2269 883 2305 P'
957 2270 986 2305 82
1010 2281 1075 2307 om.
1103 2269 1152 2306 P'

1483 2304 1526 2444 ξ

1493 1989 1526 2025 ,j-
