1526 2444
522 67 625 103 XIIII
651 70 767 103 9-15
792 65 862 102 XV
889 70 907 101 1
1335 67 1391 108 73

0 139 5 170 '1

0 158 4 232 ξ,
42 192 163 220 mum
200 176 430 231 decimum,
467 176 506 218 si
542 190 670 231 unus3
709 190 748 218 a.
779 175 818 218 d.
854 178 1056 219 octauum
1087 175 1319 231 decimum,
1356 176 1393 218 si

45 237 128 279 duo
161 239 261 278 sunt
291 235 440 292 additi,
472 235 694 278 diceretur.
743 250 845 277 nam
877 236 973 277 ideo
999 250 1135 278 nouos
1162 235 1252 277 dies
1278 235 1465 288 circa12

2 318 3 325 κ
43 296 173 337 finem
216 294 420 351 cuiusque
463 294 623 337 mensis
660 295 861 350 inseruit,
905 295 980 336 ubi
1017 295 1148 337 finem
1185 294 1390 349 omnium,

44 368 153 410 quae
189 354 235 396 in
271 368 418 396 mense
450 356 591 409 erant,
627 354 821 408 repperit
851 353 1077 410 feriarum,
1115 353 1392 409 adiectosque

9 427 194 457 somnes
239 428 264 455 a
307 427 353 455 se
397 413 488 455 dies
534 413 671 455 fastos
709 412 897 468 notauit,
941 416 989 455 ut
1026 413 1234 455 maiorem
1272 413 1394 455 daret

0 480 2 524 fl
45 472 290 515 actionibus
322 472 580 527 libertatem,
612 474 656 514 et
684 486 771 514 non
803 473 944 514 solum
975 472 1146 514 nullum
1174 471 1394 514 nefastum

0 540 2 587 ξ
46 531 122 573 sed
170 545 248 574 nec
297 532 560 574 comitialem
609 546 869 586 quemquam
918 531 970 573 de
1015 531 1196 574 adiectis
1240 531 1393 573 diebus

0 602 1 612 ³
43 590 248 642 instituit,
267 605 321 632 ne
341 590 622 633 ambitionem
642 590 979 646 magistratuum
1000 594 1178 645 augeret
1197 590 1394 633 adiectio.

45 649 106 692 sic
150 664 308 692 annum
347 650 519 693 ciuilem
557 648 716 692 Caesar
752 649 915 691 habitis
955 649 1009 692 ad
1046 650 1195 691 lunam
1233 650 1393 692 dimen-
1410 651 1466 692 13

0 724 28 752 ιο
45 708 239 751 sionibus
278 709 566 751 constitutum
603 709 742 750 edicto
780 708 926 763 palam
964 709 1108 763 posito
1139 708 1394 764 publicauit,

46 770 89 810 et
133 769 288 821 [error]
332 767 416 810 huc
458 782 593 822 usque
631 770 746 810 stare
786 768 1018 823 potuisset,
1061 768 1109 809 ni
1148 767 1393 811 sacerdotes

46 826 131 868 sibi
173 841 360 869 errorem
403 841 566 869 nouum
610 841 662 868 ex
698 827 795 881 ipsa
840 827 1140 869 emendatione
1177 827 1394 870 fecissent.

43 899 145 927 nam
178 900 274 931 cum
306 888 527 941 oporteret
558 885 692 940 diem,
724 886 798 941 qui
830 900 881 928 ex
907 886 1218 940 quadrantibus
1250 887 1394 940 confit,

45 947 198 999 quarto
237 959 407 1000 quoque
445 959 558 987 anno
596 945 812 1000 confecto,
849 949 1082 1001 antequam
1119 947 1294 1001 quintus
1331 946 1395 988 in-

0 1018 29 1046 us
47 1003 208 1058 ciperet
251 1004 523 1055 intercalare,
566 1004 634 1046 illi
677 1007 831 1060 quarto
874 1019 963 1047 non
1002 1009 1177 1060 peracto
1217 1004 1292 1047 sed
1329 1005 1394 1047 in-

47 1062 232 1117 cipiente
264 1063 593 1105 intercalabant.
642 1063 713 1106 hic
745 1078 863 1106 error
893 1079 966 1118 seg
992 1068 1036 1106 et
1060 1065 1245 1120 triginta
1271 1065 1394 1106 annis
1410 1064 1468 1106 14

44 1123 295 1176 permansit,
320 1122 476 1177 quibus
504 1123 628 1164 annis
654 1123 900 1165 intercalati
926 1126 1027 1166 sunt
1046 1122 1137 1166 dies
1157 1123 1394 1178 duodecim,

46 1194 143 1222 cum
182 1181 410 1223 debuerint
444 1182 692 1224 intercalari
730 1197 899 1225 nouem.
962 1183 1035 1225 sed
1073 1183 1187 1225 hunc
1225 1197 1395 1239 quoque

47 1253 234 1282 errorem
254 1254 348 1283 sero
368 1240 681 1296 deprehensum
699 1242 887 1284 correxit
905 1240 1144 1298 Augustus,
1163 1243 1237 1298 qui
1257 1256 1394 1284 annos

0 1314 28 1340 zo
47 1297 270 1341 duodecim
308 1299 400 1341 sine
436 1299 685 1342 intercalari
722 1300 790 1342 die
827 1302 1014 1356 transigi
1051 1302 1199 1356 iussit,
1243 1305 1293 1344 ut
1329 1302 1395 1343 illi

45 1359 135 1399 tres
173 1357 280 1409 dies,
318 1358 390 1413 qui
422 1373 500 1413 per
538 1373 673 1401 annos
710 1359 892 1414 triginta
929 1363 973 1402 et
1010 1375 1084 1402 sex
1114 1361 1224 1403 uitio
1257 1375 1396 1403 sacer-

47 1415 203 1458 dotalis
252 1417 546 1460 festinationis
591 1422 891 1473 exercuerant,
942 1420 1223 1474 sequentibus
1269 1420 1394 1461 annis

47 1474 271 1518 duodecim
296 1476 418 1519 nullo
445 1476 513 1518 die
537 1477 798 1520 intercalato
824 1478 1143 1521 deuorarentur.
1194 1481 1295 1534 post
1312 1479 1394 1521 hoc
1414 1478 1470 1520 15

46 1548 180 1576 unum
225 1535 336 1577 diem
381 1535 616 1577 secundum
654 1536 969 1579 ordinationem
1009 1537 1206 1580 Caesaris
1244 1538 1396 1593 quinto

0 1607 30 1634 2⁵
49 1607 218 1648 quoque
257 1608 369 1636 anno
409 1594 638 1649 incipiente
675 1595 922 1638 intercalari
959 1597 1104 1651 iussit,
1141 1599 1185 1639 et
1222 1612 1396 1639 omnem

47 1651 163 1694 hunc
200 1653 394 1694 ordinem
426 1667 576 1695 aereae
610 1654 786 1696 tabulae
818 1656 872 1697 ad
904 1658 1126 1698 aeternam
1158 1656 1397 1698 custodiam

47 1710 257 1754 incisione
288 1711 539 1754 mandauit?

165 1769 284 1813 Tunc
302 1770 447 1814 Horus
474 1771 579 1814 ‘dies
606 1771 780 1828 quidem
805 1772 892 1815 hic'
916 1773 1058 1829 inquit
1077 1773 1468 1829 ‘intercalaris‚XV

48 1831 279 1885 antequam
332 1831 508 1886 quintus
558 1846 695 1873 annus
745 1832 944 1887 incipiat,
998 1834 1250 1876 inserendus
1300 1848 1397 1877 cum

0 1901 31 1928 ιο
49 1890 238 1944 Aegypti
268 1890 422 1931 matris
455 1890 614 1932 artium
644 1891 814 1933 ratione
846 1894 1076 1948 consentit,
1108 1893 1182 1935 sed
1213 1893 1323 1935 m'hil
1350 1892 1397 1935 in

47 1947 219 1990 illorum
256 1949 474 1992 mensibus
506 1950 768 2004 explicandis
799 1950 971 1994 uidetur
1003 1966 1251 2007 operosum,
1287 1967 1396 2008 quos

143 2044 161 2074 1
189 2040 238 2074 ad
260 2041 306 2086 P,
331 2042 398 2076 aut
421 2041 469 2076 ad
494 2042 531 2077 Β
615 2042 763 2078 declmsi
787 2053 811 2078 *
835 2042 863 2078 sl
889 2044 1014 2088 (etiam
1038 2043 1056 2078 Γ
1076 2045 1118 2079 in
1142 2045 1231 2090 ras.)
1255 2045 1293 2079 P
1374 2050 1396 2079 ‘2

48 2086 169 2122 addm
198 2087 283 2123 sunt
312 2088 350 2123 P
441 2090 587 2125 dicetur
618 2091 639 2125 b
735 2093 757 2124 5
790 2091 920 2126 omnes
945 2102 1013 2126 om.
1048 2092 1086 2126 P
1179 2092 1340 2128 maiores
1361 2094 1399 2128 B

48 2136 70 2169 8
95 2144 203 2170 onem
227 2136 270 2170 in
295 2135 542 2172 ambitionem
566 2138 609 2172 in
631 2148 703 2173 ras.
723 2138 766 2172 in
784 2137 822 2172 P
891 2141 912 2173 9
937 2138 1067 2174 hmam
1086 2139 1162 2175 BP
1233 2143 1275 2174 11
1297 2150 1397 2175 error

47 2181 167 2218 dotem:
237 2182 298 2217 hic
323 2183 436 2228 usque
460 2181 506 2218 B‘
581 2188 625 2219 15
650 2185 911 2231 interlcalandl
929 2186 977 2220 B'
1052 2190 1096 2221 16
1121 2187 1342 2222 mterkalarl
1361 2188 1397 2221 B

51 2231 94 2263 17
119 2228 239 2264 annus
263 2227 314 2265 B'
419 2235 464 2266 23
490 2231 733 2267 defloraretur
750 2232 800 2268 P'
906 2235 952 2267 25
978 2235 1182 2279 mcipiente
1209 2245 1306 2269 anno
1333 2235 1398 2278 (P)

49 2278 94 2311 26
118 2287 228 2312 acrae
251 2274 302 2311 B'
367 2281 413 2313 28
439 2289 459 2313 c
483 2279 526 2314 in
549 2291 637 2314 ‘wne
662 2281 705 2314 in
727 2291 802 2316 ras.
827 2280 869 2315 in
894 2281 932 2315 B
999 2281 1069 2328 hec
1099 2281 1135 2315 P
1205 2285 1251 2317 30
1278 2284 1399 2328 egipti

48 2322 86 2357 P
154 2327 197 2358 31
224 2324 351 2371 ορθῐτῡ
378 2326 416 2360 P
