1526 2444
161 76 215 118 16
675 81 771 117 SAT.
793 82 921 118 LIBRI
943 83 960 118 I

159 184 430 237 sepulchra
467 186 629 240 epulis
660 187 752 229 dici.
810 202 895 230 non
932 189 1038 231 dixit
1067 189 1397 235 Feraliorum:
1434 196 1478 235 et

159 240 261 283 alibi
296 241 596 299 Floralium,
631 259 715 287 non
746 244 1085 290 Floraliorum
1121 249 1197 302 ait,
1234 264 1328 291 cum
1364 251 1475 292 idem
1512 283 1515 285 -

157 312 244 340 non
274 300 421 341 ludos
451 300 683 344 Florales
714 303 813 357 illic,
844 305 915 345 sed
947 305 1084 360 ipsum
1115 306 1270 349 festum
1300 307 1473 351 Flora-

91 354 227 398 15lia
252 357 524 410 significaret.
571 359 804 403 MAsvmvs
830 362 958 404 etiam
983 374 1191 407 sncvuno
1210 364 1475 408 FASTORVM:

157 414 474 457 Liberalium
506 417 610 459 dies
647 418 785 473 inquit
814 433 839 460 a
868 421 1205 474 pontificibus
1237 425 1474 478 agonium

157 471 400 515 Martiale
432 475 726 528 appellatur
757 482 799 518 et
835 477 880 517 in
911 479 1056 520 eodem
1086 479 1195 522 libro
1228 494 1331 522 eam
1361 496 1475 523 noc-

157 533 255 570 tem
302 532 631 588 deincepsque
679 533 1028 589 insequentem
1076 537 1220 588 diem,
1270 539 1353 593 qui
1399 542 1477 582 est

159 586 441 643 Lucarium,
471 605 556 633 non
587 592 693 632 dixit
723 591 1058 635 Lucariorum.
1116 595 1302 650 itemque
1333 596 1477 639 Libe·-

91 643 338 689 lssralium
379 649 503 690 multi
541 649 754 700 dixerunt,
797 663 883 691 non
920 650 1299 695 Liberaliorum.
1365 655 1475 696 unde

156 705 517 758 pronuntiandum
548 710 613 748 est
636 709 799 748 ueteres
825 708 1049 750 indulsisse
1074 710 1218 763 copiae
1242 725 1317 765 per
1341 713 1474 754 uarie·
1494 727 1510 752 1

157 765 309 818 tatem,
350 766 398 804 ut
434 763 631 806 dicebant
668 765 925 807 exanimos
963 769 1006 807 et
1042 768 1312 823 exanimes,
1347 770 1477 812 iner-

158 835 262 862 mos
293 823 336 862 et
360 821 593 877 inermes,
622 826 714 864 tum
737 823 896 865 hilaros
923 826 1047 878 atque
1073 825 1282 867 hilares:
1314 830 1357 868 et
1380 828 1474 870 ideo

157 881 317 920 certum
342 883 408 921 est
431 880 547 922 licito
574 883 617 922 et
636 879 982 922 Saturnalium
1008 885 1051 923 et
1070 881 1476 927 Saturnaliorum
1514 918 1517 922 ,

158 935 251 991 dici,
283 951 378 978 cum
403 938 581 979 alterum
605 938 754 992 regula
778 953 872 980 cum
898 940 1161 995 auctoritate,
1192 942 1369 984 alterum
1395 944 1475 985 etsi

158 994 250 1036 sola
281 995 355 1036 sed
384 996 616 1037 multorum
648 996 844 1037 defendat
874 998 1116 1039 auctoritas.
1494 1021 1508 1046 1

90 1048 142 1088 17
273 1051 455 1107 Reliqua
485 1056 626 1095 autem
657 1054 803 1108 uerba,
834 1069 941 1108 quae
977 1055 1142 1097 Auieno
1178 1059 1326 1099 nostro
1363 1072 1476 1100 noua

156 1109 249 1151 uisa
279 1114 398 1165 sunt,
435 1113 627 1152 ueterum
657 1112 782 1154 nobis
814 1115 912 1153 sunt
946 1113 1203 1155 testimoniis
1235 1115 1475 1158 adserenda.

155 1166 328 1209 ENNIVs
354 1168 467 1210 enim
501 1193 551 1199 -
583 1169 667 1210 nisi
697 1170 765 1211 cui
790 1170 958 1211 uidetur
987 1171 1098 1212 inter
1121 1174 1292 1214 nostrae
1323 1174 1476 1216 aetatis

157 1225 378 1279 politiores
410 1227 638 1268 munditias
668 1228 928 1281 respuendus
959 1253 1013 1257 —
1045 1231 1195 1271 noctu
1221 1231 1477 1273 'concubia

156 1283 263 1324 dixit
293 1283 359 1325 his
390 1285 582 1326 uersibus

273 1378 356 1418 qua
387 1364 502 1406 Galli
532 1366 678 1407 furtim
707 1368 836 1407 noctu
868 1380 1030 1408 summa
1061 1367 1169 1409 arcis
1200 1368 1338 1410 adorti

272 1422 442 1463 moenia
473 1424 677 1464 concubia
707 1424 942 1478 uigilesque
972 1427 1145 1478 repente
1175 1429 1406 1469 cruentant.
1516 1442 1526 1464 '³

90 1503 143 1545 18
159 1522 241 1561 quo
283 1508 328 1549 in
370 1509 463 1550 loco
501 1510 922 1552 animaduertendum
959 1513 1024 1552 est
1064 1525 1150 1553 non
1192 1512 1327 1554 solum
1364 1515 1476 1569 quod

154 1568 307 1607 noctu
332 1567 593 1620 concubia,
619 1567 692 1609 sed
717 1568 826 1622 quod
853 1568 980 1610 etiam
1006 1583 1101 1623 qua
1130 1572 1284 1612 noctu
1310 1571 1475 1614 dixerit.

157 1626 200 1664 et
222 1623 304 1665 hoe
329 1625 474 1678 posuit
498 1625 544 1666 in
568 1626 817 1667 ANNALIVM
849 1637 1058 1681 summo,
1087 1625 1133 1667 in
1158 1642 1336 1681 quorum
1368 1642 1475 1671 TER-

157 1692 233 1723 TIO
265 1682 420 1723 clarius
450 1682 563 1724 idem
595 1683 700 1724 dixit

363 1762 444 1803 hac
474 1765 601 1804 noctu
631 1763 704 1804 filo
735 1763 937 1817 pendebit
960 1764 1134 1806 Etruria
1164 1767 1267 1808 tota.

156 1846 387 1890 CLAvmvs
427 1850 556 1890 etiam
593 1849 940 1898 QVADRIGAmvs
983 1851 1167 1894 ANNALI
1198 1865 1362 1896 'ranno
1401 1869 1474 1896 se-

249 1977 293 2008 20
323 1985 405 2008 ann.
439 1977 504 2009 169
531 1973 706 2019 Vahleni,
742 1979 809 2011 256
839 1975 925 2011 Luc.
957 1976 1125 2012 Muelleri
1219 1982 1263 2015 26
1294 1990 1377 2014 ann.
1411 1983 1476 2015 153

157 2018 326 2062 Vahleni‚
353 2023 419 2054 157
444 2019 530 2056 Luc.
555 2021 723 2056 Mueller-i
1515 2043 1519 2052 2

249 2139 264 2168 1
293 2134 366 2169 dlcl
383 2135 428 2177 P,
453 2135 528 2170 dlel
545 2136 582 2171 B
652 2136 877 2173 fenahorum
896 2138 976 2173 BP
1043 2142 1064 2173 3
1089 2139 1195 2174 lodos
1211 2139 1258 2174 P'
1329 2146 1350 2176 8
1368 2141 1478 2176 multi

154 2180 364 2215 hberalium
389 2182 426 2216 P
495 2186 536 2216 12
561 2183 721 2218 inermos
740 2185 819 2218 tum
841 2183 886 2219 B‘
958 2185 1088 2221 ''ilarol
1106 2186 1143 2221 P
1212 2190 1255 2221 14
1280 2188 1476 2224 actoritate

154 2227 191 2261 P
261 2230 302 2262 15
322 2227 487 2263 defendit
503 2228 540 2263 B
613 2233 654 2264 17
675 2229 870 2266 asserenda
888 2232 908 2267 b
982 2235 1025 2268 27
1047 2242 1167 2268 eruria
1185 2231 1231 2268 B'
1298 2237 1343 2269 28
1362 2235 1476 2270 etiam
1507 2234 1512 2252 ⁵

154 2273 199 2317 Β,
226 2284 370 2318 quoque
393 2274 430 2310 P
