1526 2444
152 81 239 122 430
648 80 746 117 SAT.
771 80 896 116 LIBRI
923 80 988 115 VH

433 186 602 240 ψυχρὸν
634 183 673 226 δ’
709 184 777 227 ἕλε
807 186 968 240 χαλκὸν
999 185 1194 239 ὀδοῦσιν,

155 266 191 308 si
222 269 366 307 tamen
398 266 530 307 solem
561 266 793 321 pertulerit,
823 266 1077 308 concalescit
1102 269 1146 308 et
1171 267 1287 307 calor
1312 265 1474 307 aduena

155 324 350 365 natiuum
392 322 528 378 frigus
572 323 757 377 expellit.
823 324 904 365 hoc
949 326 1087 365 utrum
1130 324 1192 365 ita
1234 338 1325 365 esse
1361 324 1470 365 ratio

113 383 139 423 3
155 381 406 435 persuadeat
442 381 716 435 requiramus.
775 381 922 422 uinum
960 384 1033 423 aut
1063 384 1168 434 potu
1198 381 1469 422 interioribus

151 438 399 480 conciliatur
429 440 502 479 aut
535 438 644 493 fotu,
682 441 730 480 ut
762 439 1028 492 superficiem
1059 442 1194 491 curet,
1234 439 1469 480 adhibetur.
1505 454 1522 481 5

151 511 245 538 cum
276 496 510 537 infunditur
542 496 641 550 cuti,
672 496 774 550 quin
804 496 1005 550 frigidum
1037 496 1092 537 sit
1120 510 1198 537 nec
1227 496 1379 537 medici
1410 496 1470 536 in-

150 554 262 595 fitias
311 557 431 607 eunt,
479 554 662 595 calidum
709 556 852 594 tamen
894 553 939 594 in
987 554 1260 595 interioribus
1309 553 1470 607 praedi-

152 614 268 666 cant,
305 625 399 652 cum
435 625 521 653 non
555 611 642 652 tale
679 611 903 652 descendat
942 612 1015 653 sed
1051 611 1286 652 admixtum
1324 611 1469 652 calidis

108 669 425 711 4concalescat.
492 671 605 710 certe
648 668 930 723 respondeant
972 669 1089 723 uolo,
1138 683 1210 710 cur
1253 668 1470 710 stomacho
1523 669 1526 676 ⁴

152 727 197 768 in
227 727 523 767 lassitudinem
554 727 830 780 degeneranti
862 726 914 767 ad
943 726 1238 768 instaurandas
1271 726 1471 767 constric—
1490 740 1526 781 iq

152 785 268 825 tione
295 784 405 825 uires
432 784 611 825 offerant
636 784 897 838 aegrescenti
922 784 1079 836 uinum,
1105 784 1189 825 nisi
1214 783 1370 838 frigore
1396 798 1471 824 suo
1524 800 1526 802 ·

153 842 315 883 lassata
346 844 516 896 cogeret
547 844 588 882 et
619 841 841 896 colligeret
866 841 1105 883 dissoluta?
1155 844 1197 882 et
1221 855 1314 882 cum
1345 841 1471 894 lasso,
1523 838 1526 839 ⁷

151 902 201 941 ut
231 899 328 952 dixi,
360 899 580 941 stomacho
611 899 719 940 nihil
751 899 979 940 adhibeant
1010 899 1204 950 calidum,
1235 913 1287 940 ne
1312 901 1472 940 crescat
1523 904 1526 905 ’

153 957 331 998 ulterius
368 956 594 1009 lassitudo,
631 971 656 998 a
688 956 778 997 uini
808 958 912 1010 potu
942 970 1028 998 non
1057 956 1300 1009 prohibent,
1338 956 1473 997 defec-
1524 955 1526 958 ’

112 1015 244 1056 5tum
287 1015 331 1055 in
372 1014 503 1055 robur
545 1013 624 1055 hac
669 1014 884 1056 curatione
922 1016 1145 1056 mutantes.
1213 1014 1322 1055 dabo
1360 1014 1472 1055 aliud
1491 1013 1526 1071 13³

152 1071 355 1113 indicium
392 1071 623 1113 accidentis
657 1072 755 1113 uino
787 1085 913 1126 quam
943 1071 1123 1126 ingeniti
1153 1071 1316 1112 caloris.
1373 1086 1473 1112 nam
1515 1073 1526 1129 j

154 1129 284 1184 siquis
322 1130 534 1171 aconitum
574 1129 765 1171 nesciens
803 1129 1009 1183 hauserit,
1045 1142 1132 1170 non
1169 1142 1278 1183 nego
1316 1128 1473 1170 haustu
1518 1129 1526 1185 j

153 1201 247 1228 eum
285 1187 391 1228 meri
426 1187 597 1240 plurimi
635 1187 770 1228 solere
808 1186 958 1227 curari.
1019 1186 1204 1227 infusum
1242 1186 1354 1227 enim
1388 1186 1473 1227 uis·
1512 1185 1526 1227 ἕ·

153 1245 317 1286 ceribus
354 1244 489 1285 trahit
526 1244 578 1285 ad
609 1259 653 1285 se
685 1245 867 1286 calorem
900 1246 941 1285 et
971 1258 1132 1285 ueneno
1162 1243 1319 1297 frigido
1353 1245 1472 1297 quasi

153 1302 336 1343 calidum
366 1303 452 1343 iam
481 1304 703 1355 repugnat.
763 1302 799 1343 si
830 1315 930 1343 uero
963 1302 1178 1343 aconitum
1207 1301 1346 1355 ipsum
1377 1315 1471 1342 cum
1502 1306 1507 1314 '

155 1360 252 1401 uino
283 1359 434 1401 tritum
462 1359 584 1413 potui
609 1360 756 1401 datum
781 1359 850 1412 sit,
879 1359 1144 1400 haurientem
1167 1359 1284 1400 nulla
1309 1358 1471 1401 curatio

114 1421 179 1462 6a
209 1419 346 1459 morte
380 1417 578 1458 defendit.
637 1419 738 1458 tunc
769 1417 880 1458 enim
911 1417 1057 1458 uinum
1089 1419 1241 1458 natura
1270 1416 1472 1471 frigidum

154 1475 411 1517 admixtione
449 1474 513 1516 sui
549 1475 683 1529 frigus
722 1475 839 1516 auxit
874 1475 1043 1527 ueneni,
1072 1488 1149 1516 nec
1185 1474 1231 1515 in
1263 1474 1471 1516 interiori·
1500 1490 1503 1503 ³

155 1533 233 1574 bus
264 1533 351 1574 iam
380 1532 562 1586 calescit,
594 1533 691 1586 quia
714 1546 802 1574 non
825 1532 1004 1573 liberum
1031 1532 1103 1573 sed
1129 1531 1363 1573 admixtum
1388 1531 1471 1586 alii,
1522 1534 1526 1569 ὲ

116 1590 284 1634 ἵίωηιο
321 1591 366 1631 in
402 1590 515 1631 aliud
551 1604 720 1631 uersum
759 1590 972 1631 descendit
1007 1589 1052 1630 in
1089 1589 1258 1631 uiscera.
1321 1589 1393 1631 sed
1430 1592 1472 1631 et

155 1648 306 1690 sudore
342 1648 474 1690 nimio
512 1648 579 1688 uel
615 1648 759 1689 laxato
791 1650 939 1688 uentre
971 1647 1146 1689 defessis
1177 1647 1324 1689 uinum
1354 1648 1472 1702 inge·
1522 1655 1526 1661 “

154 1708 271 1760 runt,
309 1708 355 1746 ut
389 1705 433 1746 in
469 1707 648 1759 utroque
686 1705 835 1746 morbo
873 1705 1138 1760 constringat
1174 1707 1350 1746 meatus.
1409 1705 1471 1746 in·
1518 1732 1526 1744 .-

155 1778 345 1804 somnem
369 1763 521 1805 medici
546 1762 713 1818 frigidis
741 1763 934 1804 oblinunt
962 1763 1085 1804 modo
1111 1762 1333 1816 papaueris
1360 1776 1472 1815 suco,

156 1821 278 1861 modo
325 1821 608 1875 mandragora
655 1820 724 1861 uel
774 1820 1000 1874 similibus,
1042 1821 1085 1861 in
1129 1820 1280 1874 quibus
1325 1822 1389 1861 est
1431 1823 1473 1861 et

155 1878 312 1931 uinum,
343 1892 442 1919 nam
472 1879 573 1920 uino
605 1892 776 1919 somnus
807 1878 951 1919 reduci
982 1877 1102 1932 solet,
1133 1878 1244 1932 quod
1274 1891 1358 1918 non
1388 1876 1488 1930 nisi·
1524 1883 1526 1927 j

116 1939 140 1980 8
156 1935 337 1988 ingeniti
361 1936 534 1990 frigoris
559 1935 851 1977 testimonium
877 1938 950 1976 est.
997 1934 1144 1976 deinde
1170 1934 1312 1977 omnia
1337 1934 1472 1976 calida
1491 1941 1526 1995 3

250 2059 334 2094 111.
360 2060 383 2093 Ε
413 2061 456 2094 75

249 2178 269 2209 2
295 2174 506 2210 concalesa‘r
530 2175 567 2209 P
662 2173 886 2209 aduenatiusi
911 2174 947 2209 P
1039 2179 1058 2209 6
1084 2173 1229 2209 inficias
1249 2174 1285 2209 P
1372 2177 1392 2207 9
1417 2183 1471 2208 re·
1487 2140 1526 2204 A]

155 2220 333 2266 spondeat
359 2217 408 2255 P‘
518 2224 561 2255 10
586 2220 781 2255 latitudine
807 2221 841 2255 P
864 2219 1119 2264 (laxitudinem
1147 2240 1187 2246 ——
1213 2220 1337 2255 laxata
1360 2220 1490 2255 Bent-

156 2268 245 2304 leius
271 2267 369 2303 Mus.
395 2267 754 2311 Rhen.1831‚326)
827 2271 872 2302 30
897 2266 1040 2301 reducit
1063 2266 1099 2300 P
