1526 2444
115 79 198 121 218
625 81 723 117 SAT.
749 82 874 117 LIBRI
898 82 948 117 III

113 200 319 228 nuceum
362 186 601 229 Punicum
641 187 894 231 Persicum
936 189 1231 238 Quirianum
1273 193 1433 246 prosi-

112 259 224 285 uum
263 245 466 286 rubrum
508 244 840 288 Scaudianum
881 247 1120 290 siluestre
1161 249 1434 292 struthium

72 300 440 344 3Seantianum
477 302 632 345 Tibur
668 303 943 347 Verianum.
1009 306 1126 348 uides
1158 307 1373 350 Persicum
1411 323 1435 350 a

113 359 278 401 Cloatio
315 361 426 402 inter
463 361 576 403 mala
606 365 892 416 numeratum,
931 365 1042 417 quod
1073 379 1228 407 nomen
1259 366 1433 420 originis

112 432 212 459 suae
248 418 402 472 tenuit,
438 419 538 460 lieet
573 420 659 461 iam
697 421 855 462 dudum
883 422 1020 463 nostri
1051 423 1132 464 soli
1163 437 1335 478 germen
1367 425 1433 466 sit.
1470 441 1485 465 5

111 475 224 529 quod
268 478 408 517 autem
451 477 513 518 ait
554 478 665 519 idem
707 477 896 520 Cloatius
936 480 1166 535 eitreum,
1211 484 1253 522 et
1294 482 1434 536 ipsum

110 532 327 575 Persicum
358 535 518 576 malum
549 538 615 577 est
646 535 875 578 seeundum
906 535 1144 592 Vergilium

273 615 409 657 felicis
442 616 556 671 mali,
589 631 670 671 quo
701 631 789 659 non
819 618 1106 671 praestantius
1137 620 1272 660 ullum

70 695 154 736 4et
178 695 353 750 reliqua.
414 699 457 738 et
480 699 528 738 ut
551 712 676 740 nemo
709 698 872 740 dubitet
902 698 1005 740 haee
1036 700 1086 740 de
1118 700 1247 742 eitreo
1280 701 1434 742 dixisse
1523 737 1526 738 γ

114 752 370 808 Vergilium,
413 755 607 809 aecipite,
650 771 758 810 quae
800 756 967 798 OPPIVS
1009 757 1055 798 in
1097 758 1207 800 libro
1247 770 1309 799 DE
1347 770 1433 800 SIL-
1455 775 1487 800 10
1523 768 1526 791 2

114 822 359 854 vsss‘rmssvs
393 824 647 856 ARBORIBvs
688 814 800 855 dicat
842 815 1000 856 citrea
1038 816 1158 856 item
1197 817 1357 857 malus
1389 819 1436 858 et
1524 817 1526 819 ’

109 868 333 921 Persica,
366 871 524 912 altera
557 874 827 926 generatur
857 873 906 914 in
938 872 1091 914 Italia
1122 875 1169 915 et
1199 874 1250 915 in
1276 874 1436 916 Media

111 927 284 968 altera.
346 930 389 969 et
436 929 565 982 paulo
614 932 713 983 post
761 930 811 971 de
861 931 992 972 eitreo
1036 931 1214 985 loquens
1257 932 1318 973 ait
1361 934 1436 974 est

110 987 274 1026 autem
300 985 732 1042 odoratissimum,
756 1002 812 1028 ex
839 1002 931 1042 quo
957 989 1279 1030 interiectum
1303 990 1435 1031 uesti
1524 1018 1526 1034 ;

108 1043 277 1085 tineas
302 1047 461 1086 necat.
510 1045 672 1086 fertur
698 1046 848 1087 etiam
873 1047 1082 1088 uenenis
1108 1049 1435 1102 contrarium,
1455 1065 1488 1090 15
1518 1043 1526 1098 l

110 1101 239 1155 quod
276 1102 452 1143 tritum
489 1117 594 1144 cum
626 1104 746 1145 uino
777 1105 1081 1160 purgatione
1113 1105 1294 1146 uirium
1327 1120 1436 1147 sua-

107 1173 214 1200 rum
262 1159 495 1202 bibentes
546 1165 729 1202 seruat.
815 1164 1125 1216 generantur
1173 1165 1337 1204 autem
1385 1164 1436 1204 in

109 1216 315 1258 Perside
354 1219 487 1259 omni
527 1221 749 1274 tempore
781 1221 913 1261 mala
943 1220 1113 1261 citrea.
1175 1221 1275 1262 alia
1306 1222 1434 1262 enim

69 1274 531 1331 5praecarpuntur‚
559 1277 660 1318 alia-
685 1277 887 1319 interim
913 1280 1267 1320 maturescunt.
1316 1279 1434 1320 uides

106 1332 176 1374 hie
216 1335 258 1374 et
297 1333 475 1376 citreum
511 1335 724 1376 nominari
762 1338 804 1376 et
841 1336 983 1378 omnia
1019 1337 1140 1391 signa
1170 1337 1289 1391 poni,
1329 1351 1434 1391 quae
1453 1354 1516 1382 205

108 1390 156 1431 de
207 1405 255 1432 eo
298 1390 515 1447 Vergilius
565 1393 687 1447 dixit,
734 1394 833 1435 licet
876 1407 1031 1435 nomen
1073 1393 1192 1435 citrei
1234 1394 1306 1436 ille
1348 1409 1433 1436 non

106 1448 272 1491 dixerit.
331 1463 432 1491 nam
458 1453 500 1491 et
523 1450 747 1505 Homerus,
778 1451 850 1506 qui
875 1453 1054 1493 eitreum
1084 1452 1201 1494 θύον
1232 1452 1433 1507 appellat,

107 1506 296 1548 ostendit
326 1521 418 1550 esse
450 1509 673 1550 odoratum
704 1524 878 1563 pomum

441 1589 559 1631 θύου
590 1591 617 1631 ὃ
643 1586 742 1632 ’ἀπὸ
773 1591 907 1632 καλὸν
938 1590 1095 1632 ὀδώδει

106 1670 148 1709 et
189 1669 300 1722 quod
337 1670 397 1711 ait
434 1669 596 1724 Oppius
637 1671 771 1712 inter
811 1673 1002 1713 uestem
1042 1671 1161 1725 poni
1201 1671 1430 1726 citreum,
1450 1689 1483 1714 25

104 1726 216 1767 idem
247 1728 460 1781 signifieat
491 1728 700 1770 Homerus
732 1743 827 1770 cum
857 1729 959 1770 dicit

197 1861 218 1892 8
244 1859 374 1903 Georg.
400 1859 434 1892 II
462 1863 525 1894 127
599 1864 644 1895 924
670 1858 733 1894 Od.
760 1870 776 1894 ε
803 1863 847 1893 60

197 1983 217 2013 2
243 1979 464 2016 seaudianesi
489 1982 525 2016 P
604 1981 739 2016 struen‘i
764 1982 807 2026 P,
835 1982 964 2016 stratu-1
989 1981 1024 2016 B
1106 1987 1126 2017 3
1151 1994 1196 2018 ve
1215 1984 1256 2018 in
1280 1987 1431 2018 venam-1

105 2025 147 2060 in
170 2036 242 2062 ras,
268 2027 309 2061 in
334 2027 370 2062 P
443 2030 464 2061 5
489 2027 559 2063 [οτι
583 2032 625 2063 ut
648 2029 723 2064 uid.
749 2026 794 2063 B'
875 2039 1027 2073 german
1051 2028 1087 2063 B
1160 2033 1180 2064 9
1204 2029 1295 2064 haee
1320 2029 1358 2064 di
1382 2027 1428 2064 B'

107 2075 150 2106 10
174 2071 406 2108 seluestnbur
425 2073 471 2108 B'
561 2075 600 2109 1d
624 2087 670 2118 ÷
687 2075 740 2119 ΔΡ,
766 2075 866 2110 idem
890 2075 937 2118 B,
963 2086 1025 2111 em.
1052 2076 1162 2120 uulgo
1259 2079 1300 2111 16
1327 2075 1429 2121 uino]

103 2128 246 2154 ueneno
272 2117 322 2153 P'
403 2124 445 2155 18
472 2125 540 2156 omi
564 2123 690 2166 tepore
716 2132 770 2157 om
798 2120 847 2156 P'
926 2125 970 2156 20
995 2123 1037 2156 in
1061 2122 1172 2158 uerba
1194 2123 1376 2157 nommari
1400 2122 1430 2157 ἃ

105 2193 187 2227 offla
211 2189 345 2226 desinit
368 2190 404 2224 B
475 2194 517 2227 21
550 2180 643 2226 ‹115st
676 2191 890 2237 Uaticanus
913 2202 984 2237 req.
1007 2190 1135 2227 christ.
1162 2194 1257 2227 1650
1281 2192 1431 2227 conatus
1498 2188 1503 2189 ⁷

103 2244 127 2268 a
153 2236 297 2273 Loewio
323 2238 423 2281 apud
454 2237 623 2273 Goezium
646 2238 723 2274 ind.
749 2239 824 2273 lect.
851 2239 993 2274 lenens.
1014 2242 1099 2274 aest.
1119 2239 1228 2282 1890)
1277 2241 1323 2272 24
1341 2238 1428 2282 ἀπό]

103 2285 202 2320 ΥΠΟ
224 2284 260 2318 Ρ
306 2284 453 2319 ΔωΔΕΙ
474 2285 516 2328 Ρ,
538 2285 716 2320 ΕΥΟΔΕΛ
741 2285 776 2320 V
818 2287 862 2320 25
883 2284 987 2330 opius
1015 2285 1048 2320 V
1095 2288 1139 2320 26
1159 2285 1196 2320 et
1214 2286 1383 2320 homerus
1397 2283 1432 2319 V
