1526 2444
155 53 240 95 228
620 53 722 89 SAT.
747 53 875 90 LIBRI
899 52 966 89 [ΙΙΙ
1499 0 1526 117 ³

115 160 142 202 5
156 174 180 202 a
210 161 382 202 senecta

422 215 566 258 Dauni
597 217 793 259 miserere
826 219 1017 259 senectae

157 276 198 316 et

213 331 379 372 ducitur
409 330 555 379 infelix
586 345 690 373 aeuo
723 332 937 374 confectus
969 332 1115 374 Aletes
1524 369 1526 389 ἔ

156 391 198 430 et
1509 403 1526 444 Ι,

218 446 416 488 canitiem
447 445 581 488 multo
614 445 824 488 deformat
853 448 1037 500 puluere.
1523 456 1526 458 ’

120 527 295 570 ssmouit
343 530 386 568 et
429 541 453 568 a
494 526 667 569 fortuna
711 528 835 570 modo
879 528 1206 570 misericordiam
1249 529 1372 570 modo
1415 529 1478 570 in-
1518 526 1526 577 ’ζ

160 585 463 640 dignationem.
523 585 853 628 misericordiam

435 667 502 706 tot
545 666 756 719 quondam
798 666 967 720 populis
1006 666 1211 722 terrisque
1252 667 1480 721 superbum
1523 667 1526 707 i

215 725 487 778 regnatorem
519 722 648 765 Asiae
1500 722 1526 785 ις’

163 805 205 845 et
237 802 369 845 Sinon
424 851 428 855 ,
1514 791 1526 855 l

321 919 328 926 Ι
437 863 480 902 et
508 875 587 903 nos
620 860 793 916 aliquod
823 876 1058 916 nomenque
1089 862 1295 918 decusque
1513 859 1526 939 ἒ

218 932 446 974 gessimus,

161 990 203 1029 et

442 1033 727 1088 Ausoniisque
759 1035 863 1076 olim
895 1035 1128 1077 ditissimus
1160 1036 1286 1078 aruis.

123 1119 146 1160 7
161 1114 497 1170 indignationem
528 1129 629 1157 uero
662 1129 712 1156 ex
743 1116 886 1157 uerbis
916 1114 1096 1157 Didonis

221 1198 264 1237 et
292 1196 452 1237 nostris
482 1196 666 1237 illuserit
697 1195 860 1237 aduena
890 1195 1062 1250 regnis?

163 1276 382 1330 eleganter
418 1276 530 1317 enim
568 1290 619 1317 ex
655 1278 902 1331 contemptu
933 1275 1102 1319 Aeneae
1133 1279 1260 1332 auget
1289 1276 1486 1318 iniuriam

164 1348 294 1376 suam.
355 1336 399 1375 et
428 1332 586 1376 Amata

223 1413 469 1456 exulibusue
501 1414 623 1456 datur
655 1415 844 1457 ducenda
875 1415 1052 1456 Lauinia
1082 1414 1282 1457 Teucris?

165 1475 220 1537 et·
238 1494 461 1537 Numanus

223 1576 288 1617 bis
320 1576 434 1630 capti
464 1575 665 1631 Phryges.

127 1657 304 1702 8mouit
333 1656 488 1711 pathos
520 1657 831 1706 misericordiae
863 1660 906 1698 et
937 1671 987 1698 ex
1017 1657 1235 1699 debilitate

226 1752 277 1779 ex
309 1751 392 1791 quo
425 1751 491 1778 me
523 1737 665 1779 diuum
697 1739 819 1791 pat-er
851 1739 975 1792 atque
1006 1737 1224 1779 hominum
1255 1751 1327 1779 rex

225 1795 418 1836 fulminis
451 1794 625 1837 adflauit
654 1794 794 1836 uentis
827 1797 869 1837 et
900 1796 1083 1851 contigit
1112 1796 1229 1850 igne,

167 1878 211 1918 et
241 1876 344 1917 alibi

262 1999 282 2029 2
309 1994 398 2030 Aen.
418 1993 486 2028 XII
511 1998 579 2029 934
673 1998 695 2029 4
719 1995 767 2030 ib.
795 1995 844 2029 XI
869 1998 913 2030 85
1009 1999 1029 2030 6
1054 1995 1104 2031 ib.
1128 1995 1160 2030 X
1185 1999 1253 2031 844
1340 1999 1360 2030 9
1385 1995 1433 2030 ἢ).
1458 1979 1504 2030 Πι

169 2043 236 2076 556
311 2044 353 2074 12
379 2040 429 2075 ib.
456 2041 488 2074 11
514 2044 558 2075 89
631 2044 674 2076 15
698 2040 749 2076 ib.
773 2041 843 2076 VII
869 2045 934 2076 537
1008 2045 1051 2077 17
1076 2042 1125 2077 ib.
1151 2042 1305 2078 1111591
1378 2045 1422 2077 20
1441 2041 1492 2078 ib.

167 2086 237 2121 VII
262 2090 329 2156 359
403 2090 447 2121 22
473 2086 523 2121 ib.
551 2086 650 2121 VIIII
675 2091 742 2123 599
815 2091 860 2122 24
884 2087 933 2122 ib.
960 2088 993 2122 II
1019 2092 1086 2123 648

265 2199 286 2231 8
311 2195 598 2232 misericordiam
623 2197 705 2233 add.
734 2197 1054 2243 Cantabriyiewsis,
1077 2209 1142 2234 om.
1168 2199 1205 2234 P
1267 2203 1286 2234 9
1313 2198 1424 2246 [ephsi
1447 2194 1493 2235 1⁷·

173 2245 215 2277 12
241 2241 272 2277 a
295 2241 364 2277 nas
383 2240 431 2276 P'
505 2246 547 2278 18
573 2248 588 2278 I
613 2244 654 2279 in
679 2247 741 2279 eni
765 2245 807 2280 in
831 2255 903 2280 ras.
929 2246 970 2280 i‘n
997 2245 1034 2279 P
1102 2248 1145 2280 22
1171 2245 1286 2291 friges
1303 2245 1340 2309 P
1484 2255 1488 2261 ’
