1526 2444
157 39 240 81 192
655 37 754 73 su.
780 37 907 72 mem
930 37 983 71 111
1504 0 1526 109 ³

157 146 324 187 eodem
368 144 463 199 die,
505 158 598 198 quo
642 143 788 185 aedes
827 143 984 197 ipsae,
1028 142 1252 185 dedicari
1293 142 1476 195 solent,
1512 108 1526 186 ἔ

155 203 281 244 unde
318 216 485 243 mensa
521 202 614 243 hoc
650 202 752 243 ritu
789 201 1021 243 dedicata
1061 201 1110 242 in
1140 200 1329 254 templo
1362 213 1476 241 arae
1518 190 1526 244 2³·

118 264 296 305 7usum
339 262 387 301 et
427 258 727 314 religionem
770 260 968 313 optinet
1011 258 1309 313 puluinaris.
1377 269 1477 311 ergo
1520 259 1526 310 ζ

159 319 270 373 apud
294 317 541 360 Euandrum
567 317 735 371 quidem
766 317 816 358 fit
844 317 959 358 iusta
988 316 1153 371 libatio,
1184 316 1338 370 quippe
1369 314 1478 369 apud
1517 314 1526 367 ,j

159 391 253 417 eam
301 389 491 416 mensam
540 388 645 429 quae
695 389 791 416 cum
832 389 906 415 ara
946 374 1134 416 Maxima
1175 388 1292 415 more
1333 372 1480 427 utique
1513 378 1526 428 fl*

159 434 375 488 religionis
411 433 552 474 fuerat
587 432 779 474 dedicata
815 434 859 473 et
894 432 938 473 in
975 433 1070 474 luco
1102 433 1269 473 sacrato
1301 432 1344 471 et
1372 430 1482 471 inter
1518 422 1526 479 ‘1

159 492 254 545 ipsa
292 505 428 541 sacra,
464 491 510 531 in
547 490 699 544 quibus
737 490 1033 544 epulabantur3
1069 490 1116 530 in
1153 488 1348 531 conuiuio
1379 502 1480 530 uero
1517 481 1526 554 J

159 549 357 600 Didonis,
406 548 518 602 quod
566 550 737 589 tantum
782 548 947 602 regium
991 549 1176 601 constat,
1222 561 1309 588 non
1351 546 1480 587 etiam
1520 555 1526 604 ξ

161 622 328 649 sacrum
367 606 516 659 fuisse,
556 606 668 660 apud
706 605 934 647 humanam
974 619 1164 646 mensam
1203 605 1247 645 in
1284 603 1482 656 triclinio,
1520 605 1526 647 ἐ

159 680 248 707 non
283 666 329 706 in
359 665 537 718 templo,
574 664 672 717 quia
709 678 793 705 non
825 665 917 704 erat
945 663 1146 717 religiosa
1177 662 1250 703 sed
1279 665 1483 715 usurpata
1501 653 1526 728 ιζ

162 723 323 778 libatio,
354 723 488 764 solam
520 722 623 763 fecit
652 721 808 762 libasse
839 721 1048 775 reginam,
1077 721 1123 761 in
1154 720 1271 762 cuius
1302 733 1483 773 persona
1518 729 1526 764 ,1,

161 782 278 822 nulla
304 780 611 822 obseruationis
636 779 867 820 necessitas
894 781 936 820 et
959 779 1094 820 multa
1119 778 1171 819 ad
1194 777 1481 832 usurpandum

120 840 205 884 Sin
235 840 447 894 potestate
478 837 714 891 permissio.
775 839 820 878 at
851 850 951 878 uero
982 836 1050 877 hic
1520 817 1526 877 5³

1055 930 1201 958 omnes

292 978 338 1018 in
369 990 558 1017 mensam
589 975 694 1017 laeti
725 975 863 1017 libant
893 974 1095 1029 diuosque
1126 975 1350 1028 precantur
1503 977 1526 1028 ιζ

160 1060 275 1114 quia,
316 1057 428 1112 quod
466 1058 580 1098 recte
617 1056 708 1097 fieri
743 1058 923 1097 nouerat
960 1056 1012 1096 ab
1052 1055 1246 1097 omnibus
1286 1054 1411 1095 simul
1441 1053 1485 1095 in
1519 1038 1526 1092 ἶ

159 1116 320 1170 templo
377 1114 667 1169 epulantibus,
727 1116 769 1154 et
823 1113 895 1155 uni
951 1115 1140 1154 sacratae
1195 1111 1484 1153 adsidentibus

120 1179 145 1219 9
166 1187 335 1216 mensae
365 1173 527 1214 factum
558 1186 650 1213 esse
680 1171 943 1213 memorauit.
1004 1170 1053 1211 de
1083 1171 1157 1211 illo
1189 1172 1329 1211 autem
1359 1183 1485 1210 uersu

323 1254 390 1295 cui
420 1256 467 1294 tu
497 1253 609 1294 lacte
640 1252 762 1293 fauos
796 1255 837 1293 et
869 1251 963 1292 miti
995 1251 1108 1292 dilue
1138 1250 1322 1304 Baccho,

160 1336 322 1391 paucis,
360 1333 471 1388 quod
507 1334 618 1375 male
650 1334 892 1386 accusatur,
923 1332 1155 1374 absoluam.
1213 1332 1342 1385 poeta
1373 1330 1484 1371 enim
1515 1327 1519 1347 ³

162 1407 293 1448 aeque
331 1393 377 1434 in
417 1392 543 1433 rebus
585 1391 801 1432 doctrinae
842 1393 885 1431 et
923 1391 968 1432 in
1007 1390 1148 1431 uerbis
1187 1390 1369 1431 sectator
1405 1388 1485 1429 ele·
1516 1401 1526 1432 i,

163 1451 352 1506 gantiae,
407 1451 543 1491 sciens
593 1447 737 1490 Cereri
790 1449 928 1490 mulso
976 1447 1118 1498 libari,
1174 1446 1328 1488 adiecit
1374 1445 1485 1487 miti

164 1509 361 1551 Baccho
388 1507 532 1549 fauos
558 1507 695 1548 dilue
721 1507 880 1548 scilicet
903 1506 1123 1547 mitescere
1154 1505 1300 1546 uinum
1331 1503 1486 1557 dicens,
1516 1548 1522 1556 s

96 1571 150 1612 10
165 1582 260 1609 cum
285 1566 468 1608 mulsum
494 1564 681 1619 coeperit
704 1564 810 1606 fieri.
868 1579 966 1605 nam
998 1563 1060 1605 ita
1089 1563 1159 1605 hic
1189 1562 1307 1604 mite
1337 1561 1484 1602 uinum
1510 1586 1515 1609 4

163 1625 283 1679 dixit,
312 1626 361 1665 ut
391 1623 493 1665 alibi
523 1623 584 1664 ait
614 1622 852 1663 domitum

278 1708 320 1746 et
352 1705 501 1745 durum
531 1702 688 1744 Bacchi
720 1703 931 1744 domitura
962 1715 1167 1755 saporem.

162 1790 309 1829 notum
351 1787 492 1827 autem
532 1798 623 1825 esse
663 1797 749 1825 non
789 1783 1044 1836 diffitebere,
1089 1782 1200 1836 quod
1241 1796 1276 1822 a.
1307 1781 1344 1822 d.
1385 1780 1485 1821 duo·
1518 1814 1520 1816 ,

259 1950 302 1980 14
326 1946 415 1979 Aen.
435 1943 521 1978 VIII
547 1947 614 1979 278
686 1946 730 1978 25
757 1942 885 1987 Georg.
911 1942 980 1976 IIII
1006 1945 1072 1977 102
1514 1839 1526 1958 1

258 2100 276 2129 1
303 2094 381 2139 ipsa
404 2094 441 2129 P
555 2093 646 2128 solet
670 2092 720 2128 P'
833 2096 853 2127 3
879 2092 1022 2127 obtmet
1044 2091 1081 2126 P
1196 2094 1216 2125 9
1242 2090 1412 2125 triclinoo
1438 2085 1485 2123 P'

165 2140 703 2270 ΞέτέῠξὲΒἋΧῗξέἕιὲῡὲΡ
740 2138 901 2221 Ξὸὴὲῗξιῖ
924 2138 976 2219 ,ξ’
1039 2141 1100 2219 2236
1108 2137 1236 2218 ϋξὲξὶξι
1252 2136 1296 2218 11))
1369 2135 1488 2218 ἓξὲξ

190 2245 262 2270 1em
1508 2243 1510 2247 v
