1526 2444
160 65 245 107 314
672 63 770 99 SAT.
795 63 920 99 mem
947 64 973 98 v
1508 0 1526 114 i

248 172 292 212 οἳ
321 167 358 211 δ’
391 166 649 222 Ἀσπληδόν’
686 170 844 224 ἔναιον,

248 231 293 270 οἳ
320 225 359 268 δ’
395 226 591 280 Εὔβοιαν
622 227 736 281 ἕχον,

249 287 294 327 οἳ
321 283 358 326 τ’
384 283 541 337 ’Ἀργος
571 281 607 325 τ’
643 281 762 339 εἶχον
799 285 997 338 Τίρυνθά
1026 300 1084 338 τε,

247 344 292 385 οἵ
319 339 354 384 τ’
390 339 509 396 εἶχον
539 342 692 396 κοιλὴν
723 343 1030 397 Λακεδαίμονα
1059 344 1318 396 κητώεσσαν.

91 426 145 468 15
158 425 227 466 hic
277 426 419 465 autem
460 423 600 464 uariat
642 423 760 464 uelut
802 423 980 465 dedecus
1023 426 1097 465 aut
1138 425 1296 466 crimen
1338 424 1479 466 uitans
1513 426 1526 492 ff

159 482 455 537 repetitionem
1519 506 1526 546 ᾗ

277 562 439 617 primus
469 561 549 602 init
579 562 736 603 bellum
767 561 997 615 Tyrrhenis
1029 576 1151 617 asper
1183 563 1235 604 ab
1267 562 1364 616 oris,

275 621 389 662 filius
421 620 518 661 huic
551 619 671 660 iuxta
700 619 862 661 Lausus
1522 611 1526 655 1

278 680 376 732 post
405 677 484 718 hos
515 677 726 732 insignem
756 677 872 719 fama
901 692 977 732 per
1007 678 1201 732 gramina
1233 692 1412 732 currum,
1520 717 1526 737 ¹

275 739 366 777 tum
398 735 559 788 gemini
590 735 756 789 fratres,
1499 741 1526 789 ι(

275 808 352 835 nec
381 792 685 834 Praenestinae
716 793 927 847 fundator,
1519 791 1526 850 1

276 854 320 893 at
350 851 570 904 Messapus
602 865 754 917 equum
786 851 979 906 domitor,
1518 851 1526 887 i

276 923 369 951 ecce
402 907 656 950 Sabinorum
687 909 826 963 prisco
859 908 908 950 de
941 909 1158 964 sanguine,
1519 893 1526 943 4

275 967 345 1009 hic
376 966 749 1021 Agamemnonius,

276 1027 319 1066 et
347 1027 390 1066 te
422 1027 656 1077 montosae,
1499 1040 1512 1065 1

277 1083 381 1137 quin
411 1084 455 1123 et
483 1081 702 1123 Marrubia
732 1081 850 1123 uenit
881 1081 931 1123 de
963 1084 1089 1136 gente
1122 1081 1330 1134 sacerdos,

275 1142 368 1182 ibat
398 1143 440 1182 et
470 1139 696 1195 Hippolyti
727 1140 882 1195 proles.

92 1226 144 1267 16
158 1223 236 1265 has
274 1221 419 1276 copias
457 1220 639 1262 fortasse
675 1222 799 1274 putat
836 1220 988 1274 aliquis
1026 1219 1194 1261 diuinae
1225 1219 1288 1261 illi
1319 1219 1480 1274 simpli-

159 1281 278 1323 citati
314 1278 629 1333 praeferendas,
672 1278 744 1319 sed
786 1279 927 1319 nescio
967 1292 1048 1332 quo
1086 1277 1210 1319 modo
1248 1277 1481 1319 Homerum

157 1338 354 1392 repetitio
390 1337 465 1377 illa
500 1336 628 1378 unice
662 1336 799 1377 decet:
839 1338 904 1377 est
933 1336 1105 1390 ingenio
1137 1335 1301 1390 antiqui
1330 1338 1480 1389 poetae

159 1397 290 1452 digna
314 1394 703 1448 enumerationique
729 1394 997 1446 conueniens,
1029 1393 1175 1447 quod
1163 1408 1207 1434 in
1232 1394 1338 1447 loco,
1365 1407 1481 1435 mera

158 1454 332 1497 nomina
374 1453 605 1506 relaturus,
648 1466 732 1493 non
772 1427 1013 1493 incuruauit
1044 1465 1106 1506 se,
1148 1465 1283 1506 neque
1319 1451 1481 1493 minute

159 1512 287 1554 torsit
334 1510 574 1552 deducendo
625 1510 770 1551 stilum
817 1524 894 1563 per
936 1509 1199 1564 singulorum
1241 1510 1482 1563 uarietates,

161 1571 232 1612 sed
264 1572 352 1612 stat
381 1570 426 1610 in
460 1567 761 1610 consuetudine
789 1568 1126 1621 pel-censentium
1156 1569 1375 1621 tamquam
1407 1581 1482 1621 per

161 1629 293 1670 aciem
343 1626 573 1680 dispositos
618 1639 883 1679 enumerans,
933 1625 1044 1679 quod
1086 1639 1171 1666 non
1214 1623 1309 1666 aliis
1353 1639 1479 1678 quam

93 1689 143 1730 17
159 1699 449 1730 numerorum⁴
483 1684 532 1725 fit
579 1684 809 1725 uocabulis.
887 1686 929 1724 et
977 1687 1119 1724 tamen
1169 1683 1356 1737 egregie,
1409 1682 1508 1738 ubi,

161 1746 339 1798 oportet,
370 1743 420 1784 de
451 1742 692 1784 nominibus
725 1741 877 1783 ducum
907 1741 1045 1782 uariat

255 1895 344 1926 1—4
368 1891 409 1925 Il.
432 1892 457 1925 Β
477 1893 554 1926 511.
575 1893 653 1924 536.
680 1892 758 1924 559.
779 1892 846 1923 581
924 1892 1037 1924 7-17
1063 1888 1170 1932 Verg.
1194 1888 1283 1925 Aen.
1309 1888 1377 1923 VII
1401 1892 1480 1924 647.

161 1941 239 1974 649.
266 1943 343 1973 655.
372 1941 448 1972 670.
475 1939 552 1971 678.
580 1941 657 1971 691.
686 1939 763 1971 706.
791 1938 868 1970 723.
896 1939 971 1970 744.
1000 1939 1077 1971 750.
1105 1938 1170 1969 761

254 2081 272 2111 1
299 2076 538 2111 ΑΕΤΔΝΔΟΝ
565 2075 602 2110 P
668 2078 688 2108 3
716 2075 846 2109 ΙΡΥΝΟ
871 2074 953 2108 ΑΤΕ
972 2074 1008 2108 Ρ
1073 2078 1094 2107 4
1119 2074 1228 2108 ΛΑΚΕ
1255 2074 1426 2108 ΔΑΙΜΟΑ
1448 2072 1484 2107 P

162 2124 407 2159 ΚΕΤΑΕΕΕΑΝ
437 2123 472 2156 P
565 2125 584 2156 7
609 2132 648 2155 m
672 2121 711 2155 1d
736 2121 772 2155 P
864 2119 1008 2154 tirrenil'
1031 2120 1068 2154 P
1166 2124 1206 2154 13
1231 2119 1407 2164 sangumo
1433 2115 1495 2165 P'¹

163 2176 203 2206 17
230 2170 378 2216 ippoliti
402 2169 438 2203 P
509 2171 551 2202 18
576 2167 722 2212 puta*t
747 2169 784 2211 (n
809 2167 912 2211 eras.)
939 2166 976 2200 P
1043 2166 1179 2214 dmilne
1206 2166 1243 2200 P
1311 2168 1355 2200 20
1380 2174 1482 2210 repe-

84 2282 87 2284 ·
159 2265 248 2299 ticio
276 2263 312 2298 P
381 2227 570 2307 Cstmgemo
594 2259 631 2294 P
699 2260 843 2304 aqtiqul
870 2258 920 2293 1³¹
992 2262 1035 2294 22
1061 2269 1142 2303 neq.
1167 2269 1279 2304 supra
1303 2268 1369 2294 ser.
1395 2258 1432 2293 P
