1474 2482
78 415 100 455 7

62 817 105 858 ΙΙ

77 1338 104 1378 2

81 1856 108 1897 3

122 135 147 175 6
631 132 734 167 SAT.
757 131 886 166 LIBRI
910 132 925 166 I

121 240 303 282 secundo
341 239 526 280 aduentu
563 238 743 279 Athenis
780 239 987 291 morante,
1026 251 1130 291 quos
1172 238 1305 279 multo
1343 239 1438 278 ante

119 297 289 339 infamis
315 298 389 338 illa
406 297 651 350 pestilentia
670 295 942 336 Atheniensis
962 295 1264 348 absumpserat.
1307 309 1439 335 annos

121 369 220 410 ergo
241 355 480 396 coeuntium
506 355 618 395 mitti
642 354 686 394 in
712 353 868 407 digitos
894 354 1082 406 exemplo
1101 352 1291 394 Platonis
1316 352 1440 393 nobis

126 414 383 468 suffragante
413 426 500 453 non
531 411 737 452 conuenit.
786 425 868 465 quo
901 413 1040 451 autem
1065 411 1230 451 facilius
1255 424 1362 463 quae
1387 410 1440 451 ab

123 471 316 512 omnibus
343 470 455 511 dicta
475 472 573 510 sunt
593 483 794 523 apparere
813 483 861 510 ac
881 468 1040 509 secerni
1058 470 1246 522 possent,
1265 467 1442 508 Decium

121 529 170 569 de
214 528 508 580 Postumiano,
558 528 728 580 quinam
772 526 844 567 ille
889 540 1025 567 sermo
1069 528 1142 566 aut
1184 526 1296 566 inter
1338 539 1442 578 quos

120 586 289 639 fuisset,
332 585 619 626 sciscitantem
656 584 843 625 fecimus.
910 586 952 624 et
987 597 1039 624 ne
1077 583 1233 624 diutius
1270 583 1442 624 lectoris

120 643 328 685 desideria
371 657 601 695 moremur,
642 643 727 683 iam
763 641 882 683 Decii
919 643 961 682 et
995 640 1261 682 Postumiani
1303 654 1442 681 sermo

119 702 262 755 palam
292 701 419 742 faciet
450 715 555 754 quae
586 700 710 740 huius
743 699 943 754 colloquii
972 699 1040 739 vel
1072 699 1191 752 origo
1219 698 1348 739 fuerit
1373 698 1442 739 uel

121 759 221 800 ordo
253 758 517 812 processerit.
1461 774 1474 798 1

241 816 395 858 Decius
428 815 669 869 ‘temptanti
699 814 817 867 mihi,
846 813 1140 867 Postumiane,
1178 813 1315 853 aditus
1346 814 1443 853 tuos

125 876 167 915 et
208 874 464 915 mollissima
501 872 756 914 consultanti
793 875 985 926 tempora
1027 870 1247 912 commodo
1292 870 1446 911 adsunt

122 932 270 984 feriae,
309 946 412 986 quas
442 932 637 985 indulget
667 943 822 985 magna
851 944 948 983 pars
979 929 1136 970 mensis
1167 927 1272 969 Iano
1305 927 1445 969 dicati.

123 991 272 1031 ceteris
304 990 415 1030 enim
445 989 577 1030 ferme
608 989 755 1030 diebus
787 988 857 1041 qui
887 986 1134 1040 perorandis
1160 986 1298 1027 causis
1325 999 1445 1039 opor-

124 1049 217 1088 tuni
255 1050 370 1101 sunt,
405 1047 511 1088 hora
548 1047 717 1088 omnino
754 1045 957 1099 repperiri
992 1044 1111 1085 nulla
1145 1045 1305 1097 potest,
1343 1043 1474 1097 quini

122 1109 292 1146 tuorum
317 1105 519 1146 clientum
544 1105 718 1158 negotia
742 1103 811 1145 uel
831 1102 1032 1143 defendas
1057 1102 1103 1142 in
1126 1101 1219 1142 foro
1245 1101 1313 1141 uel
1333 1101 1447 1141 domi

124 1163 335 1204 discutias.
390 1177 502 1203 nunc
533 1164 675 1203 autem
707 1185 761 1190 —-
794 1161 879 1202 scio
910 1162 953 1201 te
984 1159 1096 1200 enim
1127 1173 1211 1200 non
1242 1158 1342 1199 ludo
1373 1158 1446 1199 sed

125 1221 234 1262 serio
265 1221 409 1261 feriari
434 1244 488 1249 ——
516 1220 552 1261 si
583 1222 647 1260 est
677 1219 941 1260 commodum
971 1217 1236 1270 respondere,
1266 1216 1309 1256 id
1334 1216 1446 1270 quod

125 1281 326 1332 rogatum
357 1278 494 1332 uenio,
524 1277 604 1318 tibi
635 1277 730 1330 ipsi,
761 1278 966 1330 quantum
998 1275 1192 1327 arbitror,
1224 1288 1308 1314 non
1339 1273 1445 1314 iniu-

126 1336 317 1390 cundum,
343 1335 448 1376 mihi
472 1349 574 1376 uero
601 1334 893 1389 gratissimum
910 1332 1072 1374 feceris.
1115 1331 1283 1385 requiro
1305 1334 1444 1372 autem
1464 1349 1474 1374 ε

126 1395 201 1435 abs
233 1396 275 1434 te
307 1394 350 1434 id
380 1394 582 1447 primum,
619 1391 913 1433 interfuerisne
944 1389 1139 1431 conuiuio
1171 1403 1245 1443 per
1275 1389 1446 1442 conplu—

124 1452 263 1493 sculos
289 1451 377 1491 dies
403 1450 604 1492 continua
629 1449 830 1491 comitate
855 1450 1072 1502 renouato,
1104 1447 1224 1500 eique
1253 1446 1447 1499 sermoni,

123 1523 247 1563 quem
300 1508 545 1562 praedicare
596 1508 641 1548 in
689 1507 836 1561 primis
886 1519 1094 1560 quemque
1143 1505 1254 1558 apud
1302 1518 1446 1545 omnes

124 1567 318 1608 maximis
356 1580 507 1607 ornare
546 1564 742 1606 laudibus
774 1563 952 1605 diceris?
1014 1577 1137 1617 quem
1169 1561 1337 1615 quidem
1369 1575 1447 1616 ego

124 1639 174 1666 ex
217 1627 338 1678 patre
382 1623 610 1675 audissem,
651 1623 736 1663 nisi
772 1624 870 1675 post
905 1621 980 1662 illa
1016 1620 1213 1662 conuiuia
1252 1619 1474 1662 Romanas

123 1682 338 1735 profectus
364 1681 545 1735 Neapoli
575 1682 828 1721 moraretur:
861 1679 954 1720 aliis
979 1692 1078 1719 vero
1110 1691 1244 1730 nuper
1274 1676 1447 1718 interfui

127 1739 432 1780 admirantibus
463 1739 691 1779 memoriae
716 1740 814 1779 tuae
839 1737 962 1790 uires,
992 1736 1191 1777 uniuersa
1216 1749 1322 1789 quae
1347 1737 1448 1776 tunc

129 1797 244 1838 dicta
275 1799 373 1837 sunt
402 1811 477 1850 per
508 1797 697 1837 ordinem
728 1809 853 1849 saepe
883 1792 1132 1835 referentis?

243 1854 544 1895 Postumianus
581 1853 677 1895 ‘hoc
712 1868 861 1908 unum,
903 1852 1024 1905 Deci,
1065 1850 1189 1893 nobis
1229 1875 1283 1880 —
1321 1853 1369 1891 ut
1406 1852 1449 1891 et

223 1978 240 2008 1
268 1975 472 2009 morantem
501 1973 537 2007 P
607 1973 692 2007 ante
717 1983 783 2007 om.
809 1969 855 2007 B'
928 1975 948 2006 2
973 1970 1040 2005 illa
1063 1972 1105 2005 in
1128 1981 1198 2005 ras.
1223 1971 1264 2005 in
1281 1970 1317 2004 P
1385 1969 1450 2003 ab-

128 2021 302 2065 sfipserat
323 2031 364 2065 p:
392 2018 600 2063 adsfipserat
622 2023 664 2053 ut
687 2019 764 2053 uid.
790 2019 834 2062 P,
859 2017 1068 2052 assumserat
1092 2018 1128 2052 B
1217 2020 1237 2051 6
1263 2016 1308 2050 de
1331 2026 1396 2050 om.
1417 2016 1455 2050 P

130 2071 148 2101 7
174 2066 305 2102 lectori
325 2063 371 2100 P'
445 2069 465 2099 9
491 2065 574 2099 hius
586 2064 633 2099 B'
707 2069 748 2098 11
776 2065 807 2098 D
829 2065 873 2108 P,
900 2063 1033 2098 Decius
1052 2064 1115 2098 Pm
1138 2064 1238 2097 etsie
1253 2073 1387 2106 semper
1405 2062 1450 2104 P,

126 2112 159 2146 D
182 2132 189 2139 ·
209 2123 288 2157 sup.
314 2113 447 2147 lineam
470 2112 554 2146 add.
579 2112 614 2144 B
688 2115 731 2145 12
757 2110 913 2149 cfimodo
937 2111 982 2154 P,
1006 2109 1189 2154 quomodo
1213 2109 1248 2142 B
1298 2112 1340 2142 13
1365 2118 1449 2142 iano

122 2170 164 2204 p,
188 2158 262 2193 iaso
286 2160 376 2203 (nisi
398 2158 521 2202 fallor)
546 2157 582 2191 P
662 2161 705 2191 15
733 2168 796 2192 ora
823 2155 869 2191 P'
953 2156 1162 2200 quintorum
1186 2152 1233 2189 B'
1312 2157 1355 2188 17
1382 2154 1450 2188 dif-

128 2216 189 2240 cas
214 2205 251 2240 B
322 2208 365 2239 19
390 2204 628 2239 iniocundum
653 2204 684 2246 b,
709 2203 907 2238 locundum
925 2203 962 2238 B
1033 2205 1076 2236 23
1100 2199 1282 2245 imprimis
1297 2201 1333 2235 B
1404 2204 1448 2235 27

129 2274 409 2309 ammirantibus
429 2273 464 2308 P
548 2255 778 2319 memonaSZ}
803 2273 839 2307 B
922 2275 965 2307 29
991 2272 1019 2307 P
1044 2272 1088 2315 P,
1111 2269 1366 2306 postumianus
1387 2270 1450 2304 Pm

127 2324 161 2355 et
183 2322 236 2356 sic
258 2331 392 2365 semper
418 2321 463 2364 P,
488 2331 544 2355 om
567 2319 602 2355 B
673 2318 747 2354 dici
772 2320 792 2354 b
