1526 2444
127 74 211 116 150
630 75 732 111 SAT.
756 75 885 112 LIBRI
908 77 943 111 II

121 194 208 222 non
238 181 566 235 respondentem
592 181 728 223 dicere
761 182 928 224 solebat
959 196 1110 236 opera
1141 185 1190 224 et
1220 183 1447 238 impensa

122 239 288 292 periit.
356 239 583 292 aliquando
626 242 769 281 tamen
812 254 963 282 coruus
1007 241 1146 295 coepit
1187 241 1324 283 dicere
1365 241 1446 283 dic·

122 298 259 337 tatam
285 297 596 338 salutationem.
646 296 726 338 hac
751 298 895 340 audita
921 298 1021 339 dum
1045 299 1202 340 transit
1227 299 1445 353 Augustus

123 354 343 407 respondit
375 354 502 395 satis
534 354 666 395 domi
696 355 1034 397 salutatorum
1064 356 1244 397 talium
1274 356 1444 398 habeo.

123 412 332 465 superfuit
363 426 491 454 coruo
522 412 743 466 memoria,
773 415 822 454 ut
853 415 895 454 et
924 414 1014 468 illa,
1046 414 1196 468 quibus
1229 414 1443 456 dominum
1479 429 1496 455 5

123 472 368 523 querentem
406 470 570 511 solebat
607 469 768 524 audire,
806 471 1047 513 subtexeret
1085 485 1236 526 opera
1275 474 1323 513 et
1356 471 1446 512 im-

121 541 276 580 pensa
317 527 485 582 periit.
546 527 599 568 ad
644 527 755 581 quod
793 526 949 570 Caesar
990 528 1085 570 risit
1121 529 1285 583 emique
1323 543 1446 570 auem

120 585 246 626 iussit
277 585 424 639 quanti
453 585 613 627 nullam
645 585 780 627 adhuc
812 589 982 628 emerat.

51 642 104 683 31
238 641 412 684 Solebat
437 643 705 685 descendenti
729 658 754 685 a
779 643 947 686 Palatio
968 643 1139 686 Caesari
1162 644 1443 685 honorificum
1510 687 1511 690 ,

121 700 294 755 aliquod
314 701 576 756 epigramma
594 701 809 755 porrigere
830 701 1072 743 Graeculus.
1109 701 1152 743 id
1171 715 1266 743 cum
1278 702 1441 742 frustra
1459 717 1493 743 10
1510 718 1511 722 ¹

121 772 246 812 saepe
276 759 459 812 fecisset,
489 773 738 813 rursumque
770 773 864 800 eum
891 759 1003 800 idem
1027 759 1238 801 facturum
1263 759 1442 801 uidisset

120 814 352 881 Augustus,
375 816 503 858 breue
528 831 604 858 sua
628 831 755 858 manu
780 817 823 858 in
848 817 994 859 charta
1019 818 1209 859 exarauit
1234 816 1443 859 Graecum
1512 839 1514 841 ·

121 874 394 928 epigramma,
425 875 617 929 pergenti
649 874 797 916 deinde
829 875 881 916 ad
912 889 956 916 se
989 875 1158 916 obuiam
1185 875 1312 916 misit.
1366 874 1440 915 ille

120 932 298 985 legendo
336 932 525 986 lau-dare,
561 932 705 974 mirari
741 935 829 974 tam
859 946 962 974 uoce
994 947 1121 998 quam
1151 933 1291 987 uultu,
1330 946 1443 973 cum-

121 1003 201 1044 que
232 990 480 1032 accessisset
511 989 564 1031 ad
595 990 760 1043 sellam,
795 990 979 1032 demissa
1009 991 1054 1031 in
1085 991 1258 1032 fundam
1288 1003 1444 1044 paupe·
1464 1005 1498 1032 15

119 1061 209 1088 rem
235 1062 362 1089 manu
387 1061 544 1102 paucos
571 1047 766 1089 denarios
787 1048 966 1102 protulit
986 1062 1090 1102 quos
1109 1048 1293 1103 principi
1315 1048 1448 1101 daret,

121 1105 308 1147 adiectus
345 1105 415 1147 hic
452 1120 589 1147 sermo
627 1106 682 1159 νὴ
719 1105 798 1159 τὴν
837 1107 919 1160 σὴν
944 1106 1097 1160 τύχην,
1140 1103 1349 1160 Σεβαστέ·
1409 1105 1451 1145 εἰ

120 1161 251 1204 πλέον
283 1160 415 1218 εἶχον,
446 1162 581 1206 πλέον
612 1163 801 1205 ἐδίδουν.
851 1166 995 1205 secuto
1030 1164 1218 1205 omnium
1249 1163 1339 1204 risu
1365 1162 1448 1204 dis-

121 1223 390 1274 pensatorem
422 1220 580 1262 Caesar
609 1220 801 1276 uocauit,
833 1224 875 1263 et
907 1221 1100 1263 sestertia
1131 1224 1299 1263 centum
1330 1219 1448 1261 milia

122 1293 342 1320 numerare
374 1278 581 1321 Graeculo
612 1279 750 1320 iussit.
1466 1297 1503 1322 so

63 1335 104 1378 V
233 1336 378 1378 Vultis
423 1336 566 1391 aliqua
609 1340 650 1378 et
689 1337 804 1378 filiae
843 1337 931 1378 eius
968 1336 1102 1378 Iuliae
1140 1336 1254 1378 dicta
1289 1334 1444 1376 refera-

124 1394 245 1435 mus?
306 1395 379 1436 sed
411 1395 447 1436 si
478 1395 674 1450 garrulus
705 1409 791 1436 non
820 1395 1016 1448 putabor,
1046 1395 1147 1436 uolo
1180 1394 1230 1436 de
1255 1393 1445 1435 moribus

119 1451 302 1494 feminae
355 1466 493 1506 pauca
548 1453 837 1505 praemittere,
890 1454 936 1494 ni
986 1453 1209 1507 quisquam
1256 1452 1445 1493 uestrum

121 1510 280 1552 habeat
310 1511 419 1552 seria
451 1513 493 1552 et
519 1510 728 1564 discenda,
761 1524 868 1565 quae
893 1509 1108 1564 proferat'.
1156 1508 1446 1552 hortantibus-

121 1582 200 1622 que
231 1568 446 1622 omnibus,
476 1571 525 1610 ut
554 1571 704 1622 coepto
734 1568 967 1620 insisteret,
1002 1568 1064 1609 ita
1095 1560 1144 1608 de
1175 1567 1286 1608 Iulia
1318 1580 1439 1608 orsus
1461 1584 1502 1612 2⁵

80 1627 186 1667 2est
229 1625 402 1667 ‘annum
445 1626 599 1680 agebat
635 1625 897 1667 tricesimum
934 1629 977 1666 et
1012 1627 1227 1678 octauum,
1271 1627 1442 1678 tempus

122 1684 286 1738 aetatis,
317 1684 354 1725 si
386 1698 502 1725 mens
534 1698 637 1724 sana
668 1686 918 1737 superesset,
949 1682 1163 1738 uergentis
1195 1683 1240 1724 in
1265 1682 1443 1736 senium,
1507 1689 1511 1691 ”

121 1741 195 1782 sed
223 1741 487 1796 indulgentia
516 1743 606 1783 tam
637 1741 833 1782 fortunae
864 1755 990 1795 quam
1015 1741 1149 1794 patris
1177 1741 1443 1792 abutebatur,

121 1813 215 1840 cum
246 1799 433 1853 alioquin
456 1799 693 1841 litterarum
719 1813 838 1840 amor
863 1799 1078 1853 multaque
1105 1798 1298 1851 eruditio,
1329 1797 1442 1852 quod

121 1857 166 1898 in
205 1856 281 1898 illa
317 1857 442 1898 domo
479 1857 601 1898 facile
638 1859 746 1910 erat,
787 1859 1010 1911 praeterea
1046 1857 1161 1898 mitis
1198 1856 1440 1897 humanitas
1459 1873 1494 1900 ω

122 1914 376 1968 minimeque
414 1929 564 1956 saeuus
602 1914 766 1956 animus
800 1915 1018 1970 ingentem
1048 1914 1230 1956 feminae
1260 1913 1445 1968 gratiam
1504 1948 1507 1952 ,

122 1973 414 2023 conciliarent,
452 1973 722 2026 mirantibus,
759 1973 831 2026 qui
862 1973 968 2014 uitia
998 1973 1251 2026 noscebant,
1280 1972 1444 2012 tantam

81 2030 280 2084 3pariter
323 2030 629 2072 diuersitatem.
701 2044 788 2072 non
830 2031 960 2072 semel
1002 2031 1274 2084 praeceperat
1316 2030 1447 2084 pater,

216 2136 235 2166 2
263 2133 360 2176 cepit
384 2132 420 2166 B
507 2136 525 2167 7
552 2143 692 2168 au*em
718 2133 754 2167 B
841 2136 881 2167 11
907 2131 1057 2175 rursusq.
1083 2132 1120 2166 P
1196 2134 1238 2166 12
1263 2131 1366 2166 breui
1388 2131 1393 2175 1
1415 2130 1452 2165 P

125 2182 167 2213 13
194 2178 303 2212 obuia
330 2179 377 2212 ad
400 2178 436 2212 se
464 2178 500 2212 P
559 2183 600 2214 16
627 2177 796 2213 denorios
817 2177 862 2212 P‘
928 2182 969 2213 17
995 2178 1109 2213 sermo
1131 2179 1136 2222 Ι
1157 2188 1231 2212 non
1254 2177 1448 2212 secundnm
1501 2221 1502 2224 Ἰ

122 2224 238 2259 fatum
263 2226 368 2259 tuum
392 2225 544 2268 auguste
568 2225 595 2259 fi
621 2224 706 2269 plus
725 2225 900 2260 haberem
924 2223 1009 2269 plur
1030 2223 1154 2259 darem
1178 2224 1244 2259 ΜΗ
1272 2223 1308 2258 Β
1403 2225 1448 2258 18

122 2270 273 2315 sequuto
299 2271 335 2306 P
402 2274 446 2306 23
473 2271 608 2318 famine
634 2271 670 2306 Β
741 2282 786 2306 ne
813 2271 849 2306 P
916 2273 961 2307 25
987 2271 1096 2318 cepto
1122 2270 1158 2305 Ρ
1491 2279 1494 2281 ’
