1526 2444
645 55 696 91 Vl
722 59 835 99 3-‚11
900 41 906 46 ’
973 80 977 86 .
1332 54 1421 96 497

75 165 212 221 μονάς
247 164 288 207 id
328 166 394 207 est
429 162 574 206 unitas
594 163 785 219 fficitur,
823 165 866 205 et
896 177 989 206 mas
1029 162 1225 205 idem·et
1259 162 1420 205 femina

0 247 6 252 „
71 227 152 279 est,
182 238 261 280 par
285 223 399 266 idem
426 226 554 278 atque
579 222 731 277 impar,
763 223 854 277 ipse
879 237 968 265 non
992 236 1194 265 numerus
1222 221 1296 264 sed
1321 221 1420 263 fons

75 285 118 325 et
158 283 280 338 origo
323 296 610 324 numerorum.
678 281 783 323 haec
828 295 981 323 monas
1024 281 1195 323 initium
1236 280 1461 335 finisque8

0 385 3 399 ;
76 341 267 384 omnium
298 355 437 396 neque
468 342 562 396 ipsa
591 340 793 396 principii
820 342 894 382 aut
924 340 1035 382 finis⁴
1054 340 1191 383 sciens
1224 339 1278 382 ad
1310 354 1421 382 sum-

10 415 13 427 =·
40 414 58 440 5
76 415 194 443 mum
226 399 411 444 refertur
442 399 566 442 deum
593 399 767 454 eiusque
799 399 1066 441 intellectum
1099 413 1125 441 a
1144 399 1422 454 sequentium

74 462 252 502 numero
273 474 416 501 rerum
437 462 480 501 et
497 460 764 514 potestatum
786 460 1037 513 sequestrat,
1057 472 1136 500 nec
1155 458 1200 499 in
1218 457 1422 500 inferiore

75 521 178 573 post
202 518 327 560 deum
354 518 492 572 gradu
523 518 684 560 frustra
716 531 812 559 eam
837 517 1158 560 desideraueris.
1213 516 1320 558 haec
1344 516 1423 558 illa

77 580 143 619 est
174 591 294 618 mens
327 591 378 618 ex
405 591 573 619 summo
606 578 734 619 enata
765 576 857 630 deo,
889 590 998 631 quae
1028 577 1145 618 uices
1177 578 1423 630 temporum

76 635 272 678 nesciens
312 636 356 676 in
395 650 480 678 uno
514 649 699 690 semper,
738 635 851 690 quod
887 634 1025 687 adest,
1067 634 1266 677 consistit
1303 648 1424 688 aeuo,

25 708 59 735 10
68 707 256 749 ‘cumque
276 696 425 749 utpote
445 709 531 736 una
550 709 639 736 non
660 694 718 736 sit
736 694 833 748 ipsa
857 693 1150 748 numerabilis,
1176 694 1423 735 innumeras

77 755 222 795 tamen
268 767 472 808 generum
517 753 678 808 species
723 754 766 794 et
808 752 859 794 de
897 766 942 794 se
986 755 1104 794 creat
1134 754 1177 794 et
1218 751 1336 794 intra
1379 766 1424 793 se

78 812 282 854 continet.
347 811 454 855 inde
491 826 673 867 quoque
699 811 833 865 aciem
874 811 1100 866 paululum
1144 810 1526 870 cogitationis9

78 870 291 930 inclinans
322 870 434 913 hanc
460 870 685 912 monadem
710 869 927 924 repperies
960 869 1014 912 ad
1041 870 1231 912 animam
1262 869 1425 912 referri.
1499 873 1507 879 ‘

78 927 222 972 anima
266 929 379 971 enim
423 930 563 971 aliena
600 944 625 971 a
666 929 878 971 siluestris
922 928 1181 984 contagione
1219 928 1426 971 materiae
1460 958 1469 962 „

7 1001 60 1028 '15
77 990 247 1031 tantum
303 1002 347 1030 se
397 988 562 1031 auctori
613 1002 689 1030 suo
747 1002 796 1030 ac
846 987 928 1030 sibi
978 987 1135 1030 debens
1186 987 1427 1054 simplicem

78 1047 232 1089 sortita
273 1049 474 1089 naturam
511 1062 607 1090 cum
652 1062 697 1089 se
735 1046 992 1088 animandae
1029 1047 1299 1088 inmensitati
1335 1046 1429 1088 uni-

77 1106 298 1148 uersitatis
323 1105 532 1160 infundat,
562 1106 730 1148 nullum
754 1105 838 1148 init
861 1107 1007 1147 tamen
1035 1120 1132 1148 cum
1159 1120 1235 1148 sua
1259 1105 1425 1147 unitate

78 1165 321 1207 diuortium.
383 1164 517 1220 uides,
577 1167 626 1207 ut
685 1165 792 1207 haec
847 1179 999 1207 monas
1056 1167 1152 1207 orta
1207 1179 1233 1206 a
1286 1164 1428 1220 prima

77 1237 220 1266 rerum
271 1238 399 1266 causa
441 1238 575 1280 usque
625 1223 678 1265 ad
728 1223 916 1266 animam
961 1224 1119 1279 ubique
1163 1224 1334 1279 integra
1383 1225 1428 1265 et

25 1295 62 1323 ιο
80 1296 248 1338 semper
287 1282 508 1325 indiuidua
545 1283 910 1325 continuationem
947 1282 1178 1337 potestatis
1217 1282 1426 1324 obtineat.

77 1341 184 1384 haec
210 1341 262 1383 de
287 1341 470 1384 monade
497 1341 749 1397 castigatius
776 1355 904 1396 quam
932 1355 976 1383 se
1003 1341 1128 1397 copia
1154 1341 1427 1401 suggerebat.
1445 1342 1500 1384 10

78 1414 156 1443 nec
192 1402 236 1442 te
272 1400 536 1456 remordeat,
573 1400 686 1455 quod
726 1414 822 1442 cum
862 1400 978 1442 omni
1014 1414 1194 1443 numero
1226 1413 1427 1454 praeesse

78 1458 294 1514 uideatur,
331 1460 377 1501 in
422 1460 722 1502 coniunctione
759 1459 989 1514 praecipue
1034 1459 1268 1514 septenarii
1307 1472 1428 1514 prae-

10 1526 14 1528 '
79 1516 258 1560 dicetur:
295 1518 404 1560 nulli
437 1518 549 1560 enim
582 1519 725 1573 aptius
763 1518 959 1573 iungitur
988 1532 1139 1561 monas
1178 1518 1428 1572 incorrupta

11 1588 62 1617 ιε
81 1589 208 1631 quam
239 1577 411 1633 uirgini.
470 1577 569 1620 huic
602 1579 746 1619 autem
776 1591 973 1632 numero,
999 1577 1043 1619 id
1074 1579 1141 1619 est
1172 1576 1429 1632 septenario,
1447 1579 1504 1621 11

46 1633 186 1678 adeo
232 1636 403 1690 opinio
421 1636 686 1692 uirginitatis
727 1636 927 1691 inoleuit,
970 1639 1020 1679 ut
1071 1636 1218 1678 Pallas
1262 1649 1430 1691 quoque

83 1695 304 1738 uocitetur.
377 1709 479 1737 nam
522 1695 649 1752 uir'go
694 1695 897 1751 creditur,
941 1695 1062 1750 quia·
1082 1695 1247 1737 nullum
1293 1709 1344 1737 ex
1386 1708 1431 1736 se

79 1753 194 1808 parit
234 1767 462 1797 numerum
506 1755 767 1810 duplicatus,
809 1754 892 1810 qui
933 1754 1049 1796 intra
1093 1754 1317 1796 denarium
1364 1767 1433 1795 co-

16 1858 22 1866 ¹
82 1814 256 1868 artetur,
276 1827 401 1868 quem
422 1814 610 1868 primum
629 1813 812 1855 limitem
831 1815 1002 1855 constat
1022 1827 1115 1855 esse
1134 1826 1430 1855 numerorum:

0 1877 64 1928 1630
81 1871 229 1914 Pallas
271 1872 386 1927 ideo,
427 1873 528 1927 quia
565 1886 616 1914 ex
661 1872 794 1914 solius
841 1872 1037 1947 monadis
1074 1871 1165 1914 fetu
1202 1874 1244 1914 et
1286 1871 1433 1914 multi-

0 1938 30 1974 ι,-
82 1955 364 1959 —.-—.——.

0 1970 16 2019 ι
178 2015 196 2046 1
223 2011 368 2058 monas
392 2012 430 2046 P
534 2016 554 2047 2
581 2022 679 2057 par*
706 2013 800 2056 (fuit
825 2011 854 2054 s)
879 2012 915 2046 Β
1017 2012 1098 2059 sed]
1125 2011 1170 2047 1&
1195 2012 1231 2047 Β
1342 2014 1361 2046 7
1389 2022 1433 2046 ea

61 2057 215 2093 frustra
238 2043 294 2093 P
345 2062 367 2094 8
391 2060 482 2094 nata
507 2059 556 2094 B·
618 2063 658 2094 11
686 2061 759 2105 'gfzfi
786 2060 828 2094 in
845 2070 918 2095 ras.
938 2059 980 2095 in
999 2059 1036 2095 Β
1109 2063 1152 2094 12
1173 2059 1365 2095 contmeat
1386 2057 1431 2092 P‘
1449 2057 1453 2060 ”

85 2108 128 2140 13
154 2116 266 2141 mona
289 2105 326 2140 B
404 2106 566 2151 repenes
587 2106 624 2143 P
698 2105 799 2151 opsse
823 2106 952 2141 referri
980 2107 1016 2142 P
1095 2110 1138 2142 16
1165 2106 1260 2154 ande
1285 2107 1327 2141 in
1353 2115 1433 2141 ani-

83 2152 219 2210 mande
244 2153 287 2188 in
311 2163 383 2189 rac.
410 2154 452 2189 in
476 2153 513 2188 Β
594 2156 639 2188 20
665 2118 835 2198 oplimeat
858 2153 895 2188 B
974 2158 1018 2189 21
1046 2164 1155 2200 copia
1180 2154 1216 2188 B
1289 2157 1334 2188 22
1360 2154 1434 2187 ter-

83 2199 306 2246 remordeat
335 2200 372 2235 Β
516 2204 561 2236 23
594 2201 834 2236 conmixtione
866 2201 908 2247 P,
941 2201 1115 2248 cimntme
1148 2201 1246 2246 (iunt
1275 2201 1317 2236 in
1347 2212 1432 2241 r,as

0 2021 58 2444 ιι
84 2247 104 2281 ὃ
138 2220 224 2282 adei
254 2258 352 2283 man.
385 2248 464 2292 alt.)
496 2247 533 2282 B
676 2251 721 2283 26
754 2258 906 2293 oppmxo
938 2259 1030 2284 corr.
1063 2259 1108 2284 ex
1140 2249 1291 2293 optmeo
1324 2248 1365 2283 in
1398 2228 1442 2288 Β

85 2296 130 2328 27
157 2303 201 2328 ex
226 2305 264 2329 se
288 2284 404 2341 parit]
433 2305 478 2330 ex
502 2295 610 2340 parte
635 2294 671 2330 B
746 2297 792 2330 30
817 2294 907 2330 fletu
931 2295 968 2330 B

6 2386 38 2401 ι,
103 2386 108 2389 ,
156 2358 345 2405 Μιοιιοιιινε.
1106 2357 1149 2388 32
