1526 2444
133 76 215 117 186
632 75 730 111 SAT.
755 75 882 111 LIBRI
907 75 958 111 111

131 184 173 224 et
215 182 387 236 reliqua.
466 181 653 223 seruauit
702 182 813 224 enim
861 195 1090 238 regnorum
1135 175 1507 235 successionem,'-

130 240 284 294 quippe
325 239 453 293 primi
496 242 784 294 regnauerunt
822 239 981 294 Latini,
1024 240 1173 281 deinde
1213 239 1372 281 Albani
1413 241 1456 281 et
1508 236 1509 240 ’

129 298 226 339 inde
266 297 460 338 Romani.
529 297 623 339 ideo
666 311 769 339 mos
814 300 923 339 erat
964 298 1150 351 primum
1193 297 1317 351 dixit,
1361 297 1454 338 He-

131 355 299 409 sperio
331 356 383 396 in
413 353 580 409 Latio,
617 358 660 396 et
688 359 840 410 postea
871 369 1011 409 quem
1042 355 1274 409 protinus
1306 356 1455 397 urbes

131 413 358 454 Albanae
407 413 607 455 coluere
650 427 862 466 sacrum,
911 413 1060 454 deinde
1105 413 1286 455 subiecit
1326 427 1455 455 nunc
1490 432 1507 460 ο

131 471 348 512 maxima
378 484 541 512 rerum
572 470 725 512 Roma
756 470 891 512 colit.

60 550 188 593 VIIII
305 551 533 593 Excessere
565 565 710 593 omnes
743 551 880 606 adytis
912 551 1080 605 arisque
1109 551 1266 593 relictis

307 609 366 662 di,
398 609 550 663 quibus
581 609 804 663 imperium
835 609 916 651 hoc
946 611 1132 650 steterat.

130 692 173 731 et
207 690 259 731 de
295 690 588 732 uetustissimo
619 689 911 732 Romanorum
947 703 1064 731 more
1101 692 1144 731 et
1179 690 1230 731 de
1261 690 1456 732 occultis-

90 749 116 790 2
134 747 251 789 simis
278 748 408 789 sacris
433 762 517 790 uox
541 748 625 789 ista
649 749 816 802 prolata
841 750 916 789 est.
977 749 1145 790 constat
1169 748 1281 789 enim
1308 762 1453 790 omnes
1473 769 1487 793 1

131 806 256 847 urbes
296 806 341 846 in
381 805 560 847 alicuius
600 805 666 847 dei
705 820 796 847 esse
834 805 984 860 tutela,
1027 819 1270 860 moremque
1300 805 1455 848 Roma-

131 877 284 904 norum
329 878 528 905 arcanum
573 866 615 904 et
654 864 799 905 multis
841 863 1037 918 ignotum
1079 863 1210 905 fuisse
1252 866 1317 918 ut,
1360 877 1455 905 cum

132 920 375 962 obsiderent
416 922 565 962 urbem
606 921 812 975 hostium,
855 935 1029 976 eamque
1071 922 1155 962 iam
1197 922 1291 975 capi
1329 935 1455 975 posse
1503 921 1507 924 ’

132 979 411 1032 confiderent,
453 981 568 1020 certo
611 980 795 1020 carmine
837 981 1061 1021 euocarent
1101 979 1303 1020 tutelares
1344 979 1456 1034 deos,

133 1037 244 1091 quod
282 1039 356 1078 aut
393 1037 517 1078 aliter
553 1037 701 1078 urbem
737 1037 832 1091 capi
863 1051 987 1091 posse
1018 1051 1104 1078 non
1135 1037 1351 1078 crederent
1382 1039 1455 1078 aut
1473 1055 1506 1083 ιε

132 1095 280 1148 etiam,
322 1095 357 1136 si
388 1097 551 1149 posset,
582 1094 702 1136 nefas
735 1095 1012 1136 aestimarent
1041 1095 1141 1137 deos
1172 1095 1327 1136 habere
1358 1108 1455 1150 cap-

92 1153 257 1195 3tiuos.
317 1167 416 1193 nam
442 1155 669 1207 propterea
699 1152 782 1207 ipsi
807 1152 991 1194 Romani
1022 1154 1064 1193 et
1095 1152 1232 1207 deum,
1260 1153 1305 1193 in
1336 1153 1454 1194 cuius

132 1211 268 1252 tutela
298 1210 397 1251 urbs
423 1210 559 1251 Roma
589 1213 665 1264 est,
696 1214 738 1252 et
768 1211 901 1264 ipsius
931 1210 1049 1252 urbis
1075 1209 1272 1251 Latinum
1301 1224 1456 1252 nomen
1502 1254 1504 1256 ,

89 1268 328 1323 4ignotum
359 1282 449 1309 esse
480 1269 715 1310 uoluerunt.
785 1268 858 1309 sed
891 1268 956 1310 dei
988 1268 1155 1322 quidem
1186 1282 1340 1310 nomen
1370 1282 1455 1310 non

130 1326 258 1368 nullis
300 1327 570 1380 antiquorum
609 1326 709 1367 licet
746 1326 858 1368 inter
897 1340 942 1367 se
978 1325 1288 1380 dissidentium,
1332 1326 1454 1368 libris
1471 1345 1488 1370 2

130 1385 307 1426 insitum
345 1387 386 1425 et
422 1384 516 1425 ideo
554 1386 725 1426 uetusta
761 1385 1130 1439 persequentibus,
1167 1383 1366 1438 quicquid
1403 1384 1453 1426 de

130 1442 212 1484 hoc
241 1444 432 1496 putatur,
471 1442 669 1483 innotuit.
739 1442 813 1483 alii
843 1443 955 1483 enim
987 1441 1155 1484 Iouem
1187 1442 1454 1484 crediderunt

131 1500 203 1541 alii
234 1499 439 1550 Lunam,
478 1502 578 1541 sunt
616 1500 688 1554 qui
719 1498 1055 1555 Angeronam‚
1097 1513 1203 1554 quae
1234 1499 1368 1554 digito
1400 1499 1454 1541 ad

131 1571 178 1599 os
221 1558 390 1600 admoto
435 1558 650 1599 silentium
694 1558 931 1608 denuntiat,
975 1558 1047 1599 alii
1090 1559 1232 1599 autem
1274 1571 1453 1611 quorum

129 1616 232 1657 fides
274 1615 379 1656 mihi
422 1615 586 1657 uidetur
624 1615 801 1670 firmior,
845 1615 996 1670 Opem
1033 1615 1324 1657 Gonsiuiam
1361 1629 1487 1659 esses

87 1673 335 1715 5dixerunt.
419 1673 556 1728 ipsius
604 1687 705 1715 uero
754 1673 872 1714 urbis
919 1687 1074 1715 nomen
1123 1673 1251 1714 etiam
1300 1673 1453 1714 doctis-

130 1731 247 1772 simis
287 1731 531 1786 ignoratum
575 1732 657 1785 est,
699 1731 946 1772 canentibus
982 1730 1206 1785 Romanis,
1248 1745 1301 1772 ne
1341 1730 1453 1785 quod

130 1803 256 1842 saepe
306 1789 507 1830 aduersus
556 1788 681 1830 urbes
724 1788 911 1830 hostium
953 1789 1103 1831 fecisse
1146 1803 1191 1830 se
1232 1791 1454 1843 nouerant,

129 1846 241 1888 idem
291 1847 373 1900 ipsi
423 1860 584 1901 quoque
626 1846 774 1888 hostili
817 1847 1063 1889 euocatione
1104 1848 1367 1902 paterentur,
1415 1847 1451 1889 si

223 1999 241 2030 7
266 1994 354 2030 Aen.
380 1995 414 2028 Π
439 1998 504 2030 351

220 2138 240 2168 2
266 2134 351 2168 inde
377 2134 502 2168 albam
526 2133 561 2167 B
670 2137 692 2167 4
716 2133 851 2181 &unus
864 2144 938 2168 una
962 2133 1087 2169 albam
1111 2133 1255 2169 coluere
1281 2145 1352 2168 um
1376 2133 1453 2168 BP

129 2184 148 2216 ’1
175 2180 286 2215 aditis
307 2180 343 2215 P
461 2184 501 2214 12
528 2180 725 2215 archanum
753 2180 789 2214 P
905 2184 946 2215 13
973 2190 1095 2225 campi
1118 2180 1154 2214 B
1268 2183 1310 2215 16
1337 2180 1450 2215 etlam

126 2237 193 2263 om.
218 2227 254 2261 P
371 2230 413 2262 18
439 2226 493 2261 eft
517 2227 558 2260 ut
583 2226 621 2261 P
729 2231 770 2262 61
798 2226 954 2261 u&ustar
973 2223 1048 2262 B'“
1121 2229 1165 2261 23
1191 2229 1376 2271 angoronzi¹
1403 2222 1449 2261 P'

128 2277 172 2308 25
199 2276 305 2319 ope*
332 2273 378 2317 P,
402 2273 529 2309 deinde
555 2272 714 2308 confimo
739 2274 780 2308 ni
797 2273 908 2317 fallor
926 2269 973 2308 P'
1046 2276 1089 2308 27
1114 2273 1283 2318 ignotum
1308 2272 1345 2307 P
