1526 2444
181 59 237 100 80
701 58 799 94 SAT.
824 58 952 94 LIBRI
974 59 992 94 I
1502 0 1526 102 ἲ

181 165 398 218 piaculum
447 165 546 206 dare
595 164 757 218 debere,
803 165 1101 219 prudentem
1151 166 1354 220 expiare
1402 181 1499 209 non

181 237 331 276 posse
368 221 616 264 Scaeuola
651 222 844 278 pontifex
882 223 1174 277 adseuerebat,
1212 224 1284 265 sed
1314 223 1526 267 Vmbro

180 283 310 335 negat
347 294 454 321 eum
490 279 672 334 pollui,
709 281 794 334 qui
830 295 952 335 opus
988 281 1068 322 uel
1105 281 1163 323 ad
1200 282 1316 323 deos
1347 283 1502 336 perti·

182 352 304 379 nens
348 351 669 379 sacrorumue
712 353 863 380 causa
902 338 1133 392 fecisset,
1182 339 1262 381 uel
1308 339 1500 394 aliquid

184 395 242 436 ad
280 398 542 450 urgentem
579 397 715 437 uitae
752 396 1032 438 utilitatem
1063 398 1343 451 respiciens
1375 398 1526 439 acti-³

116 456 167 496 11
185 456 361 494 tasset.
422 451 662 495 SCAEVOLA
693 453 871 508 denique
902 455 1118 496 consultus
1150 455 1252 509 quid
1282 454 1400 497 feriis
1432 455 1526 513 agi

183 511 346 565 liceret,
395 512 617 566 respondit
659 511 790 565 quod
830 512 1244 565 praetermissum
1286 517 1526 567 noceret}

183 572 443 623 quapropter
473 569 511 610 si
540 570 618 611 bos
648 569 692 610 in
717 583 887 623 specum
912 569 1147 624 decidisset,
1178 584 1357 624 eumque
1381 574 1526 624 pate&

181 627 367 668 familias
394 627 598 669 adhibitis
624 628 762 681 operis
786 627 1019 680 liberasset,
1043 641 1129 669 non
1153 630 1219 669 est
1235 629 1353 670 uisus
1371 628 1500 670 ferias
1519 620 1526 684 l

185 685 407 738 polluisse:
443 700 521 727 nec
551 685 625 726 ille
657 685 730 739 qui
754 685 919 726 trabem
949 685 1052 726 tecti
1081 685 1261 727 fractam
1291 685 1526 729 fulciendo!

116 745 170 785 12
185 743 238 784 ab
263 743 502 784 imminenti
526 743 759 784 uindicauit
781 743 916 784 ruina.
964 743 1074 784 unde
1094 746 1137 785 et
1155 743 1292 786 MARO
1313 745 1502 786 omnium

183 800 504 854 disciplinarum
540 802 721 856 peritus,
765 801 901 842 sciens
937 801 1072 842 lauari
1109 815 1233 843 ouem
1271 804 1344 843 aut
1379 802 1502 844 lanae

182 859 427 913 purgandae
466 862 540 901 aut
582 859 723 901 scabie
761 858 970 900 curandae
1006 859 1164 914 gratia,
1206 859 1502 913 pronuntiauit

182 919 284 957 tunc
321 930 445 957 ouem
481 931 556 971 per
592 917 720 958 ferias
757 916 882 958 licere
919 917 1113 971 mersari,
1149 917 1185 958 si
1215 917 1296 959 hoc
1326 917 1516 959 remedii>

183 988 310 1016 causa
340 974 459 1015 fieret

299 1066 603 1121 balantumque
634 1079 807 1121 gregem
837 1067 967 1108 fluuio
999 1080 1183 1107 mersare
1216 1066 1394 1121 salubri,

185 1159 405 1201 adiciendo
426 1159 539 1200 enim
558 1159 752 1200 salubri
773 1159 959 1200 ostendit
977 1159 1197 1200 auertendi
1216 1158 1353 1200 morbi
1365 1159 1504 1213 gratia

183 1217 359 1258 tandum
391 1217 529 1271 modo,
558 1232 645 1259 non
676 1217 805 1258 etiam
837 1217 890 1258 ob
919 1217 1084 1258 lucrum
1114 1216 1357 1271 purgandae
1382 1218 1505 1259 lanae

116 1277 170 1318 13
184 1289 311 1316 causa
352 1275 445 1316 fieri
482 1289 740 1317 concessum.
799 1275 908 1316 haec
943 1275 993 1315 de
1029 1274 1049 1315 f
1055 1275 1181 1316 estis
1218 1276 1260 1315 et
1297 1274 1370 1328 qui
1407 1275 1505 1317 inde

184 1335 430 1387 nascuntur,
463 1333 537 1386 qui
567 1332 697 1374 etiam
728 1332 921 1374 nefasti
950 1335 1167 1374 uocantur.

299 1389 424 1432 Nunc
444 1390 494 1431 de
512 1390 762 1444 profestis
782 1393 825 1431 et
843 1391 915 1444 qui
934 1404 985 1431 ex
1002 1390 1071 1431 his
1091 1389 1335 1444 procedunt,
1359 1390 1461 1445 loqu

184 1463 296 1501 mur,
339 1448 383 1489 id
423 1450 488 1490 est
523 1448 648 1490 fastis
686 1447 971 1490 comitialibus
1009 1447 1344 1502 comperendinis
1381 1448 1481 1490 stat'

116 1508 170 1548 14
183 1506 475 1560 proeliaribus.
540 1506 665 1547 fasti
703 1509 820 1560 sunt,
863 1506 1015 1561 quibus
1056 1506 1156 1548 licet
1197 1505 1281 1547 fari
1318 1508 1466 1560 praeto

185 1565 269 1606 tria
298 1564 429 1605 uerba
459 1564 680 1606 sollemnia
718 1564 778 1605 do
813 1563 922 1605 dico
955 1564 1142 1605 addico.
1202 1563 1269 1604 his
1302 1567 1451 1606 contra
1478 1563 1486 1573 ’

184 1624 284 1663 sunt
314 1622 519 1663 nefasti.
575 1621 864 1663 comitiales
897 1623 1008 1675 sunt,
1039 1621 1192 1675 quibus
1223 1635 1318 1663 cum
1347 1622 1479 1676 popul

184 1679 256 1734 agi
280 1680 390 1733 licet,
416 1682 460 1720 et
482 1679 637 1721 fastis
657 1679 826 1733 quidem
851 1679 946 1734 lege
968 1679 1038 1733 agi
1056 1681 1210 1733 potest,
1237 1693 1331 1721 cum
1348 1679 1479 1734 popul

182 1751 268 1778 non
310 1739 472 1792 potest,
514 1737 871 1779 comitialibus
914 1740 1139 1791 utrumque
1174 1739 1335 1791 potest3
1378 1751 1482 1779 com

183 1795 466 1848 perendini,
509 1795 663 1849 quibus
706 1794 996 1837 uadimonium
1037 1795 1139 1837 licet
1182 1795 1333 1850 dicere,
1382 1796 1484 1837 stat

278 1941 322 1972 16
348 1937 478 1982 Georg.
505 1937 521 1971 I
546 1941 613 1972 272

279 2074 297 2103 1
324 2070 511 2114 piaculum
536 2069 616 2104 dan
641 2069 772 2104 debere
791 2069 827 2104 Β
899 2074 919 2104 2
945 2069 1174 2105 asseuerabat
1193 2071 1223 2115 b,
1250 2069 1458 2106 affirmabat
1476 2108 1482 2113 ,Α

185 2121 206 2151 5
237 2117 465 2162 urffguentem
498 2116 535 2150 P
649 2119 670 2150 8
702 2115 849 2160 specula
880 2116 917 2150 P
1032 2120 1076 2151 10
1099 2115 1193 2151 1llud
1227 2127 1290 2160 qu1
1313 2117 1439 2151 tabem

187 2167 230 2198 13
256 2163 378 2197 scabie
405 2162 728 2207 cantabrigiensis:
754 2162 874 2208 scab1e
891 2162 936 2206 P,
961 2162 1103 2198 scab1ae
1121 2163 1158 2197 B
1230 2166 1273 2198 17
1298 2162 1439 2198 salubre

186 2208 443 2290 ῗο11ῃοῐο1111ξῖ
538 2213 582 2244 23
607 2209 756 2254 ᾗΙιαΙὼς
781 2219 821 2254 p,
855 2209 974 2254 phab3
1007 2209 1050 2254 P,
1074 2205 1315 2254 proehalibuf
1333 2209 1370 2244 B

202 2266 222 2290 o
255 2266 365 2301 epma
902 2280 904 2282 v
