1474 2482
128 95 157 135 4
641 94 743 130 SAT.
767 94 896 130 LIBRI
919 94 937 128 I

131 213 350 255 gnoscere,
394 200 574 254 petitum
615 200 973 254 impetratumque
1008 201 1202 243 uolumus
1239 203 1288 242 ut
1329 202 1451 256 aequi

135 258 314 312 bonique
340 258 576 312 consulant,
602 258 637 298 si
661 258 705 298 in
729 260 876 299 nostro
897 271 1085 300 sermone
1103 259 1250 300 natiua
1268 258 1452 300 Romani

63 305 117 347 13
132 316 215 357 oris
253 316 465 370 elegantia
504 314 770 356 desideretur.
831 315 904 356 sed
933 330 985 357 ne
1016 329 1094 371 ego
1125 317 1319 358 incautus
1351 331 1454 369 sum,

129 374 202 427 qui
232 376 502 414 uenustatem
536 372 877 427 reprehensionis
908 373 1065 415 incurri
1095 388 1121 415 a
1149 372 1206 415 M.
1239 374 1452 428 quondam

135 430 296 472 Catone
327 430 543 484 profectae
574 431 618 471 in
648 430 699 471 A.
724 430 943 471 ALBINVM
973 431 1043 484 qui
1074 445 1169 472 cum
1199 431 1244 472 L.
1276 431 1453 473 Lucullo

65 491 120 532 14
136 488 285 529 consul
336 488 428 529 fuit.
504 487 542 529 is
590 486 772 529 Albinus
820 499 902 530 REs
950 488 1173 530 ROMANAS
1223 500 1454 531 ORATIONE

135 545 327 586 GRAECA
366 545 637 598 scriptitauit.
695 546 739 586 in
771 546 859 587 eius
890 556 1132 588 ΗΙεΤοΒῙΑΕ
1157 558 1297 588 PRIMO
1330 547 1456 600 scrip·

131 608 224 644 tum
257 607 322 644 est
354 603 406 644 ad
435 603 545 644 hanc
583 603 839 644 sententiam
875 604 1124 645 neminem
1163 618 1456 646 succensere

133 661 236 702 sibi
285 661 580 713 conuenire,
629 661 800 715 siquid
847 661 896 701 in
940 661 1049 702 illis
1092 661 1242 702 libris
1285 676 1457 716 parum

133 719 419 773 composite
451 720 537 759 aut
561 719 723 759 minus
749 719 1014 772 eleganter
1040 719 1284 773 scriptum
1308 719 1455 761 foret.

132 791 245 818 nam
285 791 389 818 sum
420 776 559 830 inquit
588 776 734 818 homo
765 775 1015 817 Romanus
1052 780 1203 818 natus
1233 777 1284 817 in
1312 777 1457 818 Latio

135 838 186 875 et
210 834 466 888 eloquium
489 833 731 881 Graecum
757 848 781 874 a
807 834 954 875 nobis
980 834 1344 876 alienissimum
1369 838 1459 876 est.

133 891 311 945 ideoque
329 892 498 932 ueniam
518 892 783 945 gratiamque
803 892 940 933 malae
959 891 1297 946 existimationis,
1323 892 1460 946 siquid

63 944 116 986 15
130 952 242 990 esset
272 951 468 1003 erratum,
503 949 749 1003 postulauit.
808 963 858 990 ea
888 963 982 990 cum
1012 950 1188 1003 legisset
1218 949 1275 991 M.
1306 948 1460 991 CATO:

128 1021 187 1048 ne
234 1009 289 1047 tu
335 1007 474 1061 inquit
514 1007 658 1060 Aule,
705 1007 912 1048 nimium
958 1012 1183 1061 nugator
1225 1022 1295 1061 es,
1344 1021 1450 1048 cum

129 1065 363 1106 maluisti
394 1065 590 1118 culpam
621 1065 888 1118 deprecari
913 1079 1057 1118 quam
1084 1065 1232 1118 culpa
1256 1079 1460 1106 uacare:

129 1137 240 1163 nam
282 1125 453 1177 petere
494 1122 692 1164 ueniam
736 1122 953 1164 solemus
997 1127 1082 1164 aut
1123 1137 1229 1164 cum
1271 1123 1460 1176 impru—

131 1180 304 1221 dentes
336 1180 614 1221 errauimus
641 1182 725 1221 aut
750 1194 857 1221 cum
880 1194 1061 1222 noxam
1085 1181 1299 1234 imperio
1324 1194 1462 1222 com-

130 1237 374 1292 pellentis
418 1238 729 1279 admisimus.
795 1240 844 1278 te
887 1238 1027 1291 inquit
1069 1252 1154 1279 oro
1199 1238 1313 1291 quis
1351 1251 1461 1291 per-

131 1295 263 1348 pulit
322 1299 376 1337 ut
435 1295 485 1336 id
545 1295 915 1349 committeres,
975 1295 1106 1348 quod
1159 1295 1454 1350 priusquam

65 1354 117 1396 16
132 1353 346 1407 faceres,
389 1356 587 1406 peteres
630 1356 684 1394 ut
728 1353 1112 1406 ignosceretur?
1181 1367 1292 1394 nunc
1335 1366 1457 1407 argu·

133 1413 334 1464 mentum,
365 1411 477 1464 quod
506 1410 604 1451 huic
636 1410 753 1464 operi
784 1410 986 1464 dedimus,
1017 1411 1133 1451 uelut
1165 1411 1242 1452 sub
1275 1411 1457 1465 quodam

133 1468 307 1522 prologi
337 1468 489 1509 habitu
519 1468 714 1509 dicemus.

85 1525 107 1568 I
248 1524 541 1567 Saturnalibus
578 1526 689 1580 apud
719 1525 912 1567 Vettium
949 1525 1266 1567 Praetextatum
1295 1525 1452 1567 Roma-

130 1597 210 1624 nae
239 1584 479 1625 nobilitatis
510 1598 703 1637 proceres
736 1583 929 1636 doctique
961 1583 1033 1624 alii
1065 1586 1377 1638 congregantur
1408 1585 1474 1626 et:

130 1646 297 1695 tempus
316 1641 576 1682 sollemniter
599 1641 798 1682 feriatum
818 1640 1022 1694 deputant
1041 1641 1250 1695 colloquio
1269 1641 1457 1694 liberali,

133 1699 328 1739 conuiuia
359 1713 525 1752 quoque
557 1699 638 1740 sibi
669 1701 816 1740 mutua
846 1699 1048 1740 comitate
1079 1699 1342 1752 praebentes,
1374 1712 1450 1739 nec

93 1756 394 1801 2discedentes
431 1771 455 1797 a
492 1770 536 1797 se
575 1757 659 1798 nisi
701 1756 754 1797 ad
796 1758 1044 1797 nocturnam
1088 1755 1286 1810 quietem.
1357 1770 1457 1797 nam

140 1828 216 1867 per
263 1828 388 1855 omne
436 1814 619 1867 spatium
666 1813 867 1864 feriarum
909 1813 1126 1854 meliorem
1169 1813 1252 1854 diei
1293 1817 1458 1867 partem

145 1872 263 1912 seriis
301 1872 656 1924 disputationibus
694 1874 946 1925 occupantes
984 1885 1110 1912 cenae
1145 1874 1336 1925 tempore
1376 1885 1462 1912 ser-

140 1943 286 1970 mones
318 1929 576 1970 conuiuiales
608 1929 784 1984 agitant,
815 1930 879 1971 ita
909 1931 957 1970 ut
986 1929 1150 1970 nullum
1181 1929 1265 1971 diei
1294 1933 1462 1983 tempus

231 2058 251 2088 3
272 2053 506 2098 el1gant1aB'
574 2058 594 2088 5
620 2064 742 2088 marco
762 2053 844 2088 BP
907 2053 1075 2097 profecto
1096 2054 1132 2088 Β
1199 2057 1219 2087 5
1240 2054 1364 2089 aulum
1385 2054 1468 2089 BP

136 2100 273 2135 luclum
291 2100 370 2134 BP
443 2104 464 2135 8
490 2099 687 2134 suscensere
712 2100 748 2134 Β
825 2104 845 2134 9
871 2099 985 2143 siquis
1011 2099 1058 2134 B'
1133 2103 1176 2134 10
1203 2100 1396 2144 elegantur
1418 2100 1464 2135 Β

139 2149 183 2180 14
207 2146 352 2181 marcus
371 2147 408 2181 Β
479 2150 522 2181 18
547 2145 813 2190 compellentes
832 2144 877 2180 B'
952 2149 1023 2184 20ο
1047 2146 1085 2180 1d
1104 2156 1169 2181 om.
1195 2146 1232 2180 P
1299 2150 1342 2181 22
1368 2159 1467 2182 men-

138 2194 218 2227 tum
242 2193 284 2227 in
308 2193 564 2236 argumentum
581 2193 622 2227 in
640 2203 711 2227 ras.
731 2193 773 2227 in
800 2193 835 2226 P
905 2196 950 2226 24
975 2192 1110 2237 u84num
1128 2193 1164 2226 B
1230 2196 1274 2227 26
1299 2192 1466 2237 sollemp-

138 2240 237 2273 mter
261 2239 342 2273 BP
421 2239 592 2273 feriatum
616 2239 657 2274 in
680 2249 751 2274 ras.
776 2239 812 2273 P
891 2242 934 2273 27
962 2248 1205 2281 conmmaque
1224 2238 1293 2273 s1b1
1310 2239 1347 2274 P
1422 2243 1467 2274 30

141 2295 250 2319 caene
275 2285 323 2328 B,
349 2296 437 2332 cene
462 2286 508 2330 (et
531 2285 583 2320 sic
605 2287 753 2329 semper)
827 2288 869 2319 31
897 2283 1113 2319 conmualer
1131 2282 1176 2319 Ρ
