1526 2444
644 88 661 124 1
686 91 826 124 14—23
1323 85 1411 128 409

60 202 267 244 latentem
309 198 582 255 prudentiam
625 196 829 240 scruteris
876 196 1027 252 altius,
1075 195 1410 238 delenimentum

61 260 187 316 illud,
219 259 332 315 quod
363 258 531 301 Helena
561 257 664 300 uino
698 256 871 299 miscuit

121 339 341 396 νηπενθές
374 338 410 383 τ’
443 341 606 396 ἄχολόν
637 355 682 382 τε
715 345 863 382 κακῶν
895 337 1112 392 ἐπίληθον
1145 337 1352 381 ἁπάντων

0 432 2 435 ’
60 439 150 469 non
197 424 331 467 herba
374 423 474 479 fuit,
522 437 612 466 non
655 437 707 464 ex
749 422 875 464 India
919 436 1045 464 sucus
1091 421 1165 463 sed
1207 420 1413 463 narrandi

27 502 44 528 5
64 483 382 540 opportunitas,
423 497 531 538 quae
569 482 787 537 hospitem
825 481 1032 523 maeroris
1071 480 1256 523 oblitum
1293 479 1412 522 flexit

63 543 116 587 ad
142 542 357 599 gaudium.
405 540 546 584 Vlixis
573 541 686 584 enim
711 541 934 596 praeclara
960 540 1151 582 facinora
1175 539 1264 582 filio
1289 554 1410 595 prae·
1427 539 1485 581 19

63 604 183 644 sente
214 601 423 644 narrabat

122 678 220 727 οἷον
251 681 325 725 καὶ
356 682 455 726 τόδ’
482 682 599 739 ἔρεξε
630 681 703 725 καὶ
735 683 836 737 ἔτλη
868 683 1078 739 καρτερὸς
1108 681 1233 738 ἀνήρ.

63 780 166 823 ergo
210 768 436 822 paternam
476 766 664 822 gloriam
705 767 749 807 et
785 765 957 820 singula
995 764 1086 807 eius
1124 765 1242 807 facta
1280 764 1414 807 fortia

8 844 45 871 10
64 825 295 882 digerendo
329 825 518 867 animum
550 824 629 866 filii
659 823 763 866 fecit
795 824 1063 878 alacriorem,
1094 826 1138 866 et
1162 824 1224 866 ita
1250 822 1414 866 credita

65 888 132 927 est
163 886 314 927 contra
344 897 584 926 maerorem
614 883 718 925 uino
749 883 985 926 remedium
1017 883 1254 926 miscuisse.
1310 883 1412 938 quid

62 943 155 999 hoc,
186 944 340 998 inquis,
373 943 425 985 ad
456 942 810 998 philosophiam?
842 943 975 985 immo
1002 942 1113 984 nihil
1138 945 1230 985 tam
1257 956 1412 998 cogna-
1427 943 1488 985 20

62 1005 155 1045 tum
206 1002 462 1058 sapientiae,
512 1017 641 1057 quam
689 1002 796 1044 locis
848 1005 892 1044 et
940 1002 1210 1058 temporibus
1262 1005 1413 1056 aptare

64 1076 282 1104 sermones
326 1075 607 1116 personarum
649 1075 758 1116 quae
803 1061 983 1103 aderunt
1027 1061 1328 1103 aestimatione
1368 1061 1413 1103 in

9 1138 44 1166 ιε
63 1121 253 1163 medium
282 1122 449 1163 uocata.
500 1120 609 1163 alios
641 1120 754 1162 enim
785 1121 924 1163 relata
948 1120 1194 1163 incitabunt
1219 1121 1414 1175 exempla
1427 1123 1483 1164 21

63 1181 294 1235 uirtutum,
338 1179 448 1222 alios
490 1179 815 1235 beneficiorum,
857 1194 946 1222 non
983 1180 1126 1222 nullos
1164 1179 1414 1233 modestiae,

63 1241 114 1281 ut
162 1241 205 1281 et
254 1238 327 1293 qui
378 1238 506 1280 aliter
549 1238 738 1294 agebant
783 1253 911 1295 saepe
955 1239 1111 1281 auditis
1154 1239 1316 1281 talibus
1360 1238 1415 1281 ad

65 1298 411 1341 emendationem
443 1298 650 1340 uenirent.
712 1298 774 1340 sic
807 1300 951 1340 autem
981 1298 1100 1340 uitiis
1132 1298 1345 1354 inretitOS,
1376 1298 1413 1340 si
1427 1300 1488 1341 22

65 1359 108 1399 et
155 1357 237 1399 hoc
285 1356 332 1399 in
377 1356 588 1399 conuiuiis
632 1357 823 1412 exegerit
865 1357 1068 1412 loquendi
1113 1357 1235 1412 ordo,
1285 1357 1414 1399 feriet

12 1433 47 1461 20
64 1415 342 1472 philosophia
366 1430 454 1458 non
481 1416 728 1471 sentientes,
753 1418 802 1458 ut
826 1415 957 1458 Liber
981 1418 1104 1471 pater
1129 1416 1286 1471 thyrso
1312 1416 1415 1459 ferit

62 1489 141 1530 per
161 1475 504 1530 obliquationem
524 1474 807 1517 circumfusae
827 1475 1009 1518 hederae
1023 1475 1184 1517 latente
1198 1489 1415 1530 mucrone,

0 1533 18 1587 ζ
64 1533 165 1589 quia
207 1549 296 1576 non
339 1534 402 1576 ita
443 1534 720 1588 profitebitur
759 1534 805 1576 in
843 1534 1043 1576 conuiuio
1081 1549 1322 1586 censorem,
1365 1537 1415 1577 ut

0 1590 3 1635 ἓ
61 1593 209 1648 palam
232 1593 338 1635 uitia
358 1594 556 1649 castiget.
606 1595 795 1635 ceterum
815 1593 883 1636 his
904 1593 1080 1637 obnoxii
1099 1594 1415 1649 repugnabunt,
1428 1594 1488 1637 23

1 1641 19 1686 ἶ
63 1654 108 1694 et
149 1652 250 1694 talis
295 1652 378 1694 erit
419 1652 609 1695 conuiuii
653 1653 885 1709 tumultus,
928 1655 977 1695 ut
1014 1654 1093 1695 sub
1130 1652 1258 1695 huius
1298 1653 1416 1695 modi

0 1715 46 1780 qm
64 1710 238 1753 inuitati
267 1711 496 1753 uideantur
526 1711 663 1754 edicto

4 1792 8 1878 ἰ
124 1793 237 1848 quod
270 1796 483 1849 superest,
513 1794 620 1836 laeti
651 1794 759 1836 bene
792 1794 928 1851 gestis
962 1809 1141 1851 corpora
1172 1795 1300 1837 rebus

121 1854 351 1908 procurate
382 1853 466 1894 uiri
497 1855 541 1894 et
571 1867 762 1909 pugnam
795 1856 967 1909 sperate
998 1855 1164 1911 parari,

8 1948 10 1959 *
63 1937 139 1976 aut
168 1937 217 1976 ut
247 1934 462 1977 Homerus
494 1935 668 1978 breuius
702 1938 744 1978 et
775 1937 1019 1991 expressius
1051 1937 1160 1979 dixit

158 2090 178 2120 3
205 2086 272 2121 Od.
300 2088 320 2121 δ
346 2090 415 2122 222
490 2090 511 2122 8
535 2087 585 2123 ib.
613 2090 632 2123 δ
659 2092 727 2123 271
803 2093 848 2124 26
876 2089 968 2126 Aen.
995 2089 1100 2125 VIIII
1128 2094 1193 2125 157

159 2231 179 2263 3
208 2229 451 2264 ΗΠΗΕΝΘΕΕ
475 2229 512 2264 Ρ
580 2230 799 2266 ΑΠΛΝΤΟΝ
821 2231 858 2266 P
927 2234 947 2267 5
967 2231 1124 2268 meroris
1138 2232 1176 2267 P
1245 2235 1266 2267 8
1285 2233 1417 2267 ΤΟΝΔ

14 2264 18 2326 ἱ
65 2284 114 2320 1²¹
213 2280 644 2335 ετΑΗκΑΡεΡοιεΑΝΓβ
670 2289 708 2324 Ρ
804 2294 845 2325 11
872 2294 1016 2326 merore-2
1042 2291 1080 2326 P
1174 2294 1218 2327 18
1244 2291 1419 2326 nean-ent

16 2332 20 2406 ἲςΙ
65 2342 133 2368 om.
158 2333 195 2368 P
265 2337 310 2368 21
335 2335 476 2371 latente
501 2340 675 2372 mucrone
700 2337 739 2372 P
808 2340 852 2372 22
878 2338 1080 2384 profitetur
1107 2336 1157 2373 P'
