1526 2444
510 70 580 107 1111
605 74 746 107 25-27
783 69 818 106 v
844 73 936 105 1-5
1346 68 1400 110 19

50 181 224 223 Italiam
256 180 466 235 dicuntur,
497 178 572 222 sed
604 179 761 221 aetatis
794 192 896 221 suae
921 178 1065 221 uerbis
1091 177 1400 233 loquebantur:

49 243 98 282 tu
141 242 284 282 autem
333 238 512 295 proinde
559 238 684 293 quasi
727 252 824 280 cum
866 240 1004 280 matre
1046 236 1242 279 Euandri
1283 250 1399 278 nunc

49 299 244 354 loquare,
275 299 341 340 uis
371 297 499 340 nobis
531 297 666 340 uerba
696 296 847 339 multis
880 297 966 338 iam
1005 296 1189 339 saeculis
1222 295 1399 338 oblitte-

47 361 145 400 rata
174 371 389 412 reuocare,
421 356 475 399 ad
501 370 683 412 quorum
715 356 961 411 congeriem
993 357 1264 411 praestantes
1295 368 1398 409 quo-

10 429 28 456 ⁶
47 430 127 472 que
158 416 293 471 uiros,
325 430 508 471 quorum
548 415 802 458 memoriam
833 414 1061 457 continuus
1092 413 1263 470 legendi
1293 427 1398 455 usus

0 486 1 511 ³
47 475 240 530 instruit,
288 474 493 517 incitasti.
567 473 652 517 Sed
701 474 1008 529 antiquitatem
1051 474 1177 516 uobis
1228 472 1397 528 placere
1413 467 1440 508 2

47 534 231 588 iactatis,
263 533 377 588 quod
408 533 590 575 honesta
616 535 660 575 et
686 533 832 575 sobria
860 529 908 575 ‘et
939 532 1136 575 modesta
1168 533 1243 574 sit:
1275 532 1397 574 uiua-

47 607 141 634 mus
174 605 275 648 ergo
306 593 497 635 moribus
529 591 796 646 praeteritis,
827 592 1124 646 praesentibus
1158 591 1303 633 verbis
1335 591 1398 633 lo-

47 666 239 706 quamur.
295 665 375 706 ego
402 651 516 693 enim
547 651 590 692 id
616 650 729 706 quod
756 665 781 692 a
812 649 856 693 C.
883 649 1112 703 CAESARE,
1146 649 1396 692 excellentis

0 718 28 745 ιο
46 710 210 765 ingenii
236 724 286 752 ac
313 711 567 765 prudentiae
592 711 700 763 uiro,
726 709 771 750 in
795 720 941 752 PRIMO
966 720 1234 751 ANALOGIAE
1254 719 1396 750 LIBRO

48 768 254 823 scriptum
312 773 379 811 est
427 769 566 811 habeo
613 782 783 822 semper
830 768 875 810 in
925 767 1134 810 memoria
1177 770 1306 822 atque
1350 767 1396 808 in

45 832 231 882 pectore,
256 830 310 869 ut
333 830 590 883 tamquam
617 826 898 882 scopulum,
924 827 997 869 sic
1022 826 1216 883 fugiam
1236 826 1395 868 infre-

46 901 201 942 quens
234 889 386 941 atque
417 887 648 929 insolens
674 886 899 929 uerbum.
947 886 1067 928 mille
1094 886 1275 941 denique
1301 880 1437 927 uer-3

46 945 197 987 borum
228 945 384 987 talium
417 947 500 999 est,
532 959 641 1000 quae
674 959 769 987 cum
807 945 853 986 in
891 959 964 987 ore
1001 945 1171 1000 priscae
1210 944 1394 986 auctori-

0 1011 25 1038 [ὅ
45 1004 148 1046 tatis
194 1004 343 1046 crebro
388 1004 566 1059 fuerint,
611 1006 888 1046 exauctorata
937 1006 1084 1046 tamen
1129 1019 1154 1046 a
1198 1003 1394 1059 sequenti

45 1065 186 1105 aetate
206 1063 513 1118 repudiataque
540 1065 652 1105 sunt.
683 1062 839 1105 horum
867 1063 1036 1118 copiam
1060 1063 1256 1118 proferre
1281 1076 1395 1104 nunc

43 1136 227 1176 possem,
252 1122 297 1163 ni
316 1124 486 1177 tempus
506 1122 647 1164 noctis
668 1122 755 1164 iam
773 1122 1106 1177 propinquantis
1125 1122 1395 1164 necessariae

45 1180 315 1223 discessionis
347 1195 426 1223 nos
459 1180 734 1223 admoneret?

163 1237 300 1282 ‘Bona
330 1240 464 1282 uerba
496 1239 669 1295 quaeso'
707 1239 1009 1282 Praetextatus
1047 1239 1204 1282 morali
1241 1241 1291 1281 ut
1323 1239 1437 1283 ad-4

0 1306 26 1332 ³⁰
45 1298 155 1340 solet
180 1298 394 1354 grauitate
426 1298 607 1341 subiecit
632 1299 725 1341 ‘nec
749 1299 988 1342 insolenter
1012 1299 1204 1355 parentis
1232 1298 1394 1341 artium

46 1357 320 1412 antiquitatis
346 1358 632 1400 reuerentiam
658 1358 948 1413 uerberemus,
981 1359 1101 1400 cuius
1129 1372 1319 1400 amorem
1345 1360 1394 1399 tu

44 1430 230 1471 quoque,
273 1416 375 1458 dum
417 1416 682 1472 dissimulas,
727 1417 867 1473 magis
909 1417 1069 1471 prodis.
1138 1431 1235 1459 cum
1279 1416 1394 1458 enim

43 1474 149 1516 dicis
182 1475 324 1517 mille
350 1475 623 1517 uerborum
648 1477 725 1517 est
750 1476 852 1531 quid
878 1475 996 1517 aliud
1016 1490 1156 1518 sermo
1182 1478 1281 1517 tuus
1306 1476 1392 1517 nisi

41 1533 184 1588 ipsam
225 1533 389 1576 redolet
431 1536 720 1576 uetustatem?
757 1549 858 1576 nam
895 1535 996 1577 licet
1031 1534 1089 1576 M.
1130 1533 1307 1578 CICERO
1345 1535 1434 1577 in5

0 1599 24 1626 ¹⁵
44 1593 250 1647 oratione,
277 1607 405 1647 quam
430 1604 522 1635 PRO
547 1592 740 1636 MILONE
770 1594 965 1649 concepit
995 1594 1059 1636 ita
1085 1594 1293 1649 scriptum
1322 1608 1386 1636 re-

40 1650 214 1706 liquerit
245 1654 364 1694 ante
395 1651 606 1694 fundum
633 1651 818 1704 Clodii,
850 1667 945 1708 quo
976 1653 1027 1695 in
1053 1652 1210 1694 fundo
1242 1667 1386 1708 prop·

40 1712 118 1752 ter
161 1711 371 1753 insanas
420 1710 542 1753 illas
588 1711 1002 1754 substructiones
1046 1712 1202 1754 facile
1243 1711 1386 1754 mille

39 1768 303 1812 hominum
328 1770 639 1812 uersabatur
663 1771 965 1826 ualentium,
994 1785 1082 1813 non
1108 1771 1385 1813 uersaban-

39 1833 138 1883 tur,
171 1829 284 1884 quod
314 1828 362 1870 in
398 1829 521 1871 libris
552 1829 695 1871 minus
728 1833 926 1872 accurate
964 1829 1138 1885 scriptis
1175 1830 1385 1885 repperiri

135 1960 177 1991 12
203 1967 239 2001 p.
266 1959 345 2001 753,
374 1960 418 1991 14
442 1956 658 2002 Nipperdey
736 1960 781 1992 26
807 1957 882 1994 cic.
908 1956 986 1992 Mil.
1013 1960 1032 2000 ξ
1059 1961 1103 1992 53

134 2077 152 2107 1
179 2072 330 2108 Italiam
361 2074 562 2111 Dawisius:
594 2074 700 2110 italia
726 2075 808 2110 BP
897 2074 1100 2110 utebantur
1124 2074 1162 2110 P
1243 2079 1263 2110 2
1289 2086 1389 2110 nunc

37 2132 104 2156 om.
129 2121 167 2156 P
236 2125 257 2156 3
275 2120 429 2165 loquere
454 2121 490 2156 B
562 2133 638 2157 iam
662 2122 793 2157 multis
812 2119 859 2156 B'
934 2121 1154 2157 oblitterata
1171 2122 1295 2158 BmP:
1321 2124 1384 2158 ob-

37 2167 191 2204 literata
215 2168 253 2203 B
337 2172 359 2204 4
385 2179 520 2204 uocare
545 2169 581 2203 B
667 2173 688 2204 6
713 2169 864 2214 placare
888 2167 936 2204 B'
1019 2173 1039 2204 9
1066 2181 1153 2214 gaio
1179 2169 1263 2204 BP
1344 2174 1387 2204 10

37 2214 296 2262 delanalogiae
315 2216 353 2251 B
426 2219 469 2252 18
489 2215 586 2251 disce
605 2216 674 2251 nos
688 2214 735 2252 B'
808 2217 1039 2252 ammoneret
1056 2217 1094 2251 P
1159 2219 1202 2252 19
1222 2216 1387 2252 *morah

39 2262 83 2306 P,
106 2273 244 2298 morari
269 2262 316 2298 B'
398 2262 530 2299 assolet
553 2263 591 2298 P
671 2267 717 2299 20
741 2264 918 2310 parentes
937 2263 984 2299 B'
1070 2266 1117 2298 24
1140 2264 1290 2299 marcus
1310 2264 1390 2299 BP

39 2313 82 2346 27
91 2309 377 2346 substructiones
380 2310 417 2346 Β
425 2324 433 2346 2
446 2310 716 2348 subtractiones
720 2312 753 2356 b,
766 2310 1044 2347 substitutiones
1053 2311 1090 2346 P
1134 2315 1178 2347 29
1188 2322 1251 2357 rep
1256 2322 1342 2346 erm
1350 2311 1388 2346 Β

1051 2370 1100 2404 2*
