1526 2444
619 71 671 109 111
697 74 814 108 6-13
1306 72 1390 114 143

10 169 12 217 l
41 180 197 223 dixerit
237 180 444 237 Pompeio
489 195 611 223 caue
654 180 754 222 tibi
800 179 951 222 illum
1001 195 1212 248 puerum
1262 181 1394 223 male

8 250 11 300 ξ
40 240 404 296 praecinctum.
455 239 605 282 deinde
638 253 735 281 cum
760 239 970 282 Laberius
1002 240 1049 281 in
1079 240 1163 282 fine
1194 239 1390 282 lud01um
1410 241 1466 282 10

7 307 12 344 f
42 300 170 341 anulo
191 313 320 341 aureo
341 298 580 341 honoratus
601 313 626 340 a
646 297 831 341 Caesare
853 313 875 340 e
894 298 1080 355 uestigio
1105 299 1149 340 in
1170 301 1391 354 quattuor-

42 358 179 400 decim
211 357 265 400 ad
296 357 576 413 spectandum
609 357 803 412 transiit,
833 358 996 400 uiolato
1029 358 1189 412 ordine,
1221 360 1265 400 et
1296 373 1393 400 cum

7 446 16 468 2.
42 417 301 459 detrectatus
335 419 400 459 est
426 431 555 472 eques
582 416 803 459 Romanus
836 419 879 459 et
911 417 1148 459 comminus
1178 417 1394 471 remissus,

5 474 9 533 J
41 475 102 518 ait
148 474 296 519 Cicero
345 476 637 531 praetereunti
679 475 862 518 Laberio
909 478 952 518 et
996 476 1127 518 sedile
1171 477 1394 531 quaerenti

39 535 347 590 recepissem
391 538 459 591 te,
502 535 604 578 nisi
648 538 867 590 anguste
912 535 1140 577 sederem
1182 536 1311 578 simul
1351 539 1394 578 et

5 590 8 648 *J
38 594 161 636 illum
198 608 404 649 respuens
442 597 486 636 et
522 595 568 636 in
604 609 764 637 nouum
804 596 1000 636 senatum
1037 595 1223 649 iocatus,
1273 595 1392 637 cuius

5 650 7 678 ³
39 667 264 695 numerum
309 651 469 695 Caesar
519 668 648 708 supra
698 653 764 695 fas
815 655 1005 695 auxerat.
1077 668 1156 695 nec
1207 654 1393 708 impune.

4 711 16 756 ἦ·
40 712 262 767 respondit
293 712 407 754 enim
432 712 640 755 Laberius
672 712 872 766 mirum,
902 711 948 754 si
980 714 1197 767 anguste
1229 713 1394 767 sedes,

4 770 5 794 ³
41 772 127 826 qui
159 771 295 813 soles
323 771 516 813 duabus
549 771 696 813 sellis
723 771 903 812 sedere
929 771 1191 826 exprobrata
1215 772 1392 814 leuitate

4 852 5 860 ¹
42 830 278 885 Ciceronis,
316 845 400 885 qua
430 830 631 872 inmerito
664 830 854 884 optimus
886 829 992 872 ciuis
1033 831 1146 872 male
1178 830 1391 873 audiebat.

2 893 5 926 l
40 889 152 931 idem
190 888 339 932 Cicero
384 889 490 931 alias
533 889 789 931 facilitatem
829 888 1026 931 Caesaris
1068 889 1115 931 in
1154 890 1390 946 adlegendo
1410 893 1460 934 11
1492 927 1496 929 .

1 969 4 1008 ξ
41 951 190 990 senatu
238 947 382 990 inrisit
428 949 584 1003 palam.
668 946 784 991 Nam
834 963 931 990 cum
983 949 1037 990 ab
1088 949 1262 1004 hospite
1314 964 1391 991 suo

41 1006 88 1050 P.
126 1006 276 1049 Mallio
314 1010 558 1063 rogaretur,
603 1010 652 1049 ut
689 1007 1013 1050 decurionatum
1058 1007 1261 1064 priuigno
1301 1009 1392 1052 eius

0 1071 2 1075 ’
41 1066 261 1120 expediret
287 1066 523 1109 adsistente
554 1066 809 1122 frequentia,
841 1067 947 1109 dixit
978 1066 1186 1122 Romae,
1220 1068 1262 1110 si
1293 1068 1394 1123 uis,

40 1125 268 1179 habebit3
307 1125 543 1181 Pompeis
588 1125 811 1168 difficile
858 1130 946 1168 est.
1017 1141 1097 1169 nec
1134 1127 1249 1168 intra
1286 1127 1391 1169 haec
1409 1131 1464 1173 12

40 1184 131 1226 eius
174 1184 433 1227 mordacitas
478 1185 616 1227 stetit:
663 1185 821 1240 quippe
865 1185 919 1227 ab
957 1185 1162 1228 Androne
1206 1186 1392 1241 quodam

39 1243 278 1285 Laodiceno
311 1244 536 1298 salutatuS,
568 1258 664 1286 cum
696 1258 872 1287 causam
905 1244 1115 1287 aduentus
1141 1245 1394 1300 requisisset

11 1302 402 1357 comperissetque
437 1327 494 1333 -—
531 1318 631 1345 nam
668 1303 742 1345 ille
781 1318 826 1345 se
864 1304 1056 1359 legatum
1096 1303 1146 1346 de
1191 1305 1393 1347 libertate

40 1362 207 1416 patriae
235 1362 287 1403 ad
314 1360 542 1404 Caesarem
569 1362 739 1404 uenisse
764 1363 986 1417 respondit
1012 1386 1065 1393 --
1092 1363 1154 1406 ita
1180 1365 1394 1418 expressit

39 1421 258 1475 publicam
306 1421 558 1463 seruitutem
608 1419 684 1463 ἐὰν
729 1419 956 1478 ἐπιτύχῃς,
1005 1420 1079 1463 καὶ
1121 1421 1223 1478 περὶ
1267 1423 1391 1478 ἡμῶν

39 1477 326 1535 πρέσβευσον.
369 1480 411 1522 si
432 1480 742 1532 obtinueris,
762 1483 812 1522 et
837 1495 927 1536 pro
948 1481 1097 1523 nobis
1117 1482 1392 1524 intercede.

159 1538 349 1594 Vigebat
378 1539 425 1580 in
450 1553 499 1582 eo
526 1539 733 1581 excedens
765 1540 884 1582 iocus
911 1542 954 1581 et
980 1540 1093 1582 seria
1117 1541 1393 1597 mordacitas,
1409 1547 1462 1589 13

0 1611 22 1640 t5
40 1599 90 1639 ut
121 1597 203 1640 hoc
234 1600 300 1640 est
336 1612 388 1639 ex
422 1597 608 1654 epistula
634 1598 688 1640 ad
714 1597 759 1640 C.
786 1598 984 1642 Cassium
1010 1599 1230 1642 dictatoris
1256 1600 1392 1643 uiola-

39 1659 179 1698 torem
234 1656 418 1699 uellem
473 1656 650 1699 Idibus
706 1656 913 1700 Martiis
971 1673 1045 1701 me
1101 1659 1159 1701 ad
1217 1674 1391 1702 cenam

39 1715 343 1770 inuitasses,
381 1715 613 1770 profecto
653 1717 992 1771 reliquiarum
1024 1717 1158 1760 nihil
1189 1717 1390 1762 fuisset.

38 1788 178 1817 nunc
227 1790 304 1817 me
352 1775 605 1830 reliquiae
654 1778 879 1818 uestrae
930 1780 1204 1819 exercent.
1277 1777 1390 1820 idem

41 1831 187 1876 Cicero
232 1833 284 1876 de
326 1834 483 1877 Pisone
526 1847 684 1890 genero
729 1837 772 1876 et
815 1834 872 1878 M.
916 1835 1078 1891 Lepido
1123 1837 1390 1892 lepidissime

0 1907 23 1935 ιο
40 1892 267 1935 cauillatus
299 1892 392 1936 est?

135 2037 153 2067 1
181 2033 327 2068 dixerat
351 2032 399 2068 P'
460 2037 480 2068 3
507 2043 546 2068 1n
571 2033 839 2077 quattuordecs
857 2035 899 2070 in
923 2046 996 2072 ναε.
1017 2036 1059 2071 in
1082 2035 1119 2070 P
1176 2039 1199 2070 4
1221 2036 1390 2081 spectan-

40 2079 126 2114 dum
153 2079 484 2124 Cantabriyiensis·
511 2081 781 2125 expectandum
807 2081 891 2116 BP
1000 2094 1084 2118 cum
1098 2092 1193 2120 *ποι*
1220 2084 1257 2118 Ρ
1370 2088 1390 2119 5

40 2125 275 2174 dhactaltus
295 2127 343 2163 B'
424 2127 563 2173 csilmui
585 2127 622 2162 Ρ
697 2131 717 2162 ’7
743 2129 782 2164 te
806 2130 848 2164 in
872 2140 946 2166 ras.
971 2130 1014 2166 in
1041 2131 1078 2165 P
1156 2133 1200 2165 12
1229 2142 1391 2167 ciceroni

42 2173 77 2208 Ρ
176 2177 362 2210 immerito
391 2174 429 2209 P
523 2174 625 2210 clues
644 2175 681 2210 B
776 2175 950 2212 audierat
977 2174 1028 2212 P'
1130 2181 1172 2212 15
1197 2178 1326 2234 publio
1353 2179 1390 2214 B

39 2218 497 2305 ΕἸῗῗίῗὲιὲἔαΐῗηῗι»
559 2225 607 2304 ἒῖ
627 2223 825 2306 ΐέἒὲῗθὲΐ
844 2224 910 2306 ²³25
937 2225 1194 2318 εζῗαοῗέᾱὲἳ»
1215 2223 1262 2261 Β
1261 2229 1389 2319 gfflffi'i

41 2314 118 2349 BP
187 2319 232 2352 27
258 2316 438 2362 profectis
457 2317 495 2352 P
563 2320 608 2351 29
636 2327 759 2353 marco
785 2318 857 2353 PB
