1474 2482
576 82 846 120 PRAEFATIO
1351 81 1390 118 V

42 191 220 248 spiritus
257 192 348 235 iota
385 192 675 247 subscriptum
714 192 890 247 omissa,
928 191 1027 234 inde
1059 206 1085 233 a
1115 206 1155 246 p.
1186 191 1292 246 262,
1333 192 1386 235 18

42 263 133 306 iota
164 263 453 318 subscriptum
485 263 744 318 aliquotiens
777 263 968 305 additum
1002 259 1121 319 (ΤωΙ)
1160 265 1203 304 et
1232 261 1331 304 inde
1363 277 1388 304 a

41 349 82 390 p.
112 334 218 389 264,
260 334 313 377 17
356 350 383 376 ν
419 334 578 377 lineola
616 332 700 391 (ita
732 332 861 390 691·OE
905 333 1193 390 significatam
1234 334 1388 375 notare

42 404 160 447 desii.
220 419 355 447 unum
386 405 541 447 addam
575 410 607 444 Ξ
641 405 889 461 signifigare
922 403 962 460 ξ,
994 418 1079 447 11011
1107 406 1128 455 ζ
1158 402 1209 459 (Ζ
1235 403 1288 446 in·
1305 404 1388 447 hoc

16 474 187 518 -codice
219 475 450 533 scriptam)
482 479 531 518 ut
567 476 624 532 is,
663 476 782 518 cuius
813 475 960 533 lanius
999 489 1131 530 opera
1168 489 1271 517 usus
1309 477 1387 530 est,

0 593 2 599 ,
41 546 420 601 interpretabatur.
450 572 500 578 -—
531 547 733 590 uersiculi
763 549 865 589 sunt
890 546 1154 602 quadrageni
1180 547 1388 600 quaterni,

0 624 1 628 ’
42 617 266 660 columnae
302 618 430 660 binae
467 620 640 673 praeter
675 618 781 661 folia
817 617 973 672 uiginti
1020 617 1207 671 quinque
1243 618 1388 672 priora

39 687 131 729 sine
162 687 407 731 interductu
440 689 614 744 scripta.

160 757 303 801 Codex
340 759 739 815 Bambergensis
779 758 976 814 signatus
1014 760 1081 800 est
1112 758 1169 800 M.
1195 757 1241 800 L.
1268 757 1320 800 V.
1346 758 1387 801 5.

42 842 121 871 nro
142 829 180 871 9.
217 831 439 884 praeterea
464 829 510 871 in
534 829 748 885 ligaturae
775 829 977 884 operculo
1004 829 1214 871 exteriore
1239 843 1386 871 nume-

39 913 112 941 rus
143 899 375 955 inscriptus
408 902 475 942 est
502 900 703 956 ,6178}{‚
743 899 905 942 Iaeckii
944 901 1010 942 est
1042 899 1139 942 873.
1202 900 1386 955 scriptus

39 971 105 1011 est
141 970 310 1013 saeculo
348 985 464 1013 nono
505 973 685 1013 exeunte
716 970 762 1012 in
793 971 1054 1013 membranis
1086 970 1252 1013 formae
1285 986 1386 1026 qua-

40 1040 187 1083 dratae
219 1041 408 1085 minoris.
464 1044 635 1084 constat
665 1041 781 1084 foliis
808 1041 1033 1097 sexaginta
1060 1043 1265 1096 quattuor
1294 1042 1386 1083 siue

39 1111 392 1166 quaternionibus
434 1114 542 1155 octo.
615 1112 823 1168 primaria
867 1111 1081 1167 scriptura
1127 1111 1385 1167 aliquotiens

38 1182 185 1225 eadem
210 1197 339 1225 manu
365 1182 594 1225 emendata
618 1185 695 1226 est.
735 1183 942 1225 uersiculi
968 1185 1068 1225 sunt
1092 1183 1234 1225 uiceni
1258 1182 1386 1226 terni.

40 1253 229 1295 continet
254 1252 598 1296 Saturnaliorum
626 1254 760 1296 libros
786 1252 933 1295 I—III
963 1253 1028 1308 19,
1048 1253 1075 1296 5
1096 1251 1157 1310 (p.
1176 1253 1275 1308 218,
1296 1251 1386 1309 20).

40 1348 95 1353 —
129 1322 253 1366 Alter
277 1323 678 1381 Bambergensis
704 1325 900 1380 signatus
933 1324 988 1366 M.
1009 1323 1084 1366 IV.
1107 1324 1174 1367 15.
1194 1323 1227 1366 F
1245 1339 1325 1366 nro
1345 1325 1386 1378 4,

38 1393 200 1436 Iaeckii
226 1395 324 1450 875,
355 1395 539 1450 scriptus
568 1398 634 1437 est
667 1395 839 1437 saeculo
871 1394 1096 1437 undecimo
1129 1398 1309 1438 exeunte
1341 1396 1386 1437 in

37 1465 299 1508 membranis
337 1465 502 1508 formae
540 1466 753 1522 oblongae
791 1466 979 1508 maioris.
1047 1468 1219 1508 constat
1256 1465 1385 1509 hodie

37 1535 391 1591 quaternionibus
425 1539 631 1592 quattuor
661 1538 704 1578 et
734 1536 850 1579 foliis
884 1539 1106 1591 quattuor,
1136 1551 1239 1579 nam
1271 1551 1383 1579 unus

38 1606 264 1662 quaternio
306 1606 436 1662 periit
477 1610 521 1649 et
560 1607 691 1649 ceteri
728 1607 856 1650 hodie
897 1608 960 1649 ita
1006 1608 1221 1663 compacti
1268 1611 1385 1650 sunt:

41 1677 63 1719 1
91 1677 118 1719 2
144 1677 172 1720 5
196 1677 236 1719 4.
282 1677 505 1732 quaternio
527 1677 736 1721 secundus
757 1678 914 1721 desinit
932 1677 1088 1733 Phytzfi
1108 1676 1168 1735 (p.
1182 1677 1387 1736 533‚21),

40 1748 232 1804 sequitur
256 1748 480 1803 quaternio
508 1749 681 1804 quintus
703 1750 877 1804 frzyorvs
898 1749 964 1791 uel
982 1750 1132 1792 calorzs
1151 1749 1210 1806 (p.
1225 1750 1323 1805 601,
1338 1749 1385 1806 8)

37 1818 83 1860 in
102 1818 208 1861 haec
227 1819 361 1861 uerba
375 1818 572 1862 desinens
592 1834 684 1862 cum
697 1821 776 1863 mel
794 1821 907 1863 dulce
921 1817 1126 1874 appellarit
1143 1819 1314 1877 (p.638‚
1324 1820 1384 1877 5),

42 1890 234 1945 sequitur
263 1890 486 1946 quaternio
519 1893 698 1946 quartus
730 1892 943 1934 stellarum
973 1892 1083 1934 aleas
1115 1890 1175 1948 (p.
1201 1891 1308 1946 563,
1335 1889 1383 1948 3)

37 1959 237 2003 desinens
277 1962 323 2003 in
362 1961 494 2004 uerba
535 1963 632 2005 locas
670 1966 777 2005 mter
814 1977 856 2006 se
899 1977 1086 2006 necassem
1118 1976 1276 2017 presses
1321 1977 1384 2005 m-

35 2034 196 2074 mzetatc
225 2033 291 2074 uel
322 2029 380 2089 (p.
412 2032 511 2087 601,
542 2031 609 2090 8),
650 2033 802 2076 deinde
833 2034 910 2077 fol.
942 2035 997 2077 33
1029 2036 1194 2076 rectum
1226 2034 1288 2076 ita
1318 2034 1383 2076 in·

35 2102 141 2157 cipit
170 2116 254 2145 non
283 2103 404 2145 azmd
431 2104 540 2157 quod
566 2104 673 2146 hanc
704 2103 763 2160 (p.
791 2105 896 2160 638,
923 2103 981 2160 5).
1050 2104 1251 2147 uersiculi
1284 2107 1384 2147 sunt

36 2173 83 2215 in
121 2173 331 2216 columnis
371 2173 572 2216 bifariam
612 2175 761 2217 diuisis
803 2176 1067 2232 quadrageni
1109 2175 1280 2231 singuli.
1327 2199 1382 2205 —

35 2257 144 2298 quae
182 2243 309 2286 aliter
346 2258 371 2286 a
407 2258 476 2286 me
514 2247 689 2288 enotata
728 2247 828 2288 sunt
869 2270 920 2276 —-
961 2249 1061 2288 sunt
1099 2249 1241 2288 autem
1280 2245 1384 2288 satis

36 2313 174 2356 multa
208 2338 259 2345 —
294 2316 424 2369 atque
456 2315 511 2358 ab
542 2314 686 2373 lanio,
721 2316 765 2358 in
805 2317 865 2359 eis
903 2332 971 2359 me
1009 2317 1127 2359 illius
1168 2331 1384 2360 commen-
