1526 2444
127 91 210 132 102
642 90 741 126 SAT.
765 90 891 126 LIBRI
915 91 932 125 Ι

122 198 231 253 tegit
250 199 456 252 scapulas.
494 197 660 251 aquilae
672 199 846 252 propter
859 198 1100 253 exprimunt
1114 198 1249 239 instar
1265 198 1447 252 uolatus,

124 259 221 297 ante
251 257 378 310 pedes
409 256 553 310 imago
586 254 770 297 feminea
800 258 881 310 est,
919 256 1036 298 euius
1068 255 1214 297 dextra
1244 256 1446 310 laeuaque
1505 304 1508 306 ,

123 315 223 355 sunt
266 315 390 368 signa
430 312 697 366 feminarum,
740 327 790 355 ea
832 314 966 368 cingit
1006 314 1193 356 flexuoso
1234 313 1446 355 uolumine
1500 324 1502 326 ·

53 372 107 412 68
124 371 259 413 draco.
319 371 460 412 radios
496 370 542 412 in
577 373 736 413 terram
773 385 954 425 superne
986 371 1068 414 iaci
1097 372 1232 413 barba
1263 371 1446 413 demissa
1490 391 1506 419 g

123 429 348 484 significat.
399 429 591 470 calathus
616 443 766 470 aureus
793 443 969 484 surgens
994 430 1040 470 in
1071 429 1204 471 altum
1235 431 1446 471 monstrat

122 487 308 529 aetheris
334 501 555 541 summam,
585 486 694 529 unde
726 486 830 528 solis
862 488 1046 529 creditur
1074 501 1164 529 esse
1190 486 1445 528 substantia.
1506 505 1516 516 w

121 545 273 586 hastae
327 547 453 599 atque
507 545 662 586 loricae
710 547 963 599 argumento
1011 545 1152 599 imago
1203 545 1447 599 adiungitur
1501 580 1506 584 ,

120 602 285 657 Martis,
315 617 440 657 quem
471 603 650 644 eundem
682 616 731 644 ae
762 603 894 644 solem
925 617 1015 645 esse
1046 602 1275 657 procedens
1307 616 1445 644 sermo
1504 609 1507 616 “

120 660 359 714 patefaciet.
425 660 621 703 Victoria
662 662 847 702 testatur
888 662 1039 703 cuncta
1079 661 1275 702 submitti
1318 660 1444 702 huius
1503 682 1507 705 ς

121 719 268 760 sideris
293 719 510 773 potestati.
559 718 674 760 floris
701 719 861 772 species
893 719 1040 760 florem
1065 732 1207 760 rerum
1231 720 1444 772 protesta-

119 778 206 830 tur,
243 791 347 831 quas
384 777 454 818 hic
485 777 585 818 deus
617 777 847 818 inseminat
877 779 1133 831 progenerat
1162 776 1281 817 fouet
1309 776 1444 817 nutrit
1505 823 1507 826 Α

52 834 107 876 69
121 836 403 889 maturatque.
464 834 625 889 species
656 834 839 875 feminea
869 836 1006 876 terrae
1036 835 1178 889 imago
1210 836 1286 888 est,
1317 847 1445 887 quam
1501 829 1503 832 ’

122 893 187 933 sol
213 892 392 947 desuper
411 892 622 934 inlustrat.
667 892 789 946 signa
808 893 889 934 duo
916 906 1046 947 aeque
1070 892 1267 945 feminea,
1293 891 1444 945 quibus

121 950 325 1005 ambitur,
357 950 487 1005 hylen
515 953 793 1004 naturamque
824 950 1067 1004 significant
1098 949 1446 1003 eonfamulantes,
1506 968 1509 969 ⁷

121 1010 164 1049 et
200 1008 393 1051 draconis
431 1008 595 1064 effigies
630 1008 861 1049 flexuosum
903 1008 986 1050 iter
1029 1007 1178 1050 sideris
1221 1008 1444 1049 monstrat.
1499 1030 1507 1062 f,

122 1066 288 1120 aquilae
319 1064 494 1120 propter
526 1065 780 1107 altissimam
805 1066 1076 1108 uelocitatem
1100 1066 1269 1107 uolatus
1301 1065 1445 1106 altitu·
1500 1103 1509 1107 ,

51 1123 106 1165 70
120 1124 260 1166 dinem
306 1125 409 1165 solis
447 1124 685 1166 ostendunt.
753 1124 896 1165 addita
935 1126 1000 1165 est
1037 1123 1262 1178 Gorgonea
1298 1123 1444 1173 uestis,
1497 1149 1500 1152 -

123 1182 234 1236 quod
259 1182 467 1236 Minerua,
497 1196 623 1237 quam
655 1181 780 1223 huius
804 1181 1042 1236 praesidem
1068 1181 1309 1235 accipimus,
1341 1180 1444 1222 solis

121 1240 258 1282 uirtus
289 1240 362 1294 sit,
398 1240 507 1281 sicut
538 1242 580 1281 et
615 1239 908 1282 PORPHYRIVS
945 1241 1129 1280 testatur
1165 1238 1443 1280 Mineruam
1496 1272 1497 1275 ,

122 1312 229 1339 esse
274 1299 517 1339 uirtutem
562 1297 704 1348 solis,
747 1312 871 1351 quae
914 1297 1144 1338 humanis
1189 1296 1443 1338 mentibus
1466 1311 1500 1329 τν-

119 1355 442 1409 prudentiam
480 1355 847 1397 subministrat.
908 1370 1019 1396 nam
1055 1355 1166 1396 ideo
1203 1354 1325 1396 haec
1355 1354 1444 1395 dea

119 1413 258 1455 Iouis
279 1414 444 1468 capite
470 1415 722 1468 prognata
739 1415 1011 1467 memoratur,
1029 1413 1072 1454 id
1092 1415 1158 1455 est
1176 1412 1231 1454 de
1257 1426 1444 1454 summa
1490 1407 1495 1458 s

122 1471 343 1513 aetheris
374 1474 519 1525 parte
551 1471 704 1524 edita,
734 1471 861 1512 unde
892 1471 1034 1526 origo
1066 1471 1190 1513 solis
1223 1473 1310 1512 est.

48 1528 197 1571 XVIII
255 1529 385 1584 Haec,
417 1544 522 1584 quae
554 1530 603 1570 de
642 1529 841 1584 Apolline
873 1529 1071 1583 diximus,
1106 1530 1285 1583 possunt
1315 1527 1444 1569 etiam

121 1588 169 1628 tle
205 1587 359 1629 Libero
398 1587 511 1629 dicta
548 1587 795 1629 existimari.
859 1601 958 1628 nam
995 1586 1330 1639 ARISTOTELES,
1371 1585 1442 1639 qui
1464 1600 1496 1617 ·-·⁴

121 1646 504 1688 THEOLOGVMENA
553 1644 735 1699 scripsit,
781 1644 1069 1699 Apollinem
1118 1647 1166 1685 et
1207 1643 1441 1685 Liberum

120 1705 314 1757 patrem
338 1717 488 1744 unum
514 1702 820 1756 eundemque
840 1703 981 1744 deum
1002 1716 1109 1744 esse
1135 1716 1240 1743 cum
1266 1701 1440 1742 multis

119 1761 237 1802 aliis
275 1760 591 1816 argumentis
629 1760 815 1814 adserat,
852 1760 1003 1802 etiam
1040 1759 1168 1815 apud
1198 1759 1440 1814 Ligyreos
1488 1786 1497 1790 ν

212 1917 256 1948 25
282 1913 384 1949 Rosii
409 1914 522 1951 Arist.
545 1914 672 1959 pseud.
698 1926 733 1959 p.
761 1918 828 1949 616

211 2064 230 2094 1
256 2059 421 2103 spatulas
447 2060 530 2103 (sed.
562 2059 638 2094 uid.
668 2059 781 2102 fuisse
814 2058 991 2104 spaculal)
1022 2060 1059 2094 P
1179 2063 1199 2094 2
1231 2059 1284 2094 eft
1313 2070 1379 2096 om.
1410 2060 1447 2095 P

117 2110 140 2141 4
163 2105 303 2141 iaciens
323 2106 360 2140 P
428 2105 573 2140 d1m1ss'a
597 2106 633 2140 B
706 2110 725 2140 7
751 2105 954 2150 adlungrtif
974 2102 1019 2140 B'
1093 2108 1113 2139 8
1139 2106 1270 2141 matus
1288 2107 1324 2141 Β
1397 2110 1440 2142 13
1486 2143 1487 2147 ,

117 2152 276 2187 mustrat
299 2152 336 2187 P
395 2155 437 2186 14
461 2152 644 2196 fignificat
669 2150 718 2186 P'
787 2156 830 2186 16
856 2150 1067 2187 altrffimam
1085 2156 1231 2195 praeter
1255 2153 1351 2188 alin
1369 2164 1440 2189 ras.

116 2200 159 2234 in
185 2198 222 2232 P
303 2201 346 2233 23
365 2203 450 2244 post
474 2198 527 2232 est
550 2199 634 2234 add.
659 2198 722 2232 DE
748 2197 923 2232 LIBERO
949 2197 1106 2232 PATRE
1130 2198 1211 2233 BP
1289 2203 1333 2234 25
1359 2199 1440 2234 esti·
1481 2206 1486 2232 ζ

117 2256 211 2280 man
235 2245 272 2280 P
385 2244 585 2280 aristotiles
605 2245 642 2279 B
749 2248 792 2280 27
819 2243 974 2280 eundem
998 2244 1034 2278 B
1140 2248 1184 2279 28
1210 2245 1296 2280 alus
1315 2255 1380 2281 om.
1406 2246 1442 2281 P

117 2291 240 2327 assent
262 2292 298 2326 B
369 2291 520 2336 hgueos
540 2291 576 2325 P
1467 2303 1477 2315 2
