1526 2444
158 61 213 102 64
676 60 773 98 SAT.
796 61 927 98 LIBRI
951 63 968 98 Ι

157 165 319 209 Garnae
351 167 452 209 deae
483 167 527 208 in
559 166 703 209 Caelio
739 170 883 210 monte
913 169 1004 210 uoti
1033 182 1130 211 reus
1159 168 1321 211 fecerit.
1366 169 1475 212 hano
1499 190 1502 193 ⁴

89 226 144 267 32
159 224 279 266 deam
304 225 508 267 uitalibus
533 224 730 267 humanis
755 240 949 280 praeesse
974 227 1160 268 credunt.
1210 227 1263 268 ab
1288 240 1338 268 ea
1362 226 1476 268 deni·
1496 231 1506 283 J

157 297 236 337 que
272 284 448 337 petitur,
493 285 541 324 ut
577 283 762 325 iecinora
798 287 840 325 et
875 284 1020 339 corda,
1056 298 1245 338 quaeque
1283 286 1380 325 sunt
1415 285 1476 326 in-

155 342 364 382 trinsecus
395 341 573 394 uiscera,
605 341 723 382 salua
753 344 990 383 conseruet:
1028 344 1071 383 et
1101 342 1200 396 quia
1237 341 1374 384 cordis
1404 342 1474 384 be·

157 397 321 451 nefioio,
352 397 469 439 cuius
495 398 828 440 dissimulatione
853 399 1004 441 brutus
1028 400 1277 453 habebatur,
1301 399 1474 442 idoneus

157 455 438 497 emendationi
479 456 638 509 publici
680 459 817 498 status
854 457 1011 512 extitit,
1047 458 1156 499 hanc
1191 458 1330 511 deam,
1369 471 1474 512 quae
1502 458 1504 474 ²

86 513 143 554 33
158 513 360 554 uitalibus
391 515 577 567 praeest,
606 514 764 568 templo
802 515 995 556 sacrauit.
1057 515 1124 556 cui
1153 515 1271 569 pulte
1307 515 1474 557 fabacia

157 572 200 611 et
234 570 369 612 larido
407 571 685 625 sacrificatur,
727 571 839 626 quod
874 571 943 613 his
979 573 1159 614 maxime
1194 572 1320 614 rebus
1362 573 1474 614 uires

156 629 347 683 corporis
385 629 646 672 roborentur.
705 644 804 671 nam
841 632 884 671 et
918 629 1132 671 Kalendae
1167 630 1314 672 Iuniae
1338 630 1476 672 faba·
1504 655 1505 658 =

155 686 262 727 riae
298 686 428 740 uulgo
465 689 688 741 uocantur,
725 688 824 742 quia
859 687 940 729 hoe
975 702 1118 729 mense
1155 688 1321 730 adultae
1351 688 1474 730 fabae
1506 696 1507 700 ’

155 743 309 785 diuinis
340 744 466 786 rebus
499 744 762 786 adhibentur.

86 803 142 844 34
271 799 470 856 Sequitur
500 802 660 844 Iulius
687 803 770 857 qui,
795 817 889 844 eum
915 803 1144 845 secundum
1168 803 1341 845 Romuli
1367 803 1474 844 ordi-

154 859 386 914 nationem,
417 858 573 902 Martio
604 860 705 901 anni
735 863 902 902 tenente
933 861 1201 915 principium,
1232 860 1474 910 Quintilis

155 931 180 958 a
208 931 384 959 numero
422 920 660 972 uocaretur,
696 918 832 960 nihilo
869 919 1009 960 minus
1044 922 1188 960 tamen
1219 920 1347 960 etiam
1377 921 1476 973 post

155 975 420 1029 praepositos
446 989 471 1016 a
495 974 638 1017 Numa
661 975 902 1018 Ianuarium
928 991 976 1018 ac
999 976 1276 1018 Februarium
1300 977 1476 1018 retinuit

154 1047 324 1087 nomen,
356 1046 450 1074 cum
479 1047 567 1075 non
596 1034 810 1075 uideretur
839 1034 923 1075 iam
955 1035 1127 1088 quintus
1160 1048 1250 1076 esse
1283 1034 1356 1076 sed
1386 1049 1475 1089 sep-

155 1090 295 1132 timus.
340 1090 413 1132 sed
437 1092 623 1145 postea
611 1106 656 1132 1n
679 1090 884 1133 honorem
909 1091 1007 1133 Iulii
1027 1091 1218 1134 Caesaris
1243 1092 1476 1146 dictatoris,

154 1148 294 1202 legem
339 1148 500 1190 ferente
542 1148 598 1191 Μ.
637 1145 828 1191 Antonio
871 1149 928 1191 M.
970 1150 1058 1191 filio
1102 1150 1294 1204 consule,
1342 1150 1474 1192 Iulius
1502 1183 1503 1186 η

156 1205 394 1260 appellatus
431 1209 511 1261 est,
553 1207 665 1261 quod
701 1207 782 1249 hoc
818 1222 961 1249 mense
998 1222 1033 1249 a.
1065 1208 1102 1249 d.
1140 1210 1339 1261 quartum
1374 1207 1474 1249 Idus
1504 1228 1506 1230 ·

85 1265 142 1307 35
157 1262 353 1312 Quintilis
383 1263 516 1306 Iulius
553 1267 798 1318 procreatus
838 1266 905 1306 sit.
965 1265 1184 1320 Augustus
1221 1265 1368 1310 deinde
1400 1267 1474 1320 est,

155 1322 227 1375 qui
264 1320 433 1363 Sextilis
475 1324 601 1364 antea
638 1323 888 1377 uocabatur,
931 1323 1064 1365 donec
1098 1323 1252 1364 honori
1287 1322 1474 1378 Augusti
1502 1326 1505 1363 ξ

154 1379 325 1421 daretur
361 1393 411 1421 ex
448 1382 653 1421 senatus
692 1381 941 1434 consulto,
978 1381 1095 1422 cuius
1132 1381 1261 1423 uerba
1298 1381 1474 1423 subieci:

154 1451 261 1478 cum
291 1437 568 1503 imperator
597 1437 780 1480 Caesar
803 1436 1063 1493 Augustus
1094 1452 1260 1480 mense
1293 1438 1475 1485 Sextili
1504 1470 1506 1474 Α

155 1497 204 1536 et
245 1495 457 1550 primum
499 1496 815 1538 consulatum
857 1496 1050 1550 inierit,
1099 1499 1147 1538 et
1187 1496 1473 1551 triumphos

153 1557 256 1594 tres
281 1553 331 1594 in
355 1553 524 1594 urbem
548 1553 805 1608 intulerit,
837 1556 886 1595 et
911 1568 966 1595 ex
990 1554 1219 1597 Ianiculo
1243 1554 1472 1609 legiones

154 1610 415 1653 deductae
459 1614 788 1667 secutaeque
826 1611 937 1653 sint
975 1613 1089 1653 eius
1126 1612 1374 1665 auspicia
1417 1626 1474 1654 ac

153 1667 324 1723 fidem,
344 1668 427 1710 sed
447 1671 495 1710 et
513 1667 774 1724 Aegyptus
798 1669 891 1711 hoc
910 1684 1076 1711 mense
1095 1670 1146 1711 in
1163 1671 1473 1724 potestatem

152 1702 327 1780 populi
350 1726 561 1768 Romani
590 1727 795 1768 redacta
825 1726 910 1778 sit,
940 1727 1164 1782 finisque
1188 1727 1280 1770 hoc
1306 1741 1472 1769 mense

153 1784 306 1825 bellis
355 1784 596 1825 ciuilibus
645 1785 902 1839 inpositus
949 1785 1035 1840 sit,
1085 1788 1238 1840 atque
1281 1786 1341 1827 ob
1382 1785 1472 1827 has

153 1855 331 1883 causas
373 1842 453 1883 hic
496 1843 680 1884 mensis
727 1842 842 1884 huic
884 1842 1095 1897 imperio
1137 1843 1470 1885 felicissimus

154 1900 221 1940 sit
263 1913 318 1940 ao
358 1898 536 1954 fuerit,
584 1900 784 1954 placere
826 1901 1026 1943 senatui
1067 1904 1122 1943 ut
1162 1901 1243 1943 hic
1286 1901 1503 1943 mensis

247 2005 265 2035 1
292 2001 384 2036 celio
409 2001 445 2035 Β
516 2005 536 2037 6
562 2002 815 2038 emendatione
843 2002 876 2037 B
948 2003 1092 2038 exstitit
1109 2003 1146 2038 P
1212 2007 1234 2038 8
1258 2014 1272 2037 1
1295 2003 1336 2038 in
1353 2002 1471 2038 larido

151 2048 302 2082 inducta
325 2049 368 2083 in
390 2047 427 2083 B
517 2051 560 2083 10
585 2050 720 2084 uocant
742 2049 779 2083 Β
865 2053 906 2084 17
932 2049 1131 2084 dictatores
1152 2047 1197 2084 P'
1282 2052 1325 2084 18
1349 2059 1472 2084 marco

151 2094 232 2129 BP
298 2094 424 2139 marlei
448 2094 491 2138 P,
515 2095 626 2130 marti
649 2095 686 2130 B
759 2099 800 2130 19
826 2106 858 2130 a..
885 2095 937 2139 d.]
965 2096 1012 2131 ad
1035 2095 1115 2131 BP
1181 2099 1226 2130 20
1251 2095 1418 2140 qumtssff
1436 2094 1473 2130 B

151 2143 193 2174 21
222 2141 307 2175 ante
332 2141 370 2175 P
451 2141 605 2176 uocatus
625 2141 678 2176 est
695 2152 736 2187 p,
761 2142 915 2178 uocatur
933 2143 970 2177 P
1054 2145 1098 2177 22
1124 2141 1290 2178 consultu
1307 2141 1344 2175 Β
1427 2143 1473 2176 24

151 2187 238 2221 ient
258 2184 307 2221 P‘
380 2190 425 2222 25
450 2197 510 2221 am
511 2187 607 2222 ¹0qu
634 2190 683 2231 (m
707 2189 748 2223 in
769 2189 855 2230 ras.)
880 2189 918 2223 B
987 2192 1033 2224 26
1058 2188 1306 2233 sequutaeque
1331 2187 1413 2223 sunt
1438 2187 1476 2222 P
1495 2212 1498 2214 v

1274 2234 1332 2261 erit

152 2259 195 2290 27
222 2256 370 2302 egiptus
391 2257 428 2291 P
494 2261 539 2292 28
564 2256 678 2292 mensl
702 2258 737 2292 Β
785 2261 829 2293 29
856 2258 1046 2304 1mpos1tus
1065 2258 1101 2293 P
1169 2261 1213 2293 31
1238 2257 1278 2292 fu
1295 2269 1319 2294 *
1337 2258 1375 2293 B
