1526 2444
526 37 577 73 XI
602 39 719 73 7—10
754 34 824 71 ΧΠ
851 39 943 71 1-4
1330 33 1414 76 193

65 149 276 191 decimum
301 145 520 189 Kalendas
546 144 771 188 Ianuarias
797 142 976 186 Herculi
1004 145 1048 186 et
1074 141 1219 186 Cereri
1248 141 1415 184 faciunt

67 222 142 250 sue
173 207 421 263 praegnate,
453 204 652 260 panibus,
683 202 852 246 mulso'.

185 264 453 321 ‘Opportune
490 263 722 316 mehercle,
766 261 1059 317 Praetextate‚
1091 259 1234 303 fecisti
1264 259 1387 302 Her·
1400 258 1489 301 XII

66 325 193 368 culis
232 324 513 377 mentionem,
552 323 598 365 in
636 321 755 364 cuius
793 335 916 376 sacra
952 321 1021 363 hic
1058 321 1204 363 uester
1242 319 1414 376 gemino

30 400 47 426 5
67 398 210 427 errore
242 382 460 426 commisit

184 469 276 509 tum
308 464 415 509 Salii
447 465 500 507 ad
532 466 683 506 cantus
716 464 891 506 incensa
924 462 1080 504 altaria
1111 461 1273 504 circum

185 525 382 581 populeis
416 524 572 566 adsunt
605 523 766 565 euincti
796 524 993 578 tempora
1024 520 1168 563 ramis.

66 623 168 650 nam
200 610 243 650 et
279 606 447 650 Salios
479 605 693 648 Herculi
730 604 864 658 dedit,
902 618 1010 659 quos
1048 605 1219 645 tantum
1258 602 1416 645 Marti

67 667 229 710 dicauit
270 666 525 721 antiquitas,
569 667 612 707 et
654 664 904 720 populeas
950 676 1163 705 coronas
1208 663 1417 716 nominat,

14 741 49 768 10
68 740 164 769 cum
214 725 267 768 ad
312 740 432 767 aram
469 723 702 766 Maximam
743 722 836 765 sola
875 722 1020 764 lauro
1062 720 1207 776 capita
1247 723 1290 762 et
1330 721 1418 762 alia

66 784 218 827 fronde
255 799 342 826 non
383 784 586 826 uinciant.
646 781 840 824 uidemus
879 783 923 823 et
954 780 999 822 in
1031 781 1170 834 capite
1202 779 1458 835 praetoris2

67 844 225 886 urbani
261 843 453 885 lauream
494 855 715 895 coronam,
756 854 852 882 cum
889 854 979 882 rem
1018 839 1209 881 diuinam
1240 837 1417 881 Herculi

68 902 180 945 facit.
231 904 419 944 testatur
444 901 574 943 etiam
595 900 864 942 TERENTIVS
884 899 1049 942 VARRO
1076 899 1119 940 in
1147 913 1197 940 ea
1222 909 1417 953 SATVRA,

69 975 176 1017 quae
224 960 474 1003 inscribitur
523 957 623 1015 περὶ
671 963 909 1015 κεραυνοῦ,
958 958 1176 999 maiores
1227 957 1416 1000 solitos

14 1035 48 1062 ιε»
68 1020 311 1063 decimam
336 1019 550 1062 Herculi
575 1032 782 1074 uouere,
813 1032 903 1060 nec
929 1017 1098 1060 decem
1124 1016 1231 1058 dies
1257 1017 1416 1059 inter-

66 1080 287 1133 mittere,
313 1078 434 1134 quin
454 1078 799 1133 polluam-ent,
824 1091 879 1119 ac
898 1076 1141 1132 populum
1162 1074 1417 1131 ἀσύμβολον

66 1153 173 1181 cum
206 1152 394 1181 corona
424 1138 601 1179 laurea
632 1136 961 1179 dimitterent
993 1135 1253 1178 cubitum?

184 1195 358 1239 ‘Hicine
395 1195 481 1239 est'
514 1195 687 1238 Vettius
725 1196 786 1238 ait
823 1195 964 1238 ‘error
995 1193 1220 1250 geminus?
1259 1197 1303 1236 at
1336 1196 1457 1250 eg03

66 1256 111 1298 in
148 1258 303 1298 neutro
344 1255 438 1298 dico
480 1269 644 1297 errasse
675 1253 929 1312 Vergilium.
995 1268 1098 1295 nam
1138 1255 1187 1296 ut
1229 1254 1416 1308 primum

12 1331 48 1357 20
68 1315 119 1358 de
169 1314 332 1358 frondis
382 1328 537 1370 genere
587 1314 794 1366 dicamus,
843 1315 1014 1356 constat
1064 1312 1236 1368 quidem
1286 1327 1417 1355 nunc

66 1374 212 1418 lauro
246 1373 613 1417 sacrificantes
640 1373 769 1428 apud
801 1387 938 1415 aram
969 1370 1241 1413 Maximam
1273 1385 1416 1414 coro-

66 1434 195 1489 nari,
239 1432 324 1476 sed
368 1433 526 1474 multo
570 1435 688 1487 post
730 1431 938 1474 Romam
983 1430 1245 1473 conditam
1289 1430 1417 1473 haec

67 1492 382 1535 consuetudo
438 1490 657 1546 sumpsit
707 1491 987 1544 exordium,
1041 1491 1317 1544 postquam
1365 1490 1418 1531 in

0 1572 1 1605 3
67 1551 326 1594 Auentino
369 1550 642 1592 Lauretum
693 1549 865 1604 coepit
915 1549 1103 1603 uirere,
1151 1563 1281 1604 quam
1324 1563 1415 1591 rem

0 1612 49 1651 ³2⁶
70 1610 193 1653 docet
219 1610 384 1652 VARRO
410 1608 716 1651 HVMANARVM
748 1620 890 1651 mnsso
923 1619 1151 1651 sncvnno.
1215 1622 1236 1649 e
1269 1610 1459 1655 monte4

67 1683 169 1726 ergo
199 1669 396 1724 proximo
429 1668 630 1724 decerpta
661 1669 806 1711 laurus
840 1668 1091 1710 sumebatur
1123 1666 1417 1722 operantibus,

67 1743 196 1785 quam
215 1729 359 1770 uicina
379 1727 586 1770 offerebat
611 1727 791 1770 occasio.
841 1727 953 1770 unde
979 1729 1095 1769 recte
1120 1724 1242 1768 Maro
1268 1728 1416 1768 noster

67 1787 121 1830 ad
158 1802 208 1830 ea
245 1789 442 1842 tempora
470 1786 674 1842 respexit,
712 1786 866 1841 quibus
897 1785 1101 1828 Euander
1133 1788 1234 1828 ante
1264 1786 1417 1828 urbem

162 1914 182 1945 6
209 1911 299 1944 Aen.
325 1907 412 1943 VIII
436 1912 505 1945 285
581 1912 623 1944 13
650 1908 781 1954 fragm.
809 1909 865 1945 ed.
885 1908 996 1944 Riese
1023 1920 1058 1954 p.
1089 1911 1167 1951 106,
1193 1911 1216 1942 4

162 2026 182 2057 2
208 2021 442 2081 praegnantg
466 2021 503 2057 Β
615 2024 636 2056 6
660 2021 703 2056 tsi
728 2019 808 2066 fahJ
835 2021 878 2056 in
901 2030 974 2057 ras.
1000 2020 1042 2056 in
1067 2020 1104 2056 P
1209 2020 1322 2055 cantu
1347 2018 1421 2054 BP

0 1643 2 1663 i

0 1666 2 1704 Ι

0 1794 3 1814 i

0 1993 4 2029 ἱ

69 2097 88 2129 7
115 2094 229 2129 c1nct1
253 2092 290 2127 Β
412 2096 455 2128 10
480 2102 641 2127 maxime
668 2090 714 2127 B'
837 2103 875 2127 m
901 2091 979 2128 sola
998 2091 1045 2127 B'
1162 2095 1202 2126 11
1230 2090 1350 2137 §tens
1370 2087 1416 2125 B'

70 2143 113 2176 13
138 2139 340 2176 terrentlul'
360 2139 396 2174 B
492 2150 603 2175 uarra
627 2139 664 2174 P
757 2139 880 2184 satyra
903 2139 978 2174 BP
1072 2141 1115 2174 16
1142 2138 1359 2184 polluerunt
1383 2137 1420 2172 B

12 2198 17 2202 ’
70 2197 113 2222 ac
137 2198 204 2223 om.
230 2187 266 2223 B
351 2188 624 2223 ΑΕΥΝΒΟΛΟΝ
652 2187 688 2222 Β
773 2190 814 2223 17
842 2186 1083 2222 demitterent
1108 2186 1182 2221 BP
1259 2190 1302 2222 18
1328 2184 1419 2219 hici-

0 2067 4 2310 ¹
68 2235 390 2318 ἓὲεξηὺέῃξῖἳὲιιὶε
409 2234 463 2270 est
479 2234 516 2269 Β
589 2233 706 2270 uenus
721 2234 758 2269 P
825 2238 870 2270 20
895 2244 1067 2279 *genere
1091 2234 1128 2268 P
1198 2237 1244 2269 24
1264 2234 1365 2281 cepit
1386 2232 1423 2266 P

139 2346 329 2375 ΜΑοιιοΒῐη
1091 2343 1107 2374 1
1113 2343 1133 2374 3
