1526 2444
135 62 219 104 122
655 63 754 99 SAT.
779 63 906 100 LIBRI
930 64 947 98 I

92 169 333 224 3intellegi.
413 170 525 212 hune
574 170 696 212 deum
745 170 932 213 Arcades
982 171 1144 226 colunt,
1193 173 1454 226 appellantes

132 227 209 269 τὸν
250 232 326 281 τῆς
367 227 473 282 ὕλης
515 229 693 284 κύριον,
739 243 826 271 non
870 230 1072 271 siluarum
1121 229 1340 272 dominum
1383 231 1456 273 sed
1507 263 1509 269 .

131 286 354 327 uniuersae
392 287 657 329 substantiae
695 287 926 330 materialis
971 287 1279 330 dominatorem
1325 288 1454 344 signi·
1510 339 1512 343 .

130 343 248 384 ficari
283 343 494 397 uolentes,
531 345 648 387 cuius
686 345 889 387 materiae
925 346 992 387 uis
1030 346 1322 388 uniuersorum
1368 361 1455 388 eor·
1508 380 1510 382 .

131 415 301 455 porum,
345 415 418 443 seu
460 402 536 444 illa
580 403 724 445 diuina
761 403 849 445 siue
886 406 1054 445 terrena
1096 404 1198 458 sint,
1241 405 1456 458 componit
1485 424 1507 453 ω

89 459 371 501 4essentiam.
438 473 539 515 ergo
576 460 672 502 Inui
715 475 872 503 cornua.
911 461 1149 516 barbaeque
1186 462 1351 516 prolixa
1388 463 1456 504 de-

131 517 278 559 missio
309 520 508 559 naturam
539 519 645 560 lucis
678 519 923 572 ostendunt,
960 533 1042 574 qua
1076 520 1141 561 sol
1173 522 1215 561 et
1247 521 1456 563 ambitum

132 575 237 616 caeli
268 575 496 629 superioris
522 576 748 618 inluminat
773 579 816 618 et
841 576 1042 619 inferiora
1067 577 1315 632 conlustrat,
1347 579 1455 621 unde

130 632 341 675 Homerus
374 633 424 674 de
455 648 504 676 eo
537 636 598 676 ait

191 718 373 774 ὤρνυθ’,
404 717 462 762 ἵν’
497 720 755 763 ἀθανάτοισι
785 723 903 776 φόως
934 720 1060 777 φέροι
1091 719 1168 776 ἠδὲ
1192 725 1426 778 βροτοῖσιν.
1474 735 1509 766 ια

131 806 229 861 quid
266 806 411 848 fistula
448 807 517 848 uel
555 808 676 863 uirga
713 808 954 864 significent
992 809 1185 862 superius
1222 810 1268 851 in
1304 810 1454 851 habitu
1499 807 1514 860 7}

93 864 295 906 5Attinis
334 865 633 918 expressimus.
699 865 811 920 quod
851 866 896 907 in
938 880 1088 920 caprae
1124 867 1253 921 pedes
1291 867 1455 922 desinit,

130 922 234 964 haee
259 923 500 976 argumenti
525 924 634 965 ratio
661 926 736 978 est,
762 923 860 979 quia
885 924 1074 979 materia,
1099 939 1206 979 quae
1224 926 1266 966 in
1287 939 1454 968 omnem

131 980 414 1022 substantiam
445 981 533 1022 sole
564 981 837 1035 dispensante
866 982 1110 1037 porrigitur,
1144 983 1298 1025 diuinis
1329 983 1379 1024 de
1411 998 1454 1025 se
1504 983 1512 1031 j

90 1038 378 1092 Goorporibus
422 1038 580 1080 effectis
616 1039 662 1080 in
704 1042 842 1082 terrae
884 1040 1030 1081 finitur
1072 1041 1335 1083 elementum.
1402 1041 1453 1083 ad
1473 1060 1486 1086 1

129 1096 255 1137 huius
285 1095 418 1150 igitur
448 1097 727 1139 extremitatis
759 1098 929 1152 signum
954 1098 1083 1153 pedes
1108 1099 1233 1140 huius
1259 1099 1454 1141 animalis

129 1154 251 1195 electi
282 1157 400 1208 sunt,
439 1155 550 1209 quod
582 1157 624 1196 et
656 1158 870 1197 terrenum
901 1158 1014 1198 esset
1044 1158 1087 1197 et
1115 1159 1259 1198 tamen
1290 1171 1455 1211 semper
1508 1203 1511 1208 ,

127 1213 292 1265 peteret
316 1212 402 1253 alta
426 1213 639 1267 pascendo
667 1214 776 1255 sicut
804 1213 881 1265 sol,
906 1214 972 1255 uel
999 1228 1094 1256 cum
1113 1214 1255 1256 radios
1275 1229 1454 1269 superne

129 1269 313 1311 demittit
342 1270 387 1311 in
418 1273 571 1325 terras,
600 1271 668 1312 uel
700 1286 796 1313 cum
827 1286 871 1313 se
902 1271 1131 1327 recolligit,
1161 1273 1207 1313 in
1237 1273 1453 1315 montibus
1508 1272 1512 1274 ’

90 1328 294 1370 7uisitur.
360 1328 484 1370 huius
528 1328 624 1370 Inui
667 1344 785 1372 amor
822 1333 864 1371 et
906 1330 1079 1372 deiiciae
1111 1327 1227 1385 Ἠχώ
1271 1331 1454 1373 ereditur
1471 1348 1504 1376 20

128 1385 286 1427 nullius
336 1386 468 1427 oeulis
519 1387 722 1438 obnoxia,
772 1387 883 1442 quod
933 1388 1144 1443 signifieat
1186 1389 1452 1431 harmoniam

128 1444 247 1498 caeli,
278 1457 386 1498 quae
419 1444 498 1486 soli
531 1445 667 1487 amica
698 1447 773 1500 est,
805 1446 925 1501 quasi
956 1446 1232 1500 sphaerarum
1263 1448 1453 1488 omnium

129 1501 179 1542 de
199 1501 349 1555 quibus
375 1502 565 1544 nascitur
589 1503 858 1558 moderatori,
876 1518 953 1546 neo
970 1506 1114 1546 tamen
1132 1507 1275 1560 potest
1292 1505 1452 1546 nostris
1511 1511 1514 1517 '

126 1573 327 1614 umquam
360 1560 552 1602 sensibus
583 1561 847 1615 deprehendi.

88 1618 113 1658 8
247 1616 493 1660 Saturnus
524 1619 627 1673 ipse,
658 1619 729 1672 qui
761 1621 907 1661 auctor
933 1621 998 1660 est
1026 1622 1264 1674 temporum
1290 1622 1332 1661 et
1356 1619 1450 1662 ideo
1469 1637 1500 1664 ει·

129 1690 154 1717 a
173 1674 345 1717 Graecis
370 1675 580 1718 inmutata
598 1677 742 1718 littera
761 1678 934 1732 Κρόνος
953 1677 1073 1732 quasi
1091 1678 1248 1732 χρόνος
1265 1680 1452 1732 uocatur,

130 1733 229 1787 quid
256 1732 368 1774 aliud
393 1734 476 1774 nisi
503 1735 567 1776 sol
591 1734 901 1789 intellegendus
928 1738 992 1776 est
1017 1749 1112 1777 cum
1137 1736 1330 1778 tradatur
1348 1736 1450 1778 ordo

221 1864 844 1901 10H0m.11.A2†20d.e2

219 1989 238 2019 2
265 1987 351 2021 AHC
382 1987 517 2021 ΚΙΡΙΟΝ
543 1987 580 2021 Β
698 1991 720 2020 4
745 1987 775 2022 ὣ
805 1998 946 2023 erasum
976 1991 1018 2023 ut
1047 1988 1123 2023 uid.
1150 1992 1232 2024 ante
1257 1998 1448 2033 corporum
1510 2020 1514 2035 ,-

125 2032 166 2066 in
189 2031 225 2066 B
298 2035 318 2066 5
344 2031 405 2067 seu
428 2033 576 2067 terrena
595 2033 631 2067 P
699 2037 719 2068 8
738 2034 925 2068 illuminat
947 2034 983 2068 P
1050 2034 1292 2070 **infer10ra
1310 2035 1448 2080 (prima

124 2089 139 2111 1
161 2078 203 2113 in
225 2078 313 2123 ras.)
339 2078 375 2113 P
438 2078 626 2114 collustrat
653 2079 690 2113 P
773 2083 816 2114 10
842 2081 1032 2116 ωΡΝΘΥΝ
1060 2081 1106 2125 B,
1131 2081 1257 2117 deinde
1281 2082 1445 2116 ΛΘΑΝΔ-

123 2124 232 2159 Toto
261 2125 298 2159 Ρ
367 2125 679 2170 ΦΗΞΡΗΟΙΗΙΗΔΕ
705 2127 741 2161 Β
813 2127 972 2162 ΦΕΡΗΙΟ
999 2127 1036 2161 Ρ
1105 2130 1148 2162 12
1175 2138 1275 2172 capri
1300 2128 1337 2163 P
1405 2131 1448 2162 19
1508 2159 1511 2161 ,

123 2170 318 2215 recollogit
341 2174 382 2206 ut
405 2172 481 2207 uid.
509 2170 559 2206 P'
632 2175 674 2207 21
702 2172 834 2208 osculis
852 2173 887 2207 B
961 2173 1107 2209 obmxla
1131 2171 1178 2208 B'
1245 2185 1448 2209 armomam

124 2217 204 2252 BP
246 2221 290 2251 22
315 2217 462 2261 sperarfi
492 2218 529 2252 P
573 2222 618 2253 24
638 2223 721 2263 post
745 2219 970 2264 deprehend1
995 2220 1079 2256 add.
1106 2221 1152 2255 δΕ
1172 2219 1393 2256 SATVRNO
1412 2220 1449 2254 B
1473 2251 1482 2257 .
1503 2235 1506 2238 ⁴

123 2266 168 2298 25
194 2264 298 2298 actor
323 2262 369 2299 P'
432 2268 477 2299 26
501 2265 697 2301 immutata
722 2265 758 2301 P
813 2266 914 2310 quasl
940 2267 1111 2302 ΚΡΟΝΟ(
1134 2267 1170 2302 Β
1228 2266 1386 2302 uocatus
1400 2264 1446 2302 B'
