1526 2444
163 84 251 127 386
667 85 764 122 sA'r.
788 84 916 120 LIBRI
942 85 991 122 VI

224 191 499 245 caprigenum
530 191 632 232 trita
661 191 845 246 ungulis.

163 271 277 313 idem
307 272 352 313 in
381 271 620 314 Minotauro

224 352 446 407 taurigeno
479 353 638 394 semine
669 354 808 394 ortum
838 352 967 395 fuisse
999 367 1053 395 an
1083 354 1297 396 humano?

99 449 155 491 15
169 449 362 491 decenter
387 452 429 491 et
452 449 519 491 his
546 449 744 504 epithetis
764 450 979 506 Vergilius
1004 466 1105 493 usus
1126 454 1207 493 est.
1232 466 1309 505 pro
1329 451 1486 507 sagitta
1524 496 1526 498 ,

165 507 383 549 uolatile
408 507 594 549 ferrum
620 511 662 549 et
686 522 763 560 pro
789 508 992 550 Romanis
1018 511 1315 563 gentemque
1340 513 1482 564 toga·
1518 513 1526 581 j

164 567 285 620 tam,
315 579 493 620 quorum
519 565 651 607 altero
678 564 840 618 Sueius,
866 567 1001 608 altero
1026 566 1232 608 Laberius
1258 582 1357 609 usus
1383 570 1485 609 erat.

164 637 265 664 nam
298 622 447 665 Sueius
478 624 523 665 in
553 623 661 664 libro
693 624 841 677 quinto
873 625 933 665 ait

443 705 744 758 uolucrumque
775 705 947 746 uolatile
978 706 1122 747 telum.

164 800 214 827 ac
243 784 448 826 Laberius
479 785 523 826 in
554 784 732 847 Ephebo

222 865 440 907 licentiam
471 879 520 906 ac
550 864 766 906 libidinem
796 867 845 907 ut
874 866 1021 907 tollam
1054 866 1164 919 petis

221 925 395 978 togatae
428 923 585 976 stirpis.

162 1004 273 1045 idem
304 1003 416 1044 infra

222 1085 374 1126 idcirco
407 1098 485 1138 ope
515 1085 664 1126 nostra
695 1083 918 1125 dilatatum
951 1086 1016 1125 est
1045 1083 1277 1124 dominium

221 1145 395 1197 togatae
426 1142 578 1196 gentis.

89 1240 157 1282 VI
273 1239 455 1294 Figuras
498 1254 616 1294 uero,
660 1254 762 1294 quas
805 1239 936 1280 traxit
972 1239 1022 1280 de
1057 1240 1287 1293 uetustate,
1331 1238 1368 1280 si
1404 1253 1474 1286 uo*-

162 1297 347 1339 lentibus
383 1297 506 1338 uobis
544 1297 642 1352 erit,
677 1311 771 1338 cum
807 1296 1032 1351 repentina
1068 1296 1272 1338 memoria
1309 1309 1500 1352 sugges--

165 1355 284 1410 serit,
316 1355 582 1396 enumerabo.
642 1354 713 1395 sed
744 1369 855 1396 nunc
886 1354 999 1396 dicat
1029 1355 1128 1396 uolo
1161 1353 1342 1407 Seruius,
1375 1369 1482 1408 quae

162 1413 206 1454 in
232 1412 425 1467 Vergilio
450 1412 664 1454 notauerit
689 1412 741 1453 ab
766 1412 860 1466 ipso
885 1412 1080 1467 figurata,
1109 1426 1195 1453 non
1221 1425 1245 1453 a
1269 1412 1482 1454 ueteribus

164 1472 355 1525 accepta,
391 1471 460 1512 uel
497 1484 602 1511 ausu
638 1469 805 1524 poetico
844 1484 954 1512 noue
986 1470 1154 1524 quidem
1185 1469 1258 1511 sed
1289 1469 1484 1511 decenter

161 1531 375 1582 usurpata.
448 1528 601 1569 cotidie
651 1527 764 1568 enim
807 1527 1027 1569 Romanae
1070 1526 1205 1568 indoli
1248 1528 1480 1570 enarrando

163 1586 340 1628 eundem
377 1587 519 1627 uatem
554 1599 725 1627 necesse
757 1587 823 1626 est
852 1585 1009 1626 habeat
1038 1585 1163 1627 huius
1196 1585 1482 1627 adnotationis

163 1644 382 1686 scientiam
417 1640 751 1698 promptiorem.'
811 1643 973 1696 placuit
1008 1642 1217 1684 uniuersis
1255 1643 1403 1685 electio
1438 1643 1483 1684 in

162 1702 326 1756 reliqua
357 1701 533 1752 suffecti,
564 1703 606 1742 et
637 1700 851 1742 adhortati
875 1703 974 1741 sunt
998 1698 1204 1752 Seruium,
1233 1702 1280 1742 ut
1306 1715 1412 1754 quae
1436 1701 1482 1742 in

121 1763 208 1803 2se
245 1759 388 1801 refusa
425 1761 525 1800 sunt
561 1759 798 1800 adnotaret.
856 1758 928 1799 ille
961 1758 1020 1800 sic
1051 1758 1200 1811 incipit
1230 1758 1366 1800 ‘uates
1399 1758 1480 1800 iste

161 1817 417 1858 uenerabilis
455 1817 571 1858 uarie
605 1816 730 1858 modo
760 1816 893 1857 uerba
922 1816 1046 1858 modo
1079 1830 1229 1857 sensus
1259 1816 1480 1870 figurando
1525 1861 1526 1873 ἶ

161 1875 341 1915 multum
379 1874 602 1915 Latinitati
643 1874 798 1928 leporis
836 1873 999 1915 adiecit.
1066 1873 1206 1927 qualia
1243 1876 1342 1914 sunt
1377 1873 1457 1915 hae
1524 1876 1526 1907 ἰ

256 1991 274 2020 1
299 2000 334 2022 u.
361 1990 428 2021 544
453 1988 507 2022 ed.
534 1991 554 2021 2
581 1987 686 2022 Ribb.
800 1991 820 2021 3
845 1999 879 2021 u.
904 1990 972 2022 463
999 1987 1054 2022 ed.
1080 1991 1100 2022 2
1126 1986 1231 2021 Ribh.
1340 1990 1362 2020 4
1387 1975 1478 2023 Aeng

159 2034 298 2114 gilgbm
372 2037 391 2067 6
416 2033 465 2069 ib.
491 2034 507 2067 Ι
532 2038 599 2068 282
674 2037 715 2067 ιο
740 2045 774 2068 u.
800 2037 844 2067 42
871 2034 926 2068 ed.
951 2037 971 2068 2
997 2033 1103 2069 Ribb.
1178 2036 1220 2067 13
1246 2045 1278 2069 u.
1305 2036 1350 2067 44
1375 2033 1431 2068 ed.

255 2188 273 2218 1
299 2185 389 2218 tr1to
417 2183 453 2217 P
545 2186 565 2216 3
590 2182 694 2218 fuffse
719 2194 784 2218 om.
813 2183 848 2216 P
934 2187 954 2217 6
980 2182 1087 2227 Γυθη
1091 2182 1134 2216 us
1154 2183 1244 2225 (uid.
1269 2182 1381 2225 fuisse
1404 2181 1444 2216 su

158 2230 258 2274 mus)
283 2230 320 2264 P
405 2229 509 2264 eurus
529 2230 565 2263 P
651 2233 670 2263 7
696 2228 817 2264 sueiul'
835 2240 886 2264 ,ςισ
910 2229 947 2263 P
1024 2232 1044 2263 9
1070 2239 1089 2265 e
1091 2229 1212 2276 phebo
1238 2227 1275 2263 P
1355 2232 1396 2264 10
1420 2228 1463 2271 L,

160 2277 284 2311 ventui
311 2277 348 2311 P
415 2276 514 2322 petis
533 2287 598 2311 om.
623 2276 660 2310 P
728 2279 772 2310 22
797 2275 914 2311 electo
938 2275 975 2310 P
