<?xml version="1.0" encoding="UTF-8"?>
<!DOCTYPE html PUBLIC "-//W3C//DTD XHTML 1.0 Transitional//EN"
    "http://www.w3.org/TR/xhtml1/DTD/xhtml1-transitional.dtd">
<html xmlns="http://www.w3.org/1999/xhtml" xml:lang="en" lang="en">
 <head>
  <title>
</title>
<meta http-equiv="Content-Type" content="text/html;charset=utf-8" />
  <meta name='ocr-system' content='tesseract 3.04.00' />
  <meta name='ocr-capabilities' content='ocr_page ocr_carea ocr_par ocr_line ocrx_word'/>
</head>
<body>
  <div class='ocr_page' id='page_1' title='image "./macrobiusfrancis00macruoft_0625.png"; bbox 0 0 1526 2444; ppageno 0'>
   <div class='ocr_carea' id='block_1_1' title="bbox 486 79 1398 122">
    <p class='ocr_par' dir='ltr' id='par_1_1' title="bbox 486 79 1398 122">
     <span class='ocr_line' id='line_1_1' title="bbox 486 79 1398 122; baseline 0.007 -5"><span class='ocrx_word' id='word_1_1' title='bbox 486 80 556 117; x_wconf 83' lang='lat' dir='ltr'>vn</span> <span class='ocrx_word' id='word_1_2' title='bbox 581 83 718 117; x_wconf 80' lang='lat'>20—21</span> <span class='ocrx_word' id='word_1_3' title='bbox 758 80 844 116; x_wconf 88' lang='lat' dir='ltr'>vm</span> <span class='ocrx_word' id='word_1_4' title='bbox 870 83 960 116; x_wconf 77' lang='grc'>1-6</span> <span class='ocrx_word' id='word_1_5' title='bbox 1313 79 1398 122; x_wconf 87' lang='grc'>613</span> 
     </span>
    </p>
   </div>
   <div class='ocr_carea' id='block_1_2' title="bbox 0 189 1444 1170">
    <p class='ocr_par' dir='ltr' id='par_1_2' title="bbox 0 189 1444 1168">
     <span class='ocr_line' id='line_1_2' title="bbox 52 189 1399 245; baseline -0.001 -13"><span class='ocrx_word' id='word_1_6' title='bbox 52 203 131 232; x_wconf 88' lang='lat' dir='ltr'>nec</span> <span class='ocrx_word' id='word_1_7' title='bbox 177 189 344 245; x_wconf 88' lang='lat' dir='ltr'>opinari</span> <span class='ocrx_word' id='word_1_8' title='bbox 386 189 453 231; x_wconf 78' lang='lat' dir='ltr'>fas</span> <span class='ocrx_word' id='word_1_9' title='bbox 493 191 577 243; x_wconf 90' lang='lat' dir='ltr'>est,</span> <span class='ocrx_word' id='word_1_10' title='bbox 620 189 721 244; x_wconf 89' lang='lat' dir='ltr'>quia</span> <span class='ocrx_word' id='word_1_11' title='bbox 756 191 956 232; x_wconf 86' lang='lat' dir='ltr'>neutrum</span> <span class='ocrx_word' id='word_1_12' title='bbox 997 189 1211 245; x_wconf 88' lang='lat' dir='ltr'>tropicum</span> <span class='ocrx_word' id='word_1_13' title='bbox 1249 203 1399 231; x_wconf 81' lang='lat' dir='ltr'>cursus</span> 
     </span>
     <span class='ocr_line' id='line_1_3' title="bbox 25 247 1399 304; baseline -0.001 -13"><span class='ocrx_word' id='word_1_14' title='bbox 25 249 157 292; x_wconf 87' lang='lat' dir='ltr'>·solis</span> <span class='ocrx_word' id='word_1_15' title='bbox 195 248 374 291; x_wconf 77' lang='lat' dir='ltr'>excedit.</span> <span class='ocrx_word' id='word_1_16' title='bbox 433 262 537 290; x_wconf 91' lang='lat' dir='ltr'>num</span> <span class='ocrx_word' id='word_1_17' title='bbox 576 248 712 303; x_wconf 89' lang='lat' dir='ltr'>igitur</span> <span class='ocrx_word' id='word_1_18' title='bbox 747 248 852 290; x_wconf 90' lang='lat' dir='ltr'>illud</span> <span class='ocrx_word' id='word_1_19' title='bbox 893 248 1107 304; x_wconf 73' lang='lat' dir='ltr'><strong>adtendit,</strong></span> <span class='ocrx_word' id='word_1_20' title='bbox 1144 247 1257 304; x_wconf 88' lang='lat' dir='ltr'>quod</span> <span class='ocrx_word' id='word_1_21' title='bbox 1295 248 1399 290; x_wconf 79' lang='lat' dir='ltr'>dixi-</span> 
     </span>
     <span class='ocr_line' id='line_1_4' title="bbox 53 307 1400 363; baseline -0.001 -13"><span class='ocrx_word' id='word_1_22' title='bbox 53 321 168 362; x_wconf 77' lang='lat' dir='ltr'>mUS,</span> <span class='ocrx_word' id='word_1_23' title='bbox 212 310 255 349; x_wconf 93' lang='lat' dir='ltr'>et</span> <span class='ocrx_word' id='word_1_24' title='bbox 291 308 407 349; x_wconf 90' lang='lat' dir='ltr'>intra</span> <span class='ocrx_word' id='word_1_25' title='bbox 443 307 659 362; x_wconf 89' lang='lat' dir='ltr'>tropicum</span> <span class='ocrx_word' id='word_1_26' title='bbox 696 307 741 348; x_wconf 92' lang='lat' dir='ltr'>in</span> <span class='ocrx_word' id='word_1_27' title='bbox 781 322 832 349; x_wconf 88' lang='lat' dir='ltr'>ea</span> <span class='ocrx_word' id='word_1_28' title='bbox 868 309 1068 362; x_wconf 89' lang='lat' dir='ltr'>perustae</span> <span class='ocrx_word' id='word_1_29' title='bbox 1107 309 1249 363; x_wconf 90' lang='lat' dir='ltr'>parte,</span> <span class='ocrx_word' id='word_1_30' title='bbox 1292 321 1400 362; x_wconf 90' lang='lat' dir='ltr'>quae</span> 
     </span>
     <span class='ocr_line' id='line_1_5' title="bbox 51 364 1439 422; baseline 0 -14"><span class='ocrx_word' id='word_1_31' title='bbox 51 366 195 408; x_wconf 84' lang='lat' dir='ltr'>uicina</span> <span class='ocrx_word' id='word_1_32' title='bbox 233 368 299 408; x_wconf 88' lang='lat' dir='ltr'>est</span> <span class='ocrx_word' id='word_1_33' title='bbox 328 368 609 421; x_wconf 73' lang='lat' dir='ltr'>temperatae,</span> <span class='ocrx_word' id='word_1_34' title='bbox 646 364 914 409; x_wconf 81' lang='lat' dir='ltr'>habitatores</span> <span class='ocrx_word' id='word_1_35' title='bbox 946 366 1065 409; x_wconf 80' lang='lat' dir='ltr'>esse?</span> <span class='ocrx_word' id='word_1_36' title='bbox 1126 381 1228 408; x_wconf 88' lang='lat' dir='ltr'>nam</span> <span class='ocrx_word' id='word_1_37' title='bbox 1259 364 1439 422; x_wconf 85' lang='lat' dir='ltr'>Syene3</span> 
     </span>
     <span class='ocr_line' id='line_1_6' title="bbox 0 424 1399 480; baseline -0.001 -12"><span class='ocrx_word' id='word_1_38' title='bbox 0 425 133 472; x_wconf 62' lang='lat' dir='ltr'>[sub</span> <span class='ocrx_word' id='word_1_39' title='bbox 175 425 271 480; x_wconf 92' lang='lat' dir='ltr'>ipso</span> <span class='ocrx_word' id='word_1_40' title='bbox 315 426 484 480; x_wconf 88' lang='lat' dir='ltr'>tropico</span> <span class='ocrx_word' id='word_1_41' title='bbox 533 429 618 480; x_wconf 89' lang='lat' dir='ltr'>est,</span> <span class='ocrx_word' id='word_1_42' title='bbox 665 424 811 468; x_wconf 88' lang='lat' dir='ltr'>Meroe</span> <span class='ocrx_word' id='word_1_43' title='bbox 855 428 999 468; x_wconf 89' lang='lat' dir='ltr'>autem</span> <span class='ocrx_word' id='word_1_44' title='bbox 1042 426 1181 467; x_wconf 86' lang='lat' dir='ltr'>tribus</span> <span class='ocrx_word' id='word_1_45' title='bbox 1224 425 1399 467; x_wconf 90' lang='lat' dir='ltr'>milibus</span> 
     </span>
     <span class='ocr_line' id='line_1_7' title="bbox 51 482 1400 539; baseline -0.001 -12"><span class='ocrx_word' id='word_1_46' title='bbox 51 483 312 539; x_wconf 83' lang='lat' dir='ltr'>octingentis</span> <span class='ocrx_word' id='word_1_47' title='bbox 362 484 514 526; x_wconf 83' lang='lat' dir='ltr'>stadiis</span> <span class='ocrx_word' id='word_1_48' title='bbox 559 484 605 526; x_wconf 91' lang='lat' dir='ltr'>in</span> <span class='ocrx_word' id='word_1_49' title='bbox 647 487 868 539; x_wconf 89' lang='lat' dir='ltr'>perustam</span> <span class='ocrx_word' id='word_1_50' title='bbox 912 499 938 526; x_wconf 93' lang='lat' dir='ltr'>a</span> <span class='ocrx_word' id='word_1_51' title='bbox 981 482 1118 539; x_wconf 86' lang='lat' dir='ltr'>Syene</span> <span class='ocrx_word' id='word_1_52' title='bbox 1162 485 1400 526; x_wconf 87' lang='lat' dir='ltr'>introrsum</span> 
     </span>
     <span class='ocr_line' id='line_1_8' title="bbox 50 542 1401 598; baseline 0.001 -13.968"><span class='ocrx_word' id='word_1_53' title='bbox 50 542 231 597; x_wconf 84' lang='lat' dir='ltr'>recedit,</span> <span class='ocrx_word' id='word_1_54' title='bbox 268 545 311 584; x_wconf 92' lang='lat' dir='ltr'>et</span> <span class='ocrx_word' id='word_1_55' title='bbox 348 543 402 584; x_wconf 89' lang='lat' dir='ltr'>ab</span> <span class='ocrx_word' id='word_1_56' title='bbox 440 543 519 584; x_wconf 88' lang='lat' dir='ltr'>illa</span> <span class='ocrx_word' id='word_1_57' title='bbox 558 557 693 598; x_wconf 91' lang='lat' dir='ltr'>usque</span> <span class='ocrx_word' id='word_1_58' title='bbox 725 544 778 585; x_wconf 89' lang='lat' dir='ltr'>ad</span> <span class='ocrx_word' id='word_1_59' title='bbox 810 546 970 586; x_wconf 83' lang='lat' dir='ltr'>terram</span> <span class='ocrx_word' id='word_1_60' title='bbox 1002 543 1261 586; x_wconf 89' lang='lat' dir='ltr'>cinnamomi</span> <span class='ocrx_word' id='word_1_61' title='bbox 1291 544 1401 585; x_wconf 85' lang='lat' dir='ltr'>fera·</span> 
     </span>
     <span class='ocr_line' id='line_1_9' title="bbox 2 601 1401 658; baseline 0 -14"><span class='ocrx_word' id='word_1_62' title='bbox 2 609 23 637; x_wconf 54' lang='lat'>&#39;1</span> <span class='ocrx_word' id='word_1_63' title='bbox 52 615 143 644; x_wconf 89' lang='lat' dir='ltr'>cem</span> <span class='ocrx_word' id='word_1_64' title='bbox 176 603 278 643; x_wconf 86' lang='lat' dir='ltr'>sunt</span> <span class='ocrx_word' id='word_1_65' title='bbox 309 601 449 643; x_wconf 86' lang='lat' dir='ltr'>stadia</span> <span class='ocrx_word' id='word_1_66' title='bbox 481 602 748 658; x_wconf 83' lang='lat' dir='ltr'>octingenta,</span> <span class='ocrx_word' id='word_1_67' title='bbox 779 606 822 644; x_wconf 92' lang='lat' dir='ltr'>et</span> <span class='ocrx_word' id='word_1_68' title='bbox 853 617 929 658; x_wconf 92' lang='lat' dir='ltr'>per</span> <span class='ocrx_word' id='word_1_69' title='bbox 955 602 1060 645; x_wconf 87' lang='lat' dir='ltr'>haec</span> <span class='ocrx_word' id='word_1_70' title='bbox 1086 603 1232 645; x_wconf 92' lang='lat' dir='ltr'>omnia</span> <span class='ocrx_word' id='word_1_71' title='bbox 1258 602 1401 658; x_wconf 84' lang='lat' dir='ltr'>spatia</span> 
     </span>
     <span class='ocr_line' id='line_1_10' title="bbox 50 660 1401 715; baseline 0.001 -13"><span class='ocrx_word' id='word_1_72' title='bbox 50 661 250 715; x_wconf 88' lang='lat' dir='ltr'>perustae</span> <span class='ocrx_word' id='word_1_73' title='bbox 299 660 403 703; x_wconf 91' lang='lat' dir='ltr'>licet</span> <span class='ocrx_word' id='word_1_74' title='bbox 444 661 532 702; x_wconf 87' lang='lat' dir='ltr'>rari</span> <span class='ocrx_word' id='word_1_75' title='bbox 572 664 718 703; x_wconf 90' lang='lat' dir='ltr'>tamen</span> <span class='ocrx_word' id='word_1_76' title='bbox 761 662 852 703; x_wconf 89' lang='lat' dir='ltr'>uita</span> <span class='ocrx_word' id='word_1_77' title='bbox 895 661 1097 703; x_wconf 88' lang='lat' dir='ltr'>fruuntur</span> <span class='ocrx_word' id='word_1_78' title='bbox 1138 662 1401 715; x_wconf 82' lang='lat' dir='ltr'>habitantes,</span> 
     </span>
     <span class='ocr_line' id='line_1_11' title="bbox 51 719 1399 775; baseline 0.001 -15"><span class='ocrx_word' id='word_1_79' title='bbox 51 719 167 761; x_wconf 90' lang='lat' dir='ltr'>ultra</span> <span class='ocrx_word' id='word_1_80' title='bbox 203 733 306 761; x_wconf 90' lang='lat' dir='ltr'>uero</span> <span class='ocrx_word' id='word_1_81' title='bbox 345 720 434 762; x_wconf 82' lang='lat' dir='ltr'>iam</span> <span class='ocrx_word' id='word_1_82' title='bbox 470 720 735 762; x_wconf 86' lang='lat' dir='ltr'>inaccessum</span> <span class='ocrx_word' id='word_1_83' title='bbox 773 723 840 762; x_wconf 89' lang='lat' dir='ltr'>est</span> <span class='ocrx_word' id='word_1_84' title='bbox 871 723 1051 775; x_wconf 90' lang='lat' dir='ltr'>propter</span> <span class='ocrx_word' id='word_1_85' title='bbox 1081 721 1262 762; x_wconf 89' lang='lat' dir='ltr'>nimium</span> <span class='ocrx_word' id='word_1_86' title='bbox 1296 721 1399 763; x_wconf 90' lang='lat' dir='ltr'>solis</span> 
     </span>
     <span class='ocr_line' id='line_1_12' title="bbox 52 778 1444 834; baseline 0.001 -15"><span class='ocrx_word' id='word_1_87' title='bbox 52 778 262 820; x_wconf 89' lang='lat' dir='ltr'>ardorem.</span> <span class='ocrx_word' id='word_1_88' title='bbox 323 792 418 820; x_wconf 89' lang='lat' dir='ltr'>cum</span> <span class='ocrx_word' id='word_1_89' title='bbox 456 792 560 833; x_wconf 89' lang='lat' dir='ltr'>ergo</span> <span class='ocrx_word' id='word_1_90' title='bbox 597 781 771 820; x_wconf 83' lang='lat' dir='ltr'>tantum</span> <span class='ocrx_word' id='word_1_91' title='bbox 814 778 944 833; x_wconf 87' lang='lat' dir='ltr'>spatii</span> <span class='ocrx_word' id='word_1_92' title='bbox 976 794 1027 821; x_wconf 87' lang='lat' dir='ltr'>ex</span> <span class='ocrx_word' id='word_1_93' title='bbox 1058 782 1233 834; x_wconf 89' lang='lat' dir='ltr'>perusta</span> <span class='ocrx_word' id='word_1_94' title='bbox 1263 779 1444 821; x_wconf 87' lang='lat' dir='ltr'>uitam4</span> 
     </span>
     <span class='ocr_line' id='line_1_13' title="bbox 8 836 1400 892; baseline 0.002 -15"><span class='ocrx_word' id='word_1_95' title='bbox 8 863 25 886; x_wconf 63' lang='lat'><em>4</em></span> <span class='ocrx_word' id='word_1_96' title='bbox 50 836 278 890; x_wconf 90' lang='lat' dir='ltr'>ministret,</span> <span class='ocrx_word' id='word_1_97' title='bbox 310 839 354 878; x_wconf 92' lang='lat' dir='ltr'>et</span> <span class='ocrx_word' id='word_1_98' title='bbox 385 837 476 878; x_wconf 91' lang='lat' dir='ltr'>sine</span> <span class='ocrx_word' id='word_1_99' title='bbox 508 837 638 879; x_wconf 87' lang='lat' dir='ltr'>dubio</span> <span class='ocrx_word' id='word_1_100' title='bbox 666 837 779 880; x_wconf 86' lang='lat' dir='ltr'>circa</span> <span class='ocrx_word' id='word_1_101' title='bbox 804 837 1008 880; x_wconf 88' lang='lat' dir='ltr'>uiciniam</span> <span class='ocrx_word' id='word_1_102' title='bbox 1034 838 1209 880; x_wconf 90' lang='lat' dir='ltr'>alterius</span> <span class='ocrx_word' id='word_1_103' title='bbox 1234 840 1400 892; x_wconf 88' lang='lat' dir='ltr'>tempe-</span> 
     </span>
     <span class='ocr_line' id='line_1_14' title="bbox 0 870 1400 1170; baseline 0.001 -233"><span class='ocrx_word' id='word_1_104' title='bbox 0 898 209 1170; x_wconf 42' lang='lat' dir='ltr'>Qratae,</span> <span class='ocrx_word' id='word_1_105' title='bbox 230 870 278 937; x_wconf 83' lang='lat' dir='ltr'>id&#39;</span> <span class='ocrx_word' id='word_1_106' title='bbox 317 898 382 937; x_wconf 90' lang='lat' dir='ltr'>est</span> <span class='ocrx_word' id='word_1_107' title='bbox 424 897 702 938; x_wconf 87' lang='lat' dir='ltr'>antoecorum</span> <span class='ocrx_word' id='word_1_108' title='bbox 745 897 1018 939; x_wconf 87' lang='lat' dir='ltr'>tantumdem</span> <span class='ocrx_word' id='word_1_109' title='bbox 1062 897 1195 952; x_wconf 86' lang='lat' dir='ltr'>spatii</span> <span class='ocrx_word' id='word_1_110' title='bbox 1240 897 1400 939; x_wconf 90' lang='lat' dir='ltr'>habere</span> 
     </span>
    </p>
   </div>
   <div class='ocr_carea' id='block_1_3' title="bbox 0 0 36 904">
    <p class='ocr_par' dir='ltr' id='par_1_3' title="bbox 0 0 36 904">
     <span class='ocr_line' id='line_1_15' title="bbox 0 0 36 904; baseline 0 0"><span class='ocrx_word' id='word_1_111' title='bbox 0 0 36 904; x_wconf 95' lang='lat' dir='ltr'> </span> 
     </span>
    </p>
   </div>
   <div class='ocr_carea' id='block_1_4' title="bbox 0 953 1440 1902">
    <p class='ocr_par' dir='ltr' id='par_1_4' title="bbox 0 953 1440 1902">
     <span class='ocr_line' id='line_1_16' title="bbox 50 953 1402 1011; baseline 0.001 -15"><span class='ocrx_word' id='word_1_112' title='bbox 50 956 250 1009; x_wconf 87' lang='lat' dir='ltr'>perustae</span> <span class='ocrx_word' id='word_1_113' title='bbox 280 953 389 996; x_wconf 90' lang='lat' dir='ltr'>fines</span> <span class='ocrx_word' id='word_1_114' title='bbox 414 955 510 1009; x_wconf 90' lang='lat' dir='ltr'>pari</span> <span class='ocrx_word' id='word_1_115' title='bbox 533 955 861 998; x_wconf 88' lang='lat' dir='ltr'>mansuetudine</span> <span class='ocrx_word' id='word_1_116' title='bbox 885 970 974 998; x_wconf 90' lang='lat' dir='ltr'>non</span> <span class='ocrx_word' id='word_1_117' title='bbox 999 959 1181 1011; x_wconf 85' lang='lat' dir='ltr'>negetur</span> <span class='ocrx_word' id='word_1_118' title='bbox 1204 980 1254 986; x_wconf 93' lang='lat'>—-</span> <span class='ocrx_word' id='word_1_119' title='bbox 1278 956 1402 1011; x_wconf 85' lang='lat' dir='ltr'>paria</span> 
     </span>
     <span class='ocr_line' id='line_1_17' title="bbox 51 1014 1400 1069; baseline 0.002 -15"><span class='ocrx_word' id='word_1_120' title='bbox 51 1027 165 1055; x_wconf 81' lang='lat' dir='ltr'>enlm</span> <span class='ocrx_word' id='word_1_121' title='bbox 196 1027 241 1055; x_wconf 90' lang='lat' dir='ltr'>1n</span> <span class='ocrx_word' id='word_1_122' title='bbox 271 1015 453 1069; x_wconf 89' lang='lat' dir='ltr'>utraque</span> <span class='ocrx_word' id='word_1_123' title='bbox 484 1016 606 1068; x_wconf 89' lang='lat' dir='ltr'>parte</span> <span class='ocrx_word' id='word_1_124' title='bbox 640 1017 741 1056; x_wconf 90' lang='lat' dir='ltr'>sunt</span> <span class='ocrx_word' id='word_1_125' title='bbox 772 1015 917 1056; x_wconf 90' lang='lat' dir='ltr'>omnia</span> <span class='ocrx_word' id='word_1_126' title='bbox 941 1039 989 1045; x_wconf 92' lang='lat'>-—</span> <span class='ocrx_word' id='word_1_127' title='bbox 1013 1014 1109 1057; x_wconf 89' lang='lat' dir='ltr'>ideo</span> <span class='ocrx_word' id='word_1_128' title='bbox 1142 1014 1400 1058; x_wconf 86' lang='lat' dir='ltr'>credendum</span> 
     </span>
     <span class='ocr_line' id='line_1_18' title="bbox 50 1073 1399 1139; baseline 0.002 -26"><span class='ocrx_word' id='word_1_129' title='bbox 50 1074 116 1114; x_wconf 88' lang='lat' dir='ltr'>est</span> <span class='ocrx_word' id='word_1_130' title='bbox 145 1086 223 1127; x_wconf 91' lang='lat' dir='ltr'>per</span> <span class='ocrx_word' id='word_1_131' title='bbox 253 1073 468 1127; x_wconf 90' lang='lat' dir='ltr'>poeticam</span> <span class='ocrx_word' id='word_1_132' title='bbox 496 1073 656 1139; x_wconf 82' lang='lat' dir='ltr'>tubam,</span> <span class='ocrx_word' id='word_1_133' title='bbox 688 1088 796 1128; x_wconf 89' lang='lat' dir='ltr'>quae</span> <span class='ocrx_word' id='word_1_134' title='bbox 822 1075 967 1116; x_wconf 89' lang='lat' dir='ltr'>omnia</span> <span class='ocrx_word' id='word_1_135' title='bbox 992 1088 1161 1130; x_wconf 85' lang='lat' dir='ltr'>semper</span> <span class='ocrx_word' id='word_1_136' title='bbox 1186 1074 1233 1115; x_wconf 92' lang='lat' dir='ltr'>in</span> <span class='ocrx_word' id='word_1_137' title='bbox 1258 1075 1399 1116; x_wconf 85' lang='lat' dir='ltr'>maius</span> 
     </span>
     <span class='ocr_line' id='line_1_19' title="bbox 50 1130 1400 1188; baseline 0.001 -15"><span class='ocrx_word' id='word_1_138' title='bbox 50 1130 237 1184; x_wconf 89' lang='lat' dir='ltr'>extollit,</span> <span class='ocrx_word' id='word_1_139' title='bbox 286 1130 445 1173; x_wconf 81' lang='lat' dir='ltr'>dixisse</span> <span class='ocrx_word' id='word_1_140' title='bbox 490 1131 607 1173; x_wconf 88' lang='lat' dir='ltr'>uiam</span> <span class='ocrx_word' id='word_1_141' title='bbox 651 1132 754 1174; x_wconf 85' lang='lat' dir='ltr'>solis</span> <span class='ocrx_word' id='word_1_142' title='bbox 800 1135 960 1175; x_wconf 89' lang='lat' dir='ltr'>sectam</span> <span class='ocrx_word' id='word_1_143' title='bbox 1003 1147 1080 1188; x_wconf 90' lang='lat' dir='ltr'>per</span> <span class='ocrx_word' id='word_1_144' title='bbox 1122 1135 1400 1188; x_wconf 77' lang='lat' dir='ltr'>temperatas,</span> 
     </span>
     <span class='ocr_line' id='line_1_20' title="bbox 0 1184 1399 1250; baseline 0.003 -20.023"><span class='ocrx_word' id='word_1_145' title='bbox 0 1184 255 1250; x_wconf 57' lang='lat' dir='ltr'>{quomam</span> <span class='ocrx_word' id='word_1_146' title='bbox 293 1204 344 1231; x_wconf 84' lang='lat' dir='ltr'>ex</span> <span class='ocrx_word' id='word_1_147' title='bbox 381 1193 563 1245; x_wconf 83' lang='lat' dir='ltr'>utraque</span> <span class='ocrx_word' id='word_1_148' title='bbox 599 1194 722 1245; x_wconf 89' lang='lat' dir='ltr'>parte</span> <span class='ocrx_word' id='word_1_149' title='bbox 758 1191 866 1233; x_wconf 89' lang='lat' dir='ltr'>fines</span> <span class='ocrx_word' id='word_1_150' title='bbox 904 1195 1106 1248; x_wconf 88' lang='lat' dir='ltr'>perustae</span> <span class='ocrx_word' id='word_1_151' title='bbox 1137 1192 1183 1234; x_wconf 91' lang='lat' dir='ltr'>in</span> <span class='ocrx_word' id='word_1_152' title='bbox 1215 1206 1264 1234; x_wconf 91' lang='lat' dir='ltr'>eo</span> <span class='ocrx_word' id='word_1_153' title='bbox 1298 1197 1399 1234; x_wconf 90' lang='lat' dir='ltr'>sunt</span> 
     </span>
     <span class='ocr_line' id='line_1_21' title="bbox 11 1248 1440 1305; baseline 0.003 -16.112"><span class='ocrx_word' id='word_1_154' title='bbox 11 1248 211 1290; x_wconf 85' lang='lat' dir='ltr'>similes</span> <span class='ocrx_word' id='word_1_155' title='bbox 249 1250 518 1304; x_wconf 88' lang='lat' dir='ltr'>temperatis,</span> <span class='ocrx_word' id='word_1_156' title='bbox 557 1250 671 1304; x_wconf 90' lang='lat' dir='ltr'>quod</span> <span class='ocrx_word' id='word_1_157' title='bbox 712 1264 757 1292; x_wconf 91' lang='lat' dir='ltr'>se</span> <span class='ocrx_word' id='word_1_158' title='bbox 795 1250 1016 1305; x_wconf 89' lang='lat' dir='ltr'>patiuntur</span> <span class='ocrx_word' id='word_1_159' title='bbox 1052 1250 1271 1294; x_wconf 80' lang='lat' dir='ltr'>habitari?</span> <span class='ocrx_word' id='word_1_160' title='bbox 1339 1266 1395 1294; x_wconf 88' lang='lat' dir='ltr'>an</span> <span class='ocrx_word' id='word_1_161' title='bbox 1413 1251 1440 1293; x_wconf 84' lang='lat'>5</span> 
     </span>
     <span class='ocr_line' id='line_1_22' title="bbox 27 1304 1398 1365; baseline 0.002 -16.051"><span class='ocrx_word' id='word_1_162' title='bbox 27 1304 163 1350; x_wconf 87' lang='lat' dir='ltr'>forte</span> <span class='ocrx_word' id='word_1_163' title='bbox 212 1307 384 1362; x_wconf 84' lang='lat' dir='ltr'>poetica</span> <span class='ocrx_word' id='word_1_164' title='bbox 433 1308 612 1351; x_wconf 86' lang='lat' dir='ltr'>licentia</span> <span class='ocrx_word' id='word_1_165' title='bbox 659 1309 920 1364; x_wconf 88' lang='lat' dir='ltr'>particulam</span> <span class='ocrx_word' id='word_1_166' title='bbox 962 1325 1040 1365; x_wconf 89' lang='lat' dir='ltr'>pro</span> <span class='ocrx_word' id='word_1_167' title='bbox 1087 1310 1219 1352; x_wconf 90' lang='lat' dir='ltr'>simili</span> <span class='ocrx_word' id='word_1_168' title='bbox 1261 1325 1398 1365; x_wconf 91' lang='lat' dir='ltr'>paene</span> 
     </span>
     <span class='ocr_line' id='line_1_23' title="bbox 0 1366 1400 1425; baseline 0.003 -18.142"><span class='ocrx_word' id='word_1_169' title='bbox 0 1366 262 1425; x_wconf 87' lang='lat' dir='ltr'>particula</span> <span class='ocrx_word' id='word_1_170' title='bbox 304 1367 451 1421; x_wconf 87' lang='lat' dir='ltr'>posuit</span> <span class='ocrx_word' id='word_1_171' title='bbox 494 1370 537 1409; x_wconf 87' lang='lat' dir='ltr'>et</span> <span class='ocrx_word' id='word_1_172' title='bbox 579 1382 657 1423; x_wconf 92' lang='lat' dir='ltr'>pro</span> <span class='ocrx_word' id='word_1_173' title='bbox 704 1369 795 1410; x_wconf 90' lang='lat' dir='ltr'>sub</span> <span class='ocrx_word' id='word_1_174' title='bbox 840 1369 1018 1411; x_wconf 89' lang='lat' dir='ltr'>ambas</span> <span class='ocrx_word' id='word_1_175' title='bbox 1063 1369 1203 1411; x_wconf 87' lang='lat' dir='ltr'>dicere</span> <span class='ocrx_word' id='word_1_176' title='bbox 1243 1369 1400 1411; x_wconf 87' lang='lat' dir='ltr'>maluit</span> 
     </span>
     <span class='ocr_line' id='line_1_24' title="bbox 0 1425 1398 1480; baseline 0.003 -14"><span class='ocrx_word' id='word_1_177' title='bbox 0 1437 29 1475; x_wconf 51' lang='lat' dir='ltr'>{r</span> <span class='ocrx_word' id='word_1_178' title='bbox 49 1439 138 1480; x_wconf 92' lang='lat' dir='ltr'>per</span> <span class='ocrx_word' id='word_1_179' title='bbox 168 1425 372 1467; x_wconf 78' lang='lat' dir='ltr'>ambas?</span> <span class='ocrx_word' id='word_1_180' title='bbox 421 1440 522 1467; x_wconf 88' lang='lat' dir='ltr'>nam</span> <span class='ocrx_word' id='word_1_181' title='bbox 553 1441 599 1468; x_wconf 91' lang='lat' dir='ltr'>re</span> <span class='ocrx_word' id='word_1_182' title='bbox 630 1441 734 1469; x_wconf 88' lang='lat' dir='ltr'>uera</span> <span class='ocrx_word' id='word_1_183' title='bbox 766 1427 918 1470; x_wconf 87' lang='lat' dir='ltr'>ductus</span> <span class='ocrx_word' id='word_1_184' title='bbox 950 1427 1114 1470; x_wconf 88' lang='lat' dir='ltr'>zodiaci</span> <span class='ocrx_word' id='word_1_185' title='bbox 1140 1429 1219 1469; x_wconf 87' lang='lat' dir='ltr'>sub</span> <span class='ocrx_word' id='word_1_186' title='bbox 1248 1429 1398 1470; x_wconf 87' lang='lat' dir='ltr'>ambas</span> 
     </span>
     <span class='ocr_line' id='line_1_25' title="bbox 0 1484 1400 1542; baseline 0.001 -15"><span class='ocrx_word' id='word_1_187' title='bbox 0 1484 26 1536; x_wconf 60' lang='lat' dir='ltr'>t}</span> <span class='ocrx_word' id='word_1_188' title='bbox 49 1486 312 1538; x_wconf 87' lang='lat' dir='ltr'>temperatas</span> <span class='ocrx_word' id='word_1_189' title='bbox 354 1485 471 1526; x_wconf 90' lang='lat' dir='ltr'>ultro</span> <span class='ocrx_word' id='word_1_190' title='bbox 516 1485 709 1541; x_wconf 86' lang='lat' dir='ltr'>citroque</span> <span class='ocrx_word' id='word_1_191' title='bbox 751 1487 966 1542; x_wconf 88' lang='lat' dir='ltr'>peruenit,</span> <span class='ocrx_word' id='word_1_192' title='bbox 1009 1501 1097 1529; x_wconf 93' lang='lat' dir='ltr'>non</span> <span class='ocrx_word' id='word_1_193' title='bbox 1136 1489 1285 1528; x_wconf 89' lang='lat' dir='ltr'>tamen</span> <span class='ocrx_word' id='word_1_194' title='bbox 1322 1502 1400 1542; x_wconf 90' lang='lat' dir='ltr'>per</span> 
     </span>
     <span class='ocr_line' id='line_1_26' title="bbox 0 1530 1399 1600; baseline 0.004 -17"><span class='ocrx_word' id='word_1_195' title='bbox 0 1530 23 1580; x_wconf 50' lang='grc' dir='ltr'>Γ*</span> <span class='ocrx_word' id='word_1_196' title='bbox 51 1543 211 1597; x_wconf 88' lang='lat' dir='ltr'>ambas,</span> <span class='ocrx_word' id='word_1_197' title='bbox 244 1543 403 1585; x_wconf 90' lang='lat' dir='ltr'>scimus</span> <span class='ocrx_word' id='word_1_198' title='bbox 436 1546 579 1586; x_wconf 91' lang='lat' dir='ltr'>autem</span> <span class='ocrx_word' id='word_1_199' title='bbox 611 1547 653 1586; x_wconf 91' lang='lat' dir='ltr'>et</span> <span class='ocrx_word' id='word_1_200' title='bbox 682 1544 921 1587; x_wconf 89' lang='lat' dir='ltr'>Homerum</span> <span class='ocrx_word' id='word_1_201' title='bbox 952 1546 1094 1600; x_wconf 87' lang='lat' dir='ltr'>ipsum</span> <span class='ocrx_word' id='word_1_202' title='bbox 1125 1549 1168 1587; x_wconf 90' lang='lat' dir='ltr'>et</span> <span class='ocrx_word' id='word_1_203' title='bbox 1193 1546 1238 1587; x_wconf 89' lang='lat' dir='ltr'>in</span> <span class='ocrx_word' id='word_1_204' title='bbox 1265 1547 1399 1588; x_wconf 89' lang='lat' dir='ltr'>omni-</span> 
     </span>
     <span class='ocr_line' id='line_1_27' title="bbox 8 1601 1399 1659; baseline 0.003 -16"><span class='ocrx_word' id='word_1_205' title='bbox 8 1607 15 1611; x_wconf 83' lang='grc'><strong><em>’</em></strong></span> <span class='ocrx_word' id='word_1_206' title='bbox 49 1601 131 1643; x_wconf 92' lang='lat' dir='ltr'>bus</span> <span class='ocrx_word' id='word_1_207' title='bbox 174 1602 440 1645; x_wconf 84' lang='lat' dir='ltr'>imitatorem</span> <span class='ocrx_word' id='word_1_208' title='bbox 485 1603 575 1645; x_wconf 91' lang='lat' dir='ltr'>eius</span> <span class='ocrx_word' id='word_1_209' title='bbox 613 1603 837 1646; x_wconf 89' lang='lat' dir='ltr'>Maronem</span> <span class='ocrx_word' id='word_1_210' title='bbox 881 1619 1008 1659; x_wconf 91' lang='lat' dir='ltr'>saepe</span> <span class='ocrx_word' id='word_1_211' title='bbox 1052 1605 1163 1647; x_wconf 89' lang='lat' dir='ltr'>tales</span> <span class='ocrx_word' id='word_1_212' title='bbox 1207 1607 1399 1647; x_wconf 88' lang='lat' dir='ltr'>mutasse</span> 
     </span>
     <span class='ocr_line' id='line_1_28' title="bbox 49 1661 1440 1719; baseline 0.004 -17.874"><span class='ocrx_word' id='word_1_213' title='bbox 49 1661 296 1715; x_wconf 87' lang='lat' dir='ltr'>particulas.</span> <span class='ocrx_word' id='word_1_214' title='bbox 359 1676 432 1715; x_wconf 86' lang='lat' dir='ltr'>an,</span> <span class='ocrx_word' id='word_1_215' title='bbox 470 1662 582 1716; x_wconf 90' lang='lat' dir='ltr'>quod</span> <span class='ocrx_word' id='word_1_216' title='bbox 621 1663 728 1704; x_wconf 89' lang='lat' dir='ltr'>mihi</span> <span class='ocrx_word' id='word_1_217' title='bbox 766 1678 867 1705; x_wconf 86' lang='lat' dir='ltr'>uero</span> <span class='ocrx_word' id='word_1_218' title='bbox 896 1664 1072 1719; x_wconf 89' lang='lat' dir='ltr'>propius</span> <span class='ocrx_word' id='word_1_219' title='bbox 1097 1663 1280 1718; x_wconf 89' lang='lat' dir='ltr'>uidetur,</span> <span class='ocrx_word' id='word_1_220' title='bbox 1310 1669 1440 1719; x_wconf 79' lang='lat' dir='ltr'>perG</span> 
     </span>
     <span class='ocr_line' id='line_1_29' title="bbox 11 1719 1398 1778; baseline 0.004 -18"><span class='ocrx_word' id='word_1_221' title='bbox 11 1725 22 1743; x_wconf 71' lang='lat'><em>²</em></span> <span class='ocrx_word' id='word_1_222' title='bbox 51 1719 226 1761; x_wconf 87' lang='lat' dir='ltr'>ambas</span> <span class='ocrx_word' id='word_1_223' title='bbox 256 1734 334 1774; x_wconf 90' lang='lat' dir='ltr'>pro</span> <span class='ocrx_word' id='word_1_224' title='bbox 374 1720 512 1762; x_wconf 89' lang='lat' dir='ltr'>inter</span> <span class='ocrx_word' id='word_1_225' title='bbox 549 1721 725 1764; x_wconf 89' lang='lat' dir='ltr'>ambas</span> <span class='ocrx_word' id='word_1_226' title='bbox 756 1722 897 1765; x_wconf 89' lang='lat' dir='ltr'>uoluit</span> <span class='ocrx_word' id='word_1_227' title='bbox 922 1723 1147 1778; x_wconf 77' lang='lat' dir='ltr'>intellegi?</span> <span class='ocrx_word' id='word_1_228' title='bbox 1198 1723 1398 1766; x_wconf 87' lang='lat' dir='ltr'>zodiacus</span> 
     </span>
     <span class='ocr_line' id='line_1_30' title="bbox 51 1778 1398 1837; baseline 0.004 -17.823"><span class='ocrx_word' id='word_1_229' title='bbox 51 1778 162 1820; x_wconf 89' lang='lat' dir='ltr'>enim</span> <span class='ocrx_word' id='word_1_230' title='bbox 189 1778 302 1820; x_wconf 90' lang='lat' dir='ltr'>inter</span> <span class='ocrx_word' id='word_1_231' title='bbox 331 1779 477 1821; x_wconf 83' lang='lat' dir='ltr'>ambas</span> <span class='ocrx_word' id='word_1_232' title='bbox 503 1782 766 1835; x_wconf 88' lang='lat' dir='ltr'>temperatas</span> <span class='ocrx_word' id='word_1_233' title='bbox 791 1782 993 1836; x_wconf 89' lang='lat' dir='ltr'>uoluitur,</span> <span class='ocrx_word' id='word_1_234' title='bbox 1018 1796 1107 1824; x_wconf 89' lang='lat' dir='ltr'>non</span> <span class='ocrx_word' id='word_1_235' title='bbox 1132 1796 1209 1837; x_wconf 90' lang='lat' dir='ltr'>per</span> <span class='ocrx_word' id='word_1_236' title='bbox 1235 1782 1398 1835; x_wconf 87' lang='lat' dir='ltr'>ambas,</span> 
     </span>
     <span class='ocr_line' id='line_1_31' title="bbox 9 1837 1398 1902; baseline 0.004 -24"><span class='ocrx_word' id='word_1_237' title='bbox 9 1842 24 1902; x_wconf 90' lang='grc' dir='ltr'>Ξ</span> <span class='ocrx_word' id='word_1_238' title='bbox 50 1837 325 1879; x_wconf 86' lang='lat' dir='ltr'>familiariter</span> <span class='ocrx_word' id='word_1_239' title='bbox 363 1840 507 1880; x_wconf 90' lang='lat' dir='ltr'>autem</span> <span class='ocrx_word' id='word_1_240' title='bbox 544 1854 633 1894; x_wconf 90' lang='lat' dir='ltr'>per</span> <span class='ocrx_word' id='word_1_241' title='bbox 670 1855 748 1895; x_wconf 90' lang='lat' dir='ltr'>pro</span> <span class='ocrx_word' id='word_1_242' title='bbox 787 1841 927 1882; x_wconf 90' lang='lat' dir='ltr'>inter</span> <span class='ocrx_word' id='word_1_243' title='bbox 956 1855 1114 1896; x_wconf 90' lang='lat' dir='ltr'>ponere</span> <span class='ocrx_word' id='word_1_244' title='bbox 1146 1842 1256 1883; x_wconf 88' lang='lat' dir='ltr'>solet</span> <span class='ocrx_word' id='word_1_245' title='bbox 1287 1841 1398 1884; x_wconf 80' lang='lat' dir='ltr'>sicut</span> 
     </span>
    </p>
   </div>
   <div class='ocr_carea' id='block_1_5' title="bbox 20 1895 357 1951">
    <p class='ocr_par' dir='ltr' id='par_1_5' title="bbox 20 1895 357 1951">
     <span class='ocr_line' id='line_1_32' title="bbox 20 1895 357 1951; baseline 0.003 -14"><span class='ocrx_word' id='word_1_246' title='bbox 20 1899 26 1947; x_wconf 44' lang='grc' dir='ltr'><em>ᾗ</em></span> <span class='ocrx_word' id='word_1_247' title='bbox 53 1895 157 1938; x_wconf 90' lang='lat' dir='ltr'>alibi</span> <span class='ocrx_word' id='word_1_248' title='bbox 189 1911 357 1951; x_wconf 90' lang='lat' dir='ltr'>quoque</span> 
     </span>
    </p>
   </div>
   <div class='ocr_carea' id='block_1_6' title="bbox 0 1577 36 2250">
    <p class='ocr_par' dir='ltr' id='par_1_6' title="bbox 0 1577 36 2250">
     <span class='ocr_line' id='line_1_33' title="bbox 0 1577 36 2250; baseline 0 0"><span class='ocrx_word' id='word_1_249' title='bbox 0 1577 36 2250; x_wconf 95' lang='lat' dir='ltr'>  </span> 
     </span>
    </p>
   </div>
   <div class='ocr_carea' id='block_1_7' title="bbox 7 1977 1285 2063">
    <p class='ocr_par' dir='ltr' id='par_1_7' title="bbox 7 1977 1285 2063">
     <span class='ocr_line' id='line_1_34' title="bbox 7 1977 1285 2063; baseline 0.006 -45"><span class='ocrx_word' id='word_1_250' title='bbox 7 2010 26 2063; x_wconf 62' lang='lat'>3</span> <span class='ocrx_word' id='word_1_251' title='bbox 110 1977 269 2020; x_wconf 85' lang='lat' dir='ltr'>circum</span> <span class='ocrx_word' id='word_1_252' title='bbox 302 1993 460 2034; x_wconf 87' lang='lat' dir='ltr'>perque</span> <span class='ocrx_word' id='word_1_253' title='bbox 486 1979 591 2022; x_wconf 90' lang='lat' dir='ltr'>duas</span> <span class='ocrx_word' id='word_1_254' title='bbox 623 1980 668 2022; x_wconf 93' lang='lat' dir='ltr'>in</span> <span class='ocrx_word' id='word_1_255' title='bbox 698 1996 862 2024; x_wconf 91' lang='lat' dir='ltr'>morem</span> <span class='ocrx_word' id='word_1_256' title='bbox 892 1982 1083 2025; x_wconf 88' lang='lat' dir='ltr'>fluminis</span> <span class='ocrx_word' id='word_1_257' title='bbox 1115 1982 1285 2026; x_wconf 84' lang='lat' dir='ltr'>Arctos.</span> 
     </span>
    </p>
   </div>
   <div class='ocr_carea' id='block_1_8' title="bbox 61 2050 333 2054">
    <p class='ocr_par' dir='ltr' id='par_1_8' title="bbox 61 2050 333 2054">
     <span class='ocr_line' id='line_1_35' title="bbox 61 2050 333 2054; baseline 0 0"><span class='ocrx_word' id='word_1_258' title='bbox 61 2050 333 2054; x_wconf 95' lang='lat' dir='ltr'> </span> 
     </span>
    </p>
   </div>
   <div class='ocr_carea' id='block_1_9' title="bbox 144 2081 487 2127">
    <p class='ocr_par' dir='ltr' id='par_1_9' title="bbox 144 2081 487 2127">
     <span class='ocr_line' id='line_1_36' title="bbox 144 2081 487 2127; baseline 0.006 -11"><span class='ocrx_word' id='word_1_259' title='bbox 144 2084 188 2116; x_wconf 85' lang='lat'>31</span> <span class='ocrx_word' id='word_1_260' title='bbox 216 2081 393 2127; x_wconf 85' lang='lat' dir='ltr'>Georg.1</span> <span class='ocrx_word' id='word_1_261' title='bbox 419 2086 487 2118; x_wconf 84' lang='lat'>245</span> 
     </span>
    </p>
   </div>
   <div class='ocr_carea' id='block_1_10' title="bbox 48 2143 332 2148">
    <p class='ocr_par' dir='ltr' id='par_1_10' title="bbox 48 2143 332 2148">
     <span class='ocr_line' id='line_1_37' title="bbox 48 2143 332 2148; baseline 0 0"><span class='ocrx_word' id='word_1_262' title='bbox 48 2143 332 2148; x_wconf 95' lang='lat' dir='ltr'> </span> 
     </span>
    </p>
   </div>
   <div class='ocr_carea' id='block_1_11' title="bbox 0 2092 1398 2444">
    <p class='ocr_par' dir='ltr' id='par_1_11' title="bbox 0 2092 1394 2444">
     <span class='ocr_line' id='line_1_38' title="bbox 11 2092 27 2141; baseline 0 0"><span class='ocrx_word' id='word_1_263' title='bbox 11 2092 27 2141; x_wconf 52' lang='lat' dir='ltr'>i</span> 
     </span>
     <span class='ocr_line' id='line_1_39' title="bbox 11 2141 1398 2240; baseline 0.004 -29"><span class='ocrx_word' id='word_1_264' title='bbox 11 2141 30 2240; x_wconf 55' lang='grc' dir='ltr'>ἓ</span> <span class='ocrx_word' id='word_1_265' title='bbox 144 2181 165 2211; x_wconf 92' lang='grc'><strong>2</strong></span> <span class='ocrx_word' id='word_1_266' title='bbox 191 2175 355 2212; x_wconf 81' lang='lat' dir='ltr'>attendit</span> <span class='ocrx_word' id='word_1_267' title='bbox 380 2177 418 2211; x_wconf 91' lang='grc' dir='ltr'><strong><em>Β</em></strong></span> <span class='ocrx_word' id='word_1_268' title='bbox 509 2180 529 2212; x_wconf 84' lang='grc'><strong>7</strong></span> <span class='ocrx_word' id='word_1_269' title='bbox 554 2189 790 2224; x_wconf 80' lang='lat' dir='ltr'>cynnamoml</span> <span class='ocrx_word' id='word_1_270' title='bbox 813 2181 858 2224; x_wconf 90' lang='lat' dir='ltr'>P,</span> <span class='ocrx_word' id='word_1_271' title='bbox 885 2192 1095 2226; x_wconf 79' lang='lat' dir='ltr'>cynamomi</span> <span class='ocrx_word' id='word_1_272' title='bbox 1119 2182 1157 2217; x_wconf 87' lang='lat' dir='ltr'><strong><em>B</em></strong></span> <span class='ocrx_word' id='word_1_273' title='bbox 1236 2185 1257 2217; x_wconf 89' lang='lat'>8</span> <span class='ocrx_word' id='word_1_274' title='bbox 1283 2182 1398 2217; x_wconf 85' lang='lat' dir='ltr'>stad1-</span> 
     </span>
     <span class='ocr_line' id='line_1_40' title="bbox 0 2208 1394 2444; baseline 0.004 -185"><span class='ocrx_word' id='word_1_275' title='bbox 0 2242 37 2444; x_wconf 54' lang='grc' dir='ltr'>,ἒ</span> <span class='ocrx_word' id='word_1_276' title='bbox 49 2233 154 2259; x_wconf 84' lang='lat' dir='ltr'>orum</span> <span class='ocrx_word' id='word_1_277' title='bbox 178 2224 303 2269; x_wconf 79' lang='lat' dir='ltr'>octogi</span> <span class='ocrx_word' id='word_1_278' title='bbox 305 2224 370 2258; x_wconf 87' lang='lat' dir='ltr'>uta</span> <span class='ocrx_word' id='word_1_279' title='bbox 393 2224 431 2258; x_wconf 92' lang='lat' dir='ltr'><em>B</em></span> <span class='ocrx_word' id='word_1_280' title='bbox 497 2228 541 2260; x_wconf 84' lang='lat'>12</span> <span class='ocrx_word' id='word_1_281' title='bbox 566 2231 692 2262; x_wconf 81' lang='lat' dir='ltr'>meina,</span> <span class='ocrx_word' id='word_1_282' title='bbox 716 2227 754 2262; x_wconf 94' lang='lat' dir='ltr'><strong><em>P</em></strong></span> <span class='ocrx_word' id='word_1_283' title='bbox 823 2208 866 2264; x_wconf 82' lang='lat'>1⁷3</span> <span class='ocrx_word' id='word_1_284' title='bbox 895 2231 1089 2273; x_wconf 59' lang='lat' dir='ltr'>anteocozg.</span> <span class='ocrx_word' id='word_1_285' title='bbox 1115 2230 1152 2264; x_wconf 91' lang='lat' dir='ltr'><strong><em>B</em></strong></span> <span class='ocrx_word' id='word_1_286' title='bbox 1248 2232 1293 2264; x_wconf 87' lang='grc'>22</span> <span class='ocrx_word' id='word_1_287' title='bbox 1318 2229 1394 2275; x_wconf 70' lang='lat' dir='ltr'>zoa!</span> 
     </span>
    </p>
   </div>
   <div class='ocr_carea' id='block_1_12' title="bbox 47 2270 1397 2364">
    <p class='ocr_par' dir='ltr' id='par_1_12' title="bbox 47 2270 1397 2364">
     <span class='ocr_line' id='line_1_41' title="bbox 49 2270 1397 2323; baseline 0.006 -19"><span class='ocrx_word' id='word_1_288' title='bbox 49 2270 148 2305; x_wconf 84' lang='lat' dir='ltr'>diaci</span> <span class='ocrx_word' id='word_1_289' title='bbox 178 2270 215 2305; x_wconf 91' lang='lat' dir='ltr'><em>B</em></span> <span class='ocrx_word' id='word_1_290' title='bbox 286 2274 331 2305; x_wconf 83' lang='lat'>26</span> <span class='ocrx_word' id='word_1_291' title='bbox 362 2271 516 2319; x_wconf 58' lang='lat' dir='ltr'>cppissus</span> <span class='ocrx_word' id='word_1_292' title='bbox 538 2271 576 2306; x_wconf 91' lang='lat' dir='ltr'><em>P</em></span> <span class='ocrx_word' id='word_1_293' title='bbox 645 2277 690 2309; x_wconf 81' lang='grc'>27</span> <span class='ocrx_word' id='word_1_294' title='bbox 715 2275 877 2321; x_wconf 80' lang='lat' dir='ltr'>intelligi</span> <span class='ocrx_word' id='word_1_295' title='bbox 901 2276 1112 2323; x_wconf 67' lang='lat' dir='ltr'>zoa1d1acus</span> <span class='ocrx_word' id='word_1_296' title='bbox 1131 2277 1169 2312; x_wconf 91' lang='lat' dir='ltr'><strong><em>B</em></strong></span> <span class='ocrx_word' id='word_1_297' title='bbox 1240 2279 1285 2312; x_wconf 86' lang='grc'>29</span> <span class='ocrx_word' id='word_1_298' title='bbox 1309 2278 1397 2312; x_wconf 80' lang='lat' dir='ltr'>aute</span> 
     </span>
     <span class='ocr_line' id='line_1_42' title="bbox 47 2317 365 2364; baseline -0.003 -11"><span class='ocrx_word' id='word_1_299' title='bbox 47 2328 73 2364; x_wconf 76' lang='lat' dir='ltr'>p</span> <span class='ocrx_word' id='word_1_300' title='bbox 98 2318 140 2353; x_wconf 82' lang='lat' dir='ltr'>in</span> <span class='ocrx_word' id='word_1_301' title='bbox 163 2328 237 2353; x_wconf 81' lang='lat' dir='ltr'>ras.</span> <span class='ocrx_word' id='word_1_302' title='bbox 261 2317 303 2353; x_wconf 77' lang='lat' dir='ltr'>in</span> <span class='ocrx_word' id='word_1_303' title='bbox 327 2317 365 2352; x_wconf 91' lang='lat' dir='ltr'><em>P</em></span> 
     </span>
    </p>
   </div>
   <div class='ocr_carea' id='block_1_13' title="bbox 0 2266 9 2444">
    <p class='ocr_par' dir='ltr' id='par_1_13' title="bbox 0 2266 9 2444">
     <span class='ocr_line' id='line_1_43' title="bbox 0 2266 9 2444; baseline 0 0"><span class='ocrx_word' id='word_1_304' title='bbox 0 2266 9 2444; x_wconf 95' lang='lat' dir='ltr'> </span> 
     </span>
    </p>
   </div>
  </div>
 </body>
</html>
