1526 2444
655 87 690 123 V
715 90 832 123 6—14
1361 82 1416 123 21

69 201 211 243 Varro
242 199 482 241 imitatores
509 211 554 239 se
581 196 835 252 gloriantur,
867 194 1056 236 adimere
1087 193 1155 235 uis
1187 191 1420 233 uerborum

71 258 258 302 comitiis
295 258 362 299 ius
395 254 678 311 suffragandi,
715 257 759 296 et
794 256 1018 309 tamquam
1055 250 1419 306 sexagenarios

70 319 255 361 maiores
282 317 339 358 de
364 317 521 371 ponte
547 313 732 356 deicies‘?
759 314 886 369 plura
912 313 962 354 de
993 312 1076 354 hoc
1102 307 1487 362 dissereremus,11

72 378 119 420 ni
149 391 226 419 uos
257 375 417 418 inuitos
450 375 504 416 ab
536 373 674 415 inuito
707 372 925 414 discedere
956 372 1066 414 hora
1099 370 1284 426 cogeret.
1345 367 1420 410 sed

37 451 54 477 5
73 435 263 478 uultisne
295 434 406 476 diem
433 434 696 489 sequentem,
727 446 854 487 quem
886 431 1078 486 plerique
1105 442 1251 472 omnes
1284 427 1419 469 abaco

0 546 2 550 μ
73 497 117 537 et
152 493 407 536 latrunculis
453 494 698 547 conterunt,
743 505 823 533 nos
852 490 960 532 'istis
999 488 1155 532 sobriis
1199 487 1357 529 fabulis
1396 501 1423 527 a

72 553 213 610 primo
238 553 347 595 lucis
374 552 416 593 in
444 565 573 593 cenae
592 553 776 605 tempus,
802 550 941 604 ipsam
963 562 1133 604 quoque
1160 560 1308 589 cenam
1332 559 1422 587 non

74 613 275 655 obrutam
305 610 487 666 poculis,
516 624 605 652 non
636 608 932 651 lasciuientem
963 606 1156 661 ferculis,
1189 605 1263 648 sed
1296 618 1421 660 quae-

74 671 286 714 stionibus
326 670 463 712 doctis
501 668 702 724 pudicam
740 670 783 709 et
820 667 979 709 mutuis
1012 680 1063 707 ex
1094 666 1206 707 lecto
1244 663 1422 706 relatio-

21 749 55 774 ιο
73 730 200 772 nibus
238 728 489 784 exigamus?
527 728 588 770 sic
626 727 741 769 enim
776 726 907 768 ferias
945 739 1049 781 prae
1088 724 1208 766 omni
1243 722 1420 777 negotio
1439 722 1493 763 12

75 789 186 831 fetas
229 787 443 830 commodi
480 786 759 840 senserimus,
795 799 884 828 non
921 785 1130 839 animum,
1168 785 1218 824 ut
1249 781 1424 837 dicitur,

74 848 345 890 remittentes
374 871 424 876 —
451 860 552 887 nam
583 845 852 887 remittere
877 843 1019 899 inquit
1042 842 1283 885 MVSONIVS
1316 841 1424 883 ani-

74 921 204 948 mum
242 905 388 962 quasi
425 905 662 947 amittere
694 906 771 946 est
805 928 855 933 —
897 903 971 945 sed
1003 902 1294 944 demulcentes
1327 914 1426 941 eum

74 966 314 1021 paululum,
346 966 474 1019 atque
499 964 694 1005 laxantes
726 962 922 1005 iucundis
952 961 1235 1016 honestisque
1269 973 1425 1001 sermo-

26 1042 59 1068 15
77 1039 181 1066 num
212 1023 576 1066 inlectationibus.
638 1021 750 1077 quod
788 1022 825 1064 si
865 1022 928 1064 ita
966 1020 1212 1074 decernitis,
1251 1019 1316 1060 dis
1347 1018 1425 1060 Pe-

74 1083 248 1126 natibus
285 1083 391 1125 meis
427 1082 512 1124 huc
544 1081 839 1124 conueniendo
872 1080 1169 1135 gratissimum
1205 1076 1426 1120 feceritis?

194 1141 305 1183 Tum
338 1140 625 1196 Symmachus
658 1139 817 1182 ‘nullus
861 1140 934 1195 qui
965 1139 1137 1195 quidem
1170 1152 1214 1180 se
1246 1137 1424 1193 dignum
1442 1136 1497 1178 13

75 1201 158 1243 hoc
190 1203 402 1243 conuentu
434 1199 691 1254 meminerit,
723 1199 997 1241 sodalitatem
1034 1199 1149 1240 hunc
1179 1197 1250 1239 uel
1281 1197 1425 1251 ipsum

77 1261 315 1302 conuentus
346 1273 491 1315 regem
522 1258 787 1313 repudiabit,
819 1258 893 1300 sed
924 1257 1084 1313 nequid
1117 1256 1170 1298 ad
1201 1255 1428 1311 perfectio-

26 1337 60 1362 20
78 1332 178 1360 nem
219 1320 368 1361 coetus
408 1318 691 1371 desideretur,
728 1317 979 1360 inuitandos
1018 1316 1071 1358 ad
1110 1316 1290 1358 eundem
1330 1329 1427 1357 con-

27 1631 61 1657 25

78 1391 276 1434 gressum
296 1377 623 1431 conuictumque
644 1390 795 1419 censeo
815 1376 1082 1428 Flauianum,
1108 1375 1193 1430 qui,
1218 1375 1427 1430 quantum

78 1437 137 1478 sit
157 1436 352 1478 mirando
378 1435 471 1477 uiro
490 1434 686 1477 Venusto
706 1437 828 1490 patre
846 1434 1148 1490 praestantior,
1175 1448 1264 1475 non
1283 1433 1427 1474 minus

78 1498 234 1538 ornatu
277 1509 444 1537 morum
488 1494 788 1549 grauitateque
830 1494 948 1536 uitae
985 1507 1116 1548 quam
1162 1492 1287 1548 copia
1333 1506 1428 1546 pro-

78 1553 237 1595 fundae
275 1553 528 1595 eruditionis
576 1552 782 1595 adseruit:
828 1552 1041 1607 simulque
1079 1550 1428 1605 Postumianum,

80 1613 153 1668 qui
189 1612 331 1654 forum
370 1612 668 1654 defensionum
707 1611 957 1667 dignatione
1000 1611 1223 1653 nobilitat:
1265 1612 1308 1652 et
1344 1609 1429 1652 Eu-

79 1671 307 1727 stathium,
339 1671 412 1726 qui
437 1673 583 1713 tantus
616 1671 662 1712 in
695 1670 811 1712 omni
837 1684 992 1725 genere
1018 1669 1323 1724 philosophiae
1349 1671 1428 1723 est,

76 1733 127 1773 ut
158 1731 275 1773 solus
305 1729 432 1772 nobis
458 1731 756 1784 repraesentet
785 1729 961 1785 ingenia
992 1729 1123 1770 trium
1148 1728 1427 1784 philosopho-

77 1804 194 1843 rum,
237 1789 288 1831 de
332 1789 487 1844 quibus
524 1791 671 1831 nostra
708 1788 946 1843 antiquitas
983 1788 1170 1844 gloriata
1207 1790 1290 1842 est,
1326 1787 1427 1828 illos

79 1849 186 1903 dico,
218 1862 325 1903 quos
357 1847 644 1892 Athenienses
683 1847 899 1902 quondam
937 1847 992 1889 ad
1023 1850 1221 1889 senatum
1258 1847 1427 1902 legaue-
1446 1847 1501 1891 14

28 1925 62 1951 30
80 1910 180 1949 rant
205 1907 498 1962 impetratum,
528 1907 594 1948 uti
619 1908 803 1949 multam
827 1906 1080 1962 remitteret,
1106 1921 1235 1961 quam
1260 1906 1429 1948 ciuitati

175 2033 195 2065 2
221 2029 368 2064 Erasmi
393 2029 501 2075 adag.
528 2028 613 2064 chil.
640 2028 657 2063 Ι
682 2029 768 2064 cent
792 2029 825 2064 V
851 2033 896 2064 37
921 2041 958 2074 p.
981 2032 1046 2064 136
1066 2028 1096 2063 Β
1123 2027 1195 2073 (ed.
1215 2028 1299 2064 Bas.
1321 2029 1428 2073 1574)

175 2145 193 2176 1
220 2145 305 2177 ante
336 2151 374 2176 se
406 2142 490 2177 add.
518 2145 559 2177 ee
584 2142 605 2176 b
703 2145 723 2176 2
756 2140 998 2186 sexagenano
1025 2138 1072 2176 B'
1170 2145 1190 2176 3
1218 2139 1434 2175 dlsseremus

78 2185 180 2223 B'P'
249 2193 268 2223 7
289 2199 379 2236 cene
397 2188 443 2232 P,
463 2199 552 2224 caen
597 2189 635 2223 B
701 2191 794 2236 cena
818 2188 855 2223 P
920 2191 963 2223 10
985 2187 1085 2235 fetas
1098 2188 1136 2223 P
1196 2192 1240 2222 14
1258 2187 1429 2233 paullum

79 2236 117 2270 B
215 2239 258 2271 15
282 2236 555 2271 illectatiombu
597 2236 663 2271 bP
755 2239 800 2270 20
827 2234 932 2283 cetus
952 2235 990 2271 P
1058 2239 1102 2270 21
1129 2245 1263 2270 censeo
1290 2245 1356 2270 om.
1382 2231 1430 2269 P'

79 2285 125 2317 22
150 2282 322 2318 mlrandu
345 2281 393 2317 P'
490 2286 537 2318 24
562 2282 714 2318 asseruit
738 2283 776 2318 P
868 2286 912 2318 27
938 2282 1167 2328 philosorum
1192 2281 1239 2317 B'
1337 2285 1382 2316 28
1408 2291 1429 2315 e

81 2329 215 2372 qulbus
235 2330 272 2365 Β
343 2333 388 2365 29
415 2330 498 2365 ᾶιοο
523 2330 593 2375 Pb,
619 2340 729 2375 quoq.
756 2330 792 2364 B
865 2332 910 2364 30
936 2329 1136 2365 multa*P
