<?xml version="1.0" encoding="UTF-8"?>
<!DOCTYPE html PUBLIC "-//W3C//DTD XHTML 1.0 Transitional//EN"
    "http://www.w3.org/TR/xhtml1/DTD/xhtml1-transitional.dtd">
<html xmlns="http://www.w3.org/1999/xhtml" xml:lang="en" lang="en">
 <head>
  <title>
</title>
<meta http-equiv="Content-Type" content="text/html;charset=utf-8" />
  <meta name='ocr-system' content='tesseract 3.04.00' />
  <meta name='ocr-capabilities' content='ocr_page ocr_carea ocr_par ocr_line ocrx_word'/>
</head>
<body>
  <div class='ocr_page' id='page_1' title='image "./macrobiusfrancis00macruoft_0407.png"; bbox 0 0 1526 2444; ppageno 0'>
   <div class='ocr_carea' id='block_1_1' title="bbox 625 51 1412 93">
    <p class='ocr_par' dir='ltr' id='par_1_1' title="bbox 625 51 1412 93">
     <span class='ocr_line' id='line_1_1' title="bbox 625 51 1412 93; baseline 0.008 -6"><span class='ocrx_word' id='word_1_1' title='bbox 625 52 696 88; x_wconf 84' lang='lat' dir='ltr'>VH</span> <span class='ocrx_word' id='word_1_2' title='bbox 720 54 838 88; x_wconf 82' lang='lat'>5-14</span> <span class='ocrx_word' id='word_1_3' title='bbox 1324 51 1412 93; x_wconf 81' lang='lat'>395</span> 
     </span>
    </p>
   </div>
   <div class='ocr_carea' id='block_1_2' title="bbox 8 159 1483 1204">
    <p class='ocr_par' dir='ltr' id='par_1_2' title="bbox 8 159 1483 1204">
     <span class='ocr_line' id='line_1_2' title="bbox 66 159 1410 216; baseline -0.001 -12"><span class='ocrx_word' id='word_1_4' title='bbox 66 164 221 204; x_wconf 85' lang='lat' dir='ltr'>natura</span> <span class='ocrx_word' id='word_1_5' title='bbox 255 160 377 204; x_wconf 87' lang='lat' dir='ltr'>uerbi</span> <span class='ocrx_word' id='word_1_6' title='bbox 415 160 624 216; x_wconf 88' lang='lat' dir='ltr'>deperire,</span> <span class='ocrx_word' id='word_1_7' title='bbox 662 174 771 216; x_wconf 90' lang='lat' dir='ltr'>quae</span> <span class='ocrx_word' id='word_1_8' title='bbox 804 175 828 202; x_wconf 90' lang='lat' dir='ltr'>a</span> <span class='ocrx_word' id='word_1_9' title='bbox 860 160 1096 216; x_wconf 87' lang='lat' dir='ltr'>ueteribus,</span> <span class='ocrx_word' id='word_1_10' title='bbox 1134 159 1206 215; x_wconf 89' lang='lat' dir='ltr'>qui</span> <span class='ocrx_word' id='word_1_11' title='bbox 1237 160 1410 214; x_wconf 86' lang='lat' dir='ltr'>proprie</span> 
     </span>
     <span class='ocr_line' id='line_1_3' title="bbox 62 219 1409 276; baseline -0.002 -13"><span class='ocrx_word' id='word_1_12' title='bbox 62 224 191 276; x_wconf 86' lang='lat' dir='ltr'>atque</span> <span class='ocrx_word' id='word_1_13' title='bbox 217 220 384 275; x_wconf 85' lang='lat' dir='ltr'>signate</span> <span class='ocrx_word' id='word_1_14' title='bbox 409 219 543 262; x_wconf 90' lang='lat' dir='ltr'>locuti</span> <span class='ocrx_word' id='word_1_15' title='bbox 569 221 682 275; x_wconf 87' lang='lat' dir='ltr'>sunt,</span> <span class='ocrx_word' id='word_1_16' title='bbox 708 219 772 261; x_wconf 88' lang='lat' dir='ltr'>ita</span> <span class='ocrx_word' id='word_1_17' title='bbox 797 221 847 261; x_wconf 92' lang='lat' dir='ltr'>ut</span> <span class='ocrx_word' id='word_1_18' title='bbox 871 219 1024 274; x_wconf 87' lang='lat' dir='ltr'>decuit,</span> <span class='ocrx_word' id='word_1_19' title='bbox 1051 220 1307 262; x_wconf 86' lang='lat' dir='ltr'>conseruata</span> <span class='ocrx_word' id='word_1_20' title='bbox 1333 221 1409 261; x_wconf 89' lang='lat' dir='ltr'>est.</span> 
     </span>
     <span class='ocr_line' id='line_1_4' title="bbox 60 278 1483 334; baseline 0 -12"><span class='ocrx_word' id='word_1_21' title='bbox 60 279 118 322; x_wconf 92' lang='lat' dir='ltr'>M.</span> <span class='ocrx_word' id='word_1_22' title='bbox 168 278 371 322; x_wconf 78' lang='lat' dir='ltr'>CATONIS</span> <span class='ocrx_word' id='word_1_23' title='bbox 426 278 559 321; x_wconf 89' lang='lat' dir='ltr'>uerba</span> <span class='ocrx_word' id='word_1_24' title='bbox 615 280 715 320; x_wconf 88' lang='lat' dir='ltr'>sunt</span> <span class='ocrx_word' id='word_1_25' title='bbox 771 293 821 320; x_wconf 86' lang='lat' dir='ltr'>ex</span> <span class='ocrx_word' id='word_1_26' title='bbox 873 289 1110 321; x_wconf 78' lang='lat' dir='ltr'>ORATIONE</span> <span class='ocrx_word' id='word_1_27' title='bbox 1166 292 1295 334; x_wconf 87' lang='lat' dir='ltr'>quam</span> <span class='ocrx_word' id='word_1_28' title='bbox 1344 289 1408 319; x_wconf 84' lang='lat' dir='ltr'>DE</span> <span class='ocrx_word' id='word_1_29' title='bbox 1428 280 1483 322; x_wconf 90' lang='lat'>10</span> 
     </span>
     <span class='ocr_line' id='line_1_5' title="bbox 18 336 1410 392; baseline -0.001 -12"><span class='ocrx_word' id='word_1_30' title='bbox 18 359 20 362; x_wconf 56' lang='lat'>&gt;</span> <span class='ocrx_word' id='word_1_31' title='bbox 60 338 270 381; x_wconf 79' lang='lat' dir='ltr'><strong>ACHAEIS</strong></span> <span class='ocrx_word' id='word_1_32' title='bbox 291 337 465 392; x_wconf 73' lang='lat' dir='ltr'>scripsit</span> <span class='ocrx_word' id='word_1_33' title='bbox 484 351 694 392; x_wconf 88' lang='lat' dir='ltr'>cumque</span> <span class='ocrx_word' id='word_1_34' title='bbox 706 336 972 379; x_wconf 84' lang='lat' dir='ltr'>Hannibal</span> <span class='ocrx_word' id='word_1_35' title='bbox 992 340 1182 380; x_wconf 86' lang='lat' dir='ltr'>terram</span> <span class='ocrx_word' id='word_1_36' title='bbox 1196 336 1410 379; x_wconf 90' lang='lat' dir='ltr'>Italiam</span> 
     </span>
     <span class='ocr_line' id='line_1_6' title="bbox 25 395 1411 452; baseline 0.001 -16"><span class='ocrx_word' id='word_1_37' title='bbox 25 398 316 440; x_wconf 84' lang='lat' dir='ltr'>5laceraret</span> <span class='ocrx_word' id='word_1_38' title='bbox 360 399 511 452; x_wconf 90' lang='lat' dir='ltr'>atque</span> <span class='ocrx_word' id='word_1_39' title='bbox 548 399 773 438; x_wconf 88' lang='lat' dir='ltr'>uexaret.</span> <span class='ocrx_word' id='word_1_40' title='bbox 834 411 1018 438; x_wconf 83' lang='lat' dir='ltr'>nexare</span> <span class='ocrx_word' id='word_1_41' title='bbox 1055 395 1265 438; x_wconf 88' lang='lat' dir='ltr'>Italiam</span> <span class='ocrx_word' id='word_1_42' title='bbox 1303 395 1411 438; x_wconf 83' lang='lat' dir='ltr'>dixit</span> 
     </span>
     <span class='ocr_line' id='line_1_7' title="bbox 64 455 1412 511; baseline -0.001 -12"><span class='ocrx_word' id='word_1_43' title='bbox 64 455 172 499; x_wconf 82' lang='lat' dir='ltr'>Cato</span> <span class='ocrx_word' id='word_1_44' title='bbox 219 455 530 510; x_wconf 84' lang='lat' dir='ltr'>Hannibalem,</span> <span class='ocrx_word' id='word_1_45' title='bbox 580 455 750 511; x_wconf 90' lang='lat' dir='ltr'>quando</span> <span class='ocrx_word' id='word_1_46' title='bbox 801 455 970 497; x_wconf 88' lang='lat' dir='ltr'>nullum</span> <span class='ocrx_word' id='word_1_47' title='bbox 1019 455 1286 498; x_wconf 70' lang='lat' dir='ltr'>calamitatis</span> <span class='ocrx_word' id='word_1_48' title='bbox 1336 457 1412 498; x_wconf 89' lang='lat' dir='ltr'>aut</span> 
     </span>
     <span class='ocr_line' id='line_1_8' title="bbox 64 514 1409 571; baseline -0.001 -13"><span class='ocrx_word' id='word_1_49' title='bbox 64 515 271 558; x_wconf 85' lang='lat' dir='ltr'>saeuitiae</span> <span class='ocrx_word' id='word_1_50' title='bbox 303 518 378 557; x_wconf 87' lang='lat' dir='ltr'>aut</span> <span class='ocrx_word' id='word_1_51' title='bbox 408 514 693 557; x_wconf 76' lang='lat' dir='ltr'>immanitatis</span> <span class='ocrx_word' id='word_1_52' title='bbox 727 528 861 571; x_wconf 87' lang='lat' dir='ltr'>genus</span> <span class='ocrx_word' id='word_1_53' title='bbox 886 514 1095 570; x_wconf 89' lang='lat' dir='ltr'>repperiri</span> <span class='ocrx_word' id='word_1_54' title='bbox 1121 516 1267 570; x_wconf 84' lang='lat' dir='ltr'>queat,</span> <span class='ocrx_word' id='word_1_55' title='bbox 1296 514 1409 569; x_wconf 90' lang='lat' dir='ltr'>quod</span> 
     </span>
     <span class='ocr_line' id='line_1_9' title="bbox 61 572 1479 629; baseline 0.001 -13"><span class='ocrx_word' id='word_1_56' title='bbox 61 573 106 616; x_wconf 90' lang='lat' dir='ltr'>in</span> <span class='ocrx_word' id='word_1_57' title='bbox 151 589 200 616; x_wconf 93' lang='lat' dir='ltr'>eo</span> <span class='ocrx_word' id='word_1_58' title='bbox 243 577 440 628; x_wconf 89' lang='lat' dir='ltr'>tempore</span> <span class='ocrx_word' id='word_1_59' title='bbox 477 572 606 615; x_wconf 90' lang='lat' dir='ltr'>Italia</span> <span class='ocrx_word' id='word_1_60' title='bbox 642 588 730 616; x_wconf 91' lang='lat' dir='ltr'>non</span> <span class='ocrx_word' id='word_1_61' title='bbox 766 588 971 629; x_wconf 88' lang='lat' dir='ltr'>perpessa</span> <span class='ocrx_word' id='word_1_62' title='bbox 1009 573 1076 616; x_wconf 85' lang='lat' dir='ltr'>sit.</span> <span class='ocrx_word' id='word_1_63' title='bbox 1143 572 1202 615; x_wconf 89' lang='grc' dir='ltr'>Μ.</span> <span class='ocrx_word' id='word_1_64' title='bbox 1241 573 1409 615; x_wconf 84' lang='lat' dir='ltr'>Tullius</span> <span class='ocrx_word' id='word_1_65' title='bbox 1426 575 1479 617; x_wconf 88' lang='lat'>11</span> 
     </span>
     <span class='ocr_line' id='line_1_10' title="bbox 10 631 1411 688; baseline 0 -14"><span class='ocrx_word' id='word_1_66' title='bbox 10 655 14 658; x_wconf 51' lang='grc'><strong>»</strong></span> <span class='ocrx_word' id='word_1_67' title='bbox 62 635 215 688; x_wconf 86' lang='lat' dir='ltr'>quarto</span> <span class='ocrx_word' id='word_1_68' title='bbox 253 633 298 674; x_wconf 92' lang='lat' dir='ltr'>in</span> <span class='ocrx_word' id='word_1_69' title='bbox 334 631 514 674; x_wconf 84' lang='lat' dir='ltr'>Verrem</span> <span class='ocrx_word' id='word_1_70' title='bbox 553 646 678 687; x_wconf 89' lang='lat' dir='ltr'>quae</span> <span class='ocrx_word' id='word_1_71' title='bbox 717 633 778 674; x_wconf 91' lang='lat' dir='ltr'>ab</span> <span class='ocrx_word' id='word_1_72' title='bbox 816 633 919 674; x_wconf 90' lang='lat' dir='ltr'>isto</span> <span class='ocrx_word' id='word_1_73' title='bbox 959 632 1031 674; x_wconf 90' lang='lat' dir='ltr'>sic</span> <span class='ocrx_word' id='word_1_74' title='bbox 1069 632 1300 687; x_wconf 87' lang='lat' dir='ltr'>spoliata</span> <span class='ocrx_word' id='word_1_75' title='bbox 1338 635 1411 674; x_wconf 87' lang='lat' dir='ltr'>at-</span> 
     </span>
     <span class='ocr_line' id='line_1_11' title="bbox 8 691 1411 747; baseline 0 -15"><span class='ocrx_word' id='word_1_76' title='bbox 8 705 44 732; x_wconf 86' lang='lat'>10</span> <span class='ocrx_word' id='word_1_77' title='bbox 63 706 157 746; x_wconf 90' lang='lat' dir='ltr'>que</span> <span class='ocrx_word' id='word_1_78' title='bbox 194 692 400 746; x_wconf 88' lang='lat' dir='ltr'>direpta</span> <span class='ocrx_word' id='word_1_79' title='bbox 440 694 534 745; x_wconf 85' lang='lat' dir='ltr'>est,</span> <span class='ocrx_word' id='word_1_80' title='bbox 576 705 675 733; x_wconf 91' lang='lat' dir='ltr'>non</span> <span class='ocrx_word' id='word_1_81' title='bbox 710 694 765 733; x_wconf 92' lang='lat' dir='ltr'>ut</span> <span class='ocrx_word' id='word_1_82' title='bbox 804 691 865 733; x_wconf 90' lang='lat' dir='ltr'>ab</span> <span class='ocrx_word' id='word_1_83' title='bbox 902 691 1051 733; x_wconf 90' lang='lat' dir='ltr'>hoste</span> <span class='ocrx_word' id='word_1_84' title='bbox 1090 691 1283 747; x_wconf 84' lang='lat' dir='ltr'>aliquo,</span> <span class='ocrx_word' id='word_1_85' title='bbox 1324 691 1411 746; x_wconf 89' lang='lat' dir='ltr'>qui</span> 
     </span>
     <span class='ocr_line' id='line_1_12' title="bbox 60 749 1409 805; baseline -0.001 -13"><span class='ocrx_word' id='word_1_86' title='bbox 60 753 233 792; x_wconf 89' lang='lat' dir='ltr'>tamen</span> <span class='ocrx_word' id='word_1_87' title='bbox 282 751 332 792; x_wconf 91' lang='lat' dir='ltr'>in</span> <span class='ocrx_word' id='word_1_88' title='bbox 378 750 518 793; x_wconf 91' lang='lat' dir='ltr'>bello</span> <span class='ocrx_word' id='word_1_89' title='bbox 561 749 872 805; x_wconf 85' lang='lat' dir='ltr'>religionem</span> <span class='ocrx_word' id='word_1_90' title='bbox 917 752 966 792; x_wconf 87' lang='lat' dir='ltr'>et</span> <span class='ocrx_word' id='word_1_91' title='bbox 1010 749 1409 793; x_wconf 84' lang='lat' dir='ltr'>consuetudinis</span> 
     </span>
     <span class='ocr_line' id='line_1_13' title="bbox 59 807 1408 864; baseline 0 -14"><span class='ocrx_word' id='word_1_92' title='bbox 59 809 171 851; x_wconf 88' lang='lat' dir='ltr'>iura</span> <span class='ocrx_word' id='word_1_93' title='bbox 221 809 494 863; x_wconf 87' lang='lat' dir='ltr'>retineret,</span> <span class='ocrx_word' id='word_1_94' title='bbox 545 807 631 849; x_wconf 87' lang='lat' dir='ltr'>sed</span> <span class='ocrx_word' id='word_1_95' title='bbox 679 810 735 850; x_wconf 90' lang='lat' dir='ltr'>ut</span> <span class='ocrx_word' id='word_1_96' title='bbox 784 823 810 850; x_wconf 94' lang='lat' dir='ltr'>a</span> <span class='ocrx_word' id='word_1_97' title='bbox 852 808 1090 850; x_wconf 85' lang='lat' dir='ltr'>barbaris</span> <span class='ocrx_word' id='word_1_98' title='bbox 1134 808 1408 864; x_wconf 89' lang='lat' dir='ltr'>praedoni-</span> 
     </span>
     <span class='ocr_line' id='line_1_14' title="bbox 61 867 1482 911; baseline 0.001 -2"><span class='ocrx_word' id='word_1_99' title='bbox 61 868 153 909; x_wconf 87' lang='lat' dir='ltr'>bus</span> <span class='ocrx_word' id='word_1_100' title='bbox 190 870 376 909; x_wconf 85' lang='lat' dir='ltr'>uexata</span> <span class='ocrx_word' id='word_1_101' title='bbox 413 881 522 910; x_wconf 88' lang='lat' dir='ltr'>esse</span> <span class='ocrx_word' id='word_1_102' title='bbox 558 867 807 909; x_wconf 88' lang='lat' dir='ltr'>uideatur.</span> <span class='ocrx_word' id='word_1_103' title='bbox 869 867 920 909; x_wconf 93' lang='lat' dir='ltr'>de</span> <span class='ocrx_word' id='word_1_104' title='bbox 956 867 1230 910; x_wconf 87' lang='lat' dir='ltr'>inlaudato</span> <span class='ocrx_word' id='word_1_105' title='bbox 1264 871 1409 910; x_wconf 87' lang='lat' dir='ltr'>autem</span> <span class='ocrx_word' id='word_1_106' title='bbox 1430 870 1482 911; x_wconf 79' lang='lat'>12</span> 
     </span>
     <span class='ocr_line' id='line_1_15' title="bbox 9 925 1410 981; baseline 0.001 -13"><span class='ocrx_word' id='word_1_107' title='bbox 9 929 12 932; x_wconf 53' lang='lat'><strong>⁴</strong></span> <span class='ocrx_word' id='word_1_108' title='bbox 61 927 144 969; x_wconf 89' lang='lat' dir='ltr'>duo</span> <span class='ocrx_word' id='word_1_109' title='bbox 175 926 375 968; x_wconf 87' lang='lat' dir='ltr'>uidentur</span> <span class='ocrx_word' id='word_1_110' title='bbox 406 925 655 981; x_wconf 85' lang='lat' dir='ltr'>responderi</span> <span class='ocrx_word' id='word_1_111' title='bbox 685 940 826 981; x_wconf 86' lang='lat' dir='ltr'>posse.</span> <span class='ocrx_word' id='word_1_112' title='bbox 882 941 1016 968; x_wconf 91' lang='lat' dir='ltr'>unum</span> <span class='ocrx_word' id='word_1_113' title='bbox 1050 929 1117 968; x_wconf 90' lang='lat' dir='ltr'>est</span> <span class='ocrx_word' id='word_1_114' title='bbox 1148 927 1240 969; x_wconf 89' lang='lat' dir='ltr'>eius</span> <span class='ocrx_word' id='word_1_115' title='bbox 1271 926 1410 969; x_wconf 88' lang='lat' dir='ltr'>modi:</span> 
     </span>
     <span class='ocr_line' id='line_1_16' title="bbox 12 985 1412 1042; baseline 0 -14"><span class='ocrx_word' id='word_1_116' title='bbox 12 1036 17 1042; x_wconf 21' lang='lat' dir='ltr'><strong>f</strong></span> <span class='ocrx_word' id='word_1_117' title='bbox 61 999 186 1028; x_wconf 89' lang='lat' dir='ltr'>nemo</span> <span class='ocrx_word' id='word_1_118' title='bbox 225 986 450 1041; x_wconf 88' lang='lat' dir='ltr'>quisquam</span> <span class='ocrx_word' id='word_1_119' title='bbox 488 988 579 1027; x_wconf 90' lang='lat' dir='ltr'>tam</span> <span class='ocrx_word' id='word_1_120' title='bbox 615 985 787 1027; x_wconf 87' lang='lat' dir='ltr'>efflictis</span> <span class='ocrx_word' id='word_1_121' title='bbox 821 989 887 1028; x_wconf 89' lang='lat' dir='ltr'>est</span> <span class='ocrx_word' id='word_1_122' title='bbox 918 985 1112 1028; x_wconf 89' lang='lat' dir='ltr'>moribus</span> <span class='ocrx_word' id='word_1_123' title='bbox 1145 987 1249 1040; x_wconf 91' lang='lat' dir='ltr'>quin</span> <span class='ocrx_word' id='word_1_124' title='bbox 1278 986 1412 1028; x_wconf 86' lang='lat' dir='ltr'>faciat</span> 
     </span>
     <span class='ocr_line' id='line_1_17' title="bbox 60 1044 1411 1100; baseline 0.001 -14"><span class='ocrx_word' id='word_1_125' title='bbox 60 1047 135 1086; x_wconf 89' lang='lat' dir='ltr'>aut</span> <span class='ocrx_word' id='word_1_126' title='bbox 172 1044 287 1086; x_wconf 85' lang='lat' dir='ltr'>dicat</span> <span class='ocrx_word' id='word_1_127' title='bbox 320 1058 408 1086; x_wconf 89' lang='lat' dir='ltr'>non</span> <span class='ocrx_word' id='word_1_128' title='bbox 438 1058 672 1098; x_wconf 84' lang='lat' dir='ltr'>numquam</span> <span class='ocrx_word' id='word_1_129' title='bbox 706 1044 888 1099; x_wconf 85' lang='lat' dir='ltr'>aliquid,</span> <span class='ocrx_word' id='word_1_130' title='bbox 926 1045 1039 1099; x_wconf 90' lang='lat' dir='ltr'>quod</span> <span class='ocrx_word' id='word_1_131' title='bbox 1070 1044 1239 1087; x_wconf 88' lang='lat' dir='ltr'>laudari</span> <span class='ocrx_word' id='word_1_132' title='bbox 1270 1047 1411 1100; x_wconf 85' lang='lat' dir='ltr'>queat.</span> 
     </span>
     <span class='ocr_line' id='line_1_18' title="bbox 58 1102 1412 1158; baseline 0.001 -14"><span class='ocrx_word' id='word_1_133' title='bbox 58 1103 170 1145; x_wconf 88' lang='lat' dir='ltr'>unde</span> <span class='ocrx_word' id='word_1_134' title='bbox 221 1103 292 1145; x_wconf 88' lang='lat' dir='ltr'>hic</span> <span class='ocrx_word' id='word_1_135' title='bbox 336 1102 662 1158; x_wconf 88' lang='lat' dir='ltr'>antiquissimus</span> <span class='ocrx_word' id='word_1_136' title='bbox 706 1117 856 1145; x_wconf 90' lang='lat' dir='ltr'>uersus</span> <span class='ocrx_word' id='word_1_137' title='bbox 899 1103 994 1146; x_wconf 88' lang='lat' dir='ltr'>uice</span> <span class='ocrx_word' id='word_1_138' title='bbox 1037 1103 1258 1158; x_wconf 87' lang='lat' dir='ltr'>prouerbii</span> <span class='ocrx_word' id='word_1_139' title='bbox 1302 1104 1412 1146; x_wconf 88' lang='lat' dir='ltr'>cele·</span> 
     </span>
     <span class='ocr_line' id='line_1_19' title="bbox 60 1163 309 1204; baseline 0 0"><span class='ocrx_word' id='word_1_140' title='bbox 60 1163 210 1204; x_wconf 84' lang='lat' dir='ltr'>bratus</span> <span class='ocrx_word' id='word_1_141' title='bbox 243 1164 309 1204; x_wconf 89' lang='lat' dir='ltr'>est</span> 
     </span>
    </p>
   </div>
   <div class='ocr_carea' id='block_1_3' title="bbox 0 207 46 1706">
    <p class='ocr_par' dir='ltr' id='par_1_3' title="bbox 0 207 46 1706">
     <span class='ocr_line' id='line_1_20' title="bbox 0 207 9 420; baseline 0 0"><span class='ocrx_word' id='word_1_142' title='bbox 0 207 9 420; x_wconf 95' lang='lat' dir='ltr'>  </span> 
     </span>
     <span class='ocr_line' id='line_1_21' title="bbox 0 420 9 775; baseline 0 -112"><span class='ocrx_word' id='word_1_143' title='bbox 0 420 9 775; x_wconf 95' lang='lat' dir='ltr'>   </span> 
     </span>
     <span class='ocr_line' id='line_1_22' title="bbox 0 775 46 1706; baseline 0 -295"><span class='ocrx_word' id='word_1_144' title='bbox 0 775 46 1706; x_wconf 95' lang='lat' dir='ltr'>    </span> 
     </span>
    </p>
   </div>
   <div class='ocr_carea' id='block_1_4' title="bbox 119 1241 1364 1301">
    <p class='ocr_par' dir='ltr' id='par_1_4' title="bbox 119 1241 1364 1301">
     <span class='ocr_line' id='line_1_23' title="bbox 119 1241 1364 1301; baseline 0.001 -15"><span class='ocrx_word' id='word_1_145' title='bbox 119 1243 306 1286; x_wconf 79' lang='grc' dir='ltr'><em>πολλάκι</em></span> <span class='ocrx_word' id='word_1_146' title='bbox 336 1244 420 1300; x_wconf 73' lang='grc' dir='ltr'>γὰρ</span> <span class='ocrx_word' id='word_1_147' title='bbox 451 1241 524 1286; x_wconf 77' lang='grc' dir='ltr'>καὶ</span> <span class='ocrx_word' id='word_1_148' title='bbox 555 1245 700 1300; x_wconf 79' lang='grc' dir='ltr'>μωρὸς</span> <span class='ocrx_word' id='word_1_149' title='bbox 731 1243 844 1300; x_wconf 80' lang='grc' dir='ltr'><strong><em>ἀνὴρ</em></strong></span> <span class='ocrx_word' id='word_1_150' title='bbox 876 1244 991 1299; x_wconf 80' lang='grc' dir='ltr'><em>μάλα</em></span> <span class='ocrx_word' id='word_1_151' title='bbox 1022 1246 1197 1301; x_wconf 80' lang='grc' dir='ltr'><em>καίριον</em></span> <span class='ocrx_word' id='word_1_152' title='bbox 1229 1241 1364 1287; x_wconf 78' lang='grc' dir='ltr'><strong><em>εἶπεν.</em></strong></span> 
     </span>
    </p>
   </div>
   <div class='ocr_carea' id='block_1_5' title="bbox 8 1326 1483 1779">
    <p class='ocr_par' dir='ltr' id='par_1_5' title="bbox 8 1326 1483 1500">
     <span class='ocr_line' id='line_1_24' title="bbox 8 1326 1483 1383; baseline 0.001 -15"><span class='ocrx_word' id='word_1_153' title='bbox 8 1340 46 1369; x_wconf 70' lang='lat'>20</span> <span class='ocrx_word' id='word_1_154' title='bbox 65 1326 139 1367; x_wconf 83' lang='lat' dir='ltr'>sed</span> <span class='ocrx_word' id='word_1_155' title='bbox 171 1326 303 1381; x_wconf 86' lang='lat' dir='ltr'>enim,</span> <span class='ocrx_word' id='word_1_156' title='bbox 341 1326 415 1381; x_wconf 91' lang='lat' dir='ltr'>qui</span> <span class='ocrx_word' id='word_1_157' title='bbox 448 1326 565 1368; x_wconf 90' lang='lat' dir='ltr'>omni</span> <span class='ocrx_word' id='word_1_158' title='bbox 596 1327 642 1367; x_wconf 90' lang='lat' dir='ltr'>in</span> <span class='ocrx_word' id='word_1_159' title='bbox 673 1340 720 1368; x_wconf 89' lang='lat' dir='ltr'>re</span> <span class='ocrx_word' id='word_1_160' title='bbox 751 1329 880 1381; x_wconf 84' lang='lat' dir='ltr'>atque</span> <span class='ocrx_word' id='word_1_161' title='bbox 912 1327 1027 1369; x_wconf 90' lang='lat' dir='ltr'>omni</span> <span class='ocrx_word' id='word_1_162' title='bbox 1059 1331 1254 1383; x_wconf 87' lang='lat' dir='ltr'>tempore</span> <span class='ocrx_word' id='word_1_163' title='bbox 1285 1327 1411 1369; x_wconf 84' lang='lat' dir='ltr'>laude</span> <span class='ocrx_word' id='word_1_164' title='bbox 1429 1328 1483 1370; x_wconf 86' lang='lat'>13</span> 
     </span>
     <span class='ocr_line' id='line_1_25' title="bbox 65 1384 1412 1441; baseline 0.001 -15"><span class='ocrx_word' id='word_1_165' title='bbox 65 1385 181 1427; x_wconf 90' lang='lat' dir='ltr'>omni</span> <span class='ocrx_word' id='word_1_166' title='bbox 212 1387 349 1438; x_wconf 85' lang='lat' dir='ltr'>uacat,</span> <span class='ocrx_word' id='word_1_167' title='bbox 380 1385 418 1427; x_wconf 89' lang='lat' dir='ltr'>is</span> <span class='ocrx_word' id='word_1_168' title='bbox 450 1384 696 1426; x_wconf 84' lang='lat' dir='ltr'>inlaudatus</span> <span class='ocrx_word' id='word_1_169' title='bbox 726 1388 802 1440; x_wconf 86' lang='lat' dir='ltr'>est,</span> <span class='ocrx_word' id='word_1_170' title='bbox 833 1386 954 1441; x_wconf 89' lang='lat' dir='ltr'>isque</span> <span class='ocrx_word' id='word_1_171' title='bbox 981 1386 1174 1428; x_wconf 90' lang='lat' dir='ltr'>omnium</span> <span class='ocrx_word' id='word_1_172' title='bbox 1199 1386 1412 1440; x_wconf 86' lang='lat' dir='ltr'>pessimus</span> 
     </span>
     <span class='ocr_line' id='line_1_26' title="bbox 64 1443 1412 1500; baseline 0.001 -15"><span class='ocrx_word' id='word_1_173' title='bbox 64 1443 403 1499; x_wconf 86' lang='lat' dir='ltr'>deterrimusque</span> <span class='ocrx_word' id='word_1_174' title='bbox 448 1445 533 1499; x_wconf 86' lang='lat' dir='ltr'>est,</span> <span class='ocrx_word' id='word_1_175' title='bbox 582 1458 632 1485; x_wconf 89' lang='lat' dir='ltr'>ac</span> <span class='ocrx_word' id='word_1_176' title='bbox 682 1444 806 1486; x_wconf 88' lang='lat' dir='ltr'>sicuti</span> <span class='ocrx_word' id='word_1_177' title='bbox 850 1445 988 1486; x_wconf 90' lang='lat' dir='ltr'>omnis</span> <span class='ocrx_word' id='word_1_178' title='bbox 1032 1446 1182 1500; x_wconf 89' lang='lat' dir='ltr'>culpae</span> <span class='ocrx_word' id='word_1_179' title='bbox 1225 1445 1412 1499; x_wconf 79' lang='lat' dir='ltr'>priuatio</span> 
     </span>
    </p>

    <p class='ocr_par' dir='ltr' id='par_1_6' title="bbox 14 1502 1412 1617">
     <span class='ocr_line' id='line_1_27' title="bbox 14 1502 1412 1558; baseline 0.001 -14"><span class='ocrx_word' id='word_1_180' title='bbox 14 1541 20 1544; x_wconf 84' lang='lat'>.</span> <span class='ocrx_word' id='word_1_181' title='bbox 66 1503 332 1558; x_wconf 87' lang='lat' dir='ltr'>inculpatum</span> <span class='ocrx_word' id='word_1_182' title='bbox 358 1502 475 1557; x_wconf 87' lang='lat' dir='ltr'>facit,</span> <span class='ocrx_word' id='word_1_183' title='bbox 500 1502 745 1557; x_wconf 86' lang='lat' dir='ltr'>inculpatus</span> <span class='ocrx_word' id='word_1_184' title='bbox 773 1505 915 1546; x_wconf 87' lang='lat' dir='ltr'>autem</span> <span class='ocrx_word' id='word_1_185' title='bbox 940 1503 1079 1546; x_wconf 89' lang='lat' dir='ltr'>instar</span> <span class='ocrx_word' id='word_1_186' title='bbox 1104 1507 1169 1546; x_wconf 87' lang='lat' dir='ltr'>est</span> <span class='ocrx_word' id='word_1_187' title='bbox 1188 1504 1412 1546; x_wconf 87' lang='lat' dir='ltr'>absolutae</span> 
     </span>
     <span class='ocr_line' id='line_1_28' title="bbox 64 1561 1412 1617; baseline 0.002 -15"><span class='ocrx_word' id='word_1_188' title='bbox 64 1562 257 1613; x_wconf 85' lang='lat' dir='ltr'>uirtutis,</span> <span class='ocrx_word' id='word_1_189' title='bbox 300 1561 546 1603; x_wconf 87' lang='lat' dir='ltr'>inlaudatus</span> <span class='ocrx_word' id='word_1_190' title='bbox 584 1576 753 1617; x_wconf 90' lang='lat' dir='ltr'>quoque</span> <span class='ocrx_word' id='word_1_191' title='bbox 789 1562 924 1617; x_wconf 84' lang='lat' dir='ltr'>igitur</span> <span class='ocrx_word' id='word_1_192' title='bbox 960 1563 1056 1605; x_wconf 89' lang='lat' dir='ltr'>finis</span> <span class='ocrx_word' id='word_1_193' title='bbox 1096 1565 1162 1605; x_wconf 91' lang='lat' dir='ltr'>est</span> <span class='ocrx_word' id='word_1_194' title='bbox 1198 1566 1412 1605; x_wconf 88' lang='lat' dir='ltr'>extremae</span> 
     </span>
    </p>

    <p class='ocr_par' dir='ltr' id='par_1_7' title="bbox 10 1619 1482 1677">
     <span class='ocr_line' id='line_1_29' title="bbox 10 1619 1482 1677; baseline 0.001 -15"><span class='ocrx_word' id='word_1_195' title='bbox 10 1627 46 1662; x_wconf 58' lang='grc' dir='ltr'>ἐξ</span> <span class='ocrx_word' id='word_1_196' title='bbox 65 1620 270 1662; x_wconf 85' lang='lat' dir='ltr'>malitiae.</span> <span class='ocrx_word' id='word_1_197' title='bbox 330 1620 477 1676; x_wconf 86' lang='lat' dir='ltr'>itaque</span> <span class='ocrx_word' id='word_1_198' title='bbox 507 1619 722 1662; x_wconf 89' lang='lat' dir='ltr'>Homerus</span> <span class='ocrx_word' id='word_1_199' title='bbox 754 1635 842 1663; x_wconf 91' lang='lat' dir='ltr'>non</span> <span class='ocrx_word' id='word_1_200' title='bbox 874 1622 1107 1664; x_wconf 88' lang='lat' dir='ltr'>uirtutibus</span> <span class='ocrx_word' id='word_1_201' title='bbox 1139 1622 1410 1677; x_wconf 88' lang='lat' dir='ltr'>appellandis</span> <span class='ocrx_word' id='word_1_202' title='bbox 1425 1623 1482 1665; x_wconf 89' lang='lat'>14</span> 
     </span>
    </p>

    <p class='ocr_par' dir='ltr' id='par_1_8' title="bbox 12 1679 1412 1736">
     <span class='ocr_line' id='line_1_30' title="bbox 12 1679 1412 1736; baseline 0.003 -16"><span class='ocrx_word' id='word_1_203' title='bbox 12 1682 18 1684; x_wconf 69' lang='grc'><em>’</em></span> <span class='ocrx_word' id='word_1_204' title='bbox 64 1679 138 1720; x_wconf 87' lang='lat' dir='ltr'>sed</span> <span class='ocrx_word' id='word_1_205' title='bbox 187 1679 302 1720; x_wconf 85' lang='lat' dir='ltr'>uitiis</span> <span class='ocrx_word' id='word_1_206' title='bbox 350 1679 624 1722; x_wconf 86' lang='lat' dir='ltr'>detrahendis</span> <span class='ocrx_word' id='word_1_207' title='bbox 670 1680 846 1722; x_wconf 86' lang='lat' dir='ltr'>laudare</span> <span class='ocrx_word' id='word_1_208' title='bbox 891 1681 1089 1736; x_wconf 84' lang='lat' dir='ltr'>ampliter</span> <span class='ocrx_word' id='word_1_209' title='bbox 1133 1681 1256 1723; x_wconf 87' lang='lat' dir='ltr'>solet.</span> <span class='ocrx_word' id='word_1_210' title='bbox 1329 1681 1412 1724; x_wconf 88' lang='lat' dir='ltr'>hoc</span> 
     </span>
    </p>

    <p class='ocr_par' dir='ltr' id='par_1_9' title="bbox 62 1738 275 1779">
     <span class='ocr_line' id='line_1_31' title="bbox 62 1738 275 1779; baseline 0 0"><span class='ocrx_word' id='word_1_211' title='bbox 62 1738 175 1779; x_wconf 86' lang='lat' dir='ltr'>enim</span> <span class='ocrx_word' id='word_1_212' title='bbox 208 1741 275 1779; x_wconf 86' lang='lat' dir='ltr'>est</span> 
     </span>
    </p>
   </div>
   <div class='ocr_carea' id='block_1_6' title="bbox 120 1819 806 1876">
    <p class='ocr_par' dir='ltr' id='par_1_10' title="bbox 120 1819 806 1876">
     <span class='ocr_line' id='line_1_32' title="bbox 120 1819 806 1876; baseline 0.003 -14"><span class='ocrx_word' id='word_1_213' title='bbox 120 1820 180 1862; x_wconf 86' lang='grc' dir='ltr'>τὼ</span> <span class='ocrx_word' id='word_1_214' title='bbox 213 1819 251 1862; x_wconf 83' lang='grc' dir='ltr'>δ’</span> <span class='ocrx_word' id='word_1_215' title='bbox 282 1819 364 1862; x_wconf 83' lang='grc' dir='ltr'>οὐκ</span> <span class='ocrx_word' id='word_1_216' title='bbox 395 1820 551 1862; x_wconf 72' lang='grc' dir='ltr'><strong><em>ἄκοντε</em></strong></span> <span class='ocrx_word' id='word_1_217' title='bbox 582 1820 806 1876; x_wconf 82' lang='grc' dir='ltr'><em>πετέσθην</em></span> 
     </span>
    </p>
   </div>
   <div class='ocr_carea' id='block_1_7' title="bbox 61 1901 379 1944">
    <p class='ocr_par' dir='ltr' id='par_1_11' title="bbox 61 1901 379 1944">
     <span class='ocr_line' id='line_1_33' title="bbox 61 1901 379 1944; baseline -0.003 0"><span class='ocrx_word' id='word_1_218' title='bbox 61 1905 105 1944; x_wconf 86' lang='lat' dir='ltr'>et</span> <span class='ocrx_word' id='word_1_219' title='bbox 135 1902 241 1944; x_wconf 86' lang='lat' dir='ltr'>item</span> <span class='ocrx_word' id='word_1_220' title='bbox 271 1901 379 1944; x_wconf 87' lang='lat' dir='ltr'>illud</span> 
     </span>
    </p>
   </div>
   <div class='ocr_carea' id='block_1_8' title="bbox 124 1998 250 2001">
    <p class='ocr_par' dir='ltr' id='par_1_12' title="bbox 124 1998 250 2001">
     <span class='ocr_line' id='line_1_34' title="bbox 124 1998 250 2001; baseline 0 0"><span class='ocrx_word' id='word_1_221' title='bbox 124 1998 250 2001; x_wconf 95' lang='lat' dir='ltr'> </span> 
     </span>
    </p>
   </div>
   <div class='ocr_carea' id='block_1_9' title="bbox 157 2053 1331 2102">
    <p class='ocr_par' dir='ltr' id='par_1_13' title="bbox 157 2053 1331 2102">
     <span class='ocr_line' id='line_1_35' title="bbox 157 2053 1331 2102; baseline 0.003 -14"><span class='ocrx_word' id='word_1_222' title='bbox 157 2057 178 2088; x_wconf 88' lang='lat'><strong>3</strong></span> <span class='ocrx_word' id='word_1_223' title='bbox 203 2053 335 2098; x_wconf 85' lang='lat' dir='ltr'>fragm.</span> <span class='ocrx_word' id='word_1_224' title='bbox 362 2053 419 2089; x_wconf 88' lang='lat' dir='ltr'>ed.</span> <span class='ocrx_word' id='word_1_225' title='bbox 445 2053 577 2089; x_wconf 85' lang='lat' dir='ltr'>Iordan</span> <span class='ocrx_word' id='word_1_226' title='bbox 604 2066 639 2099; x_wconf 89' lang='lat' dir='ltr'>p.</span> <span class='ocrx_word' id='word_1_227' title='bbox 669 2057 723 2099; x_wconf 86' lang='lat'>55,</span> <span class='ocrx_word' id='word_1_228' title='bbox 750 2058 771 2089; x_wconf 85' lang='grc'><strong>8</strong></span> <span class='ocrx_word' id='word_1_229' title='bbox 845 2060 866 2091; x_wconf 89' lang='grc'>8</span> <span class='ocrx_word' id='word_1_230' title='bbox 891 2055 931 2091; x_wconf 87' lang='lat' dir='ltr'>in</span> <span class='ocrx_word' id='word_1_231' title='bbox 956 2055 1058 2091; x_wconf 88' lang='lat' dir='ltr'>Verr.</span> <span class='ocrx_word' id='word_1_232' title='bbox 1085 2055 1154 2091; x_wconf 89' lang='lat' dir='ltr'>IIII</span> <span class='ocrx_word' id='word_1_233' title='bbox 1181 2060 1237 2102; x_wconf 86' lang='lat'>55,</span> <span class='ocrx_word' id='word_1_234' title='bbox 1266 2061 1331 2092; x_wconf 90' lang='grc'>122</span> 
     </span>
    </p>
   </div>
   <div class='ocr_carea' id='block_1_10' title="bbox 62 2139 199 2142">
    <p class='ocr_par' dir='ltr' id='par_1_14' title="bbox 62 2139 199 2142">
     <span class='ocr_line' id='line_1_36' title="bbox 62 2139 199 2142; baseline 0 0"><span class='ocrx_word' id='word_1_235' title='bbox 62 2139 199 2142; x_wconf 95' lang='lat' dir='ltr'> </span> 
     </span>
    </p>
   </div>
   <div class='ocr_carea' id='block_1_11' title="bbox 204 2139 342 2142">
    <p class='ocr_par' dir='ltr' id='par_1_15' title="bbox 204 2139 342 2142">
     <span class='ocr_line' id='line_1_37' title="bbox 204 2139 342 2142; baseline 0 0"><span class='ocrx_word' id='word_1_236' title='bbox 204 2139 342 2142; x_wconf 95' lang='lat' dir='ltr'> </span> 
     </span>
    </p>
   </div>
   <div class='ocr_carea' id='block_1_12' title="bbox 65 2187 1418 2326">
    <p class='ocr_par' dir='ltr' id='par_1_16' title="bbox 65 2187 1418 2326">
     <span class='ocr_line' id='line_1_38' title="bbox 157 2187 1418 2245; baseline 0.002 -16"><span class='ocrx_word' id='word_1_237' title='bbox 157 2198 178 2229; x_wconf 88' lang='grc'>2</span> <span class='ocrx_word' id='word_1_238' title='bbox 203 2194 352 2239; x_wconf 78' lang='lat' dir='ltr'>loquuti</span> <span class='ocrx_word' id='word_1_239' title='bbox 377 2194 414 2229; x_wconf 91' lang='lat' dir='ltr'><em>P</em></span> <span class='ocrx_word' id='word_1_240' title='bbox 476 2198 497 2229; x_wconf 85' lang='lat'><strong>3</strong></span> <span class='ocrx_word' id='word_1_241' title='bbox 523 2187 573 2231; x_wconf 73' lang='grc' dir='ltr'>Π.</span> <span class='ocrx_word' id='word_1_242' title='bbox 592 2196 630 2231; x_wconf 88' lang='grc' dir='ltr'><strong><em>Ρ</em></strong></span> <span class='ocrx_word' id='word_1_243' title='bbox 692 2200 715 2231; x_wconf 81' lang='grc'>4</span> <span class='ocrx_word' id='word_1_244' title='bbox 733 2196 861 2232; x_wconf 78' lang='lat' dir='ltr'>acheis</span> <span class='ocrx_word' id='word_1_245' title='bbox 874 2197 911 2232; x_wconf 91' lang='lat' dir='ltr'><em>P</em></span> <span class='ocrx_word' id='word_1_246' title='bbox 981 2202 1001 2233; x_wconf 93' lang='lat'>5</span> <span class='ocrx_word' id='word_1_247' title='bbox 1021 2197 1167 2232; x_wconf 80' lang='lat' dir='ltr'>uexar&amp;</span> <span class='ocrx_word' id='word_1_248' title='bbox 1181 2217 1188 2225; x_wconf 90' lang='lat'><strong>·</strong></span> <span class='ocrx_word' id='word_1_249' title='bbox 1202 2197 1359 2245; x_wconf 69' lang='lat' dir='ltr'>Ve1xare</span> <span class='ocrx_word' id='word_1_250' title='bbox 1379 2198 1418 2232; x_wconf 91' lang='lat' dir='ltr'><strong><em>P</em></strong></span> 
     </span>
     <span class='ocr_line' id='line_1_39' title="bbox 66 2238 1410 2280; baseline 0.004 -5"><span class='ocrx_word' id='word_1_251' title='bbox 66 2243 107 2275; x_wconf 87' lang='lat'>11</span> <span class='ocrx_word' id='word_1_252' title='bbox 134 2240 396 2276; x_wconf 71' lang='lat' dir='ltr'>consuetudine</span> <span class='ocrx_word' id='word_1_253' title='bbox 422 2238 471 2276; x_wconf 93' lang='lat' dir='ltr'>P&#39;</span> <span class='ocrx_word' id='word_1_254' title='bbox 583 2246 627 2278; x_wconf 83' lang='lat'>19</span> <span class='ocrx_word' id='word_1_255' title='bbox 652 2244 869 2279; x_wconf 78' lang='grc' dir='ltr'>ΠΟΛΛΔΚΟ</span> <span class='ocrx_word' id='word_1_256' title='bbox 895 2245 931 2279; x_wconf 88' lang='grc' dir='ltr'><strong><em>Ρ</em></strong></span> <span class='ocrx_word' id='word_1_257' title='bbox 1037 2247 1083 2279; x_wconf 85' lang='grc'>26</span> <span class='ocrx_word' id='word_1_258' title='bbox 1109 2244 1342 2280; x_wconf 79' lang='lat' dir='ltr'>d&amp;rehend1s</span> <span class='ocrx_word' id='word_1_259' title='bbox 1362 2243 1410 2280; x_wconf 83' lang='lat' dir='ltr'>P&#39;</span> 
     </span>
     <span class='ocr_line' id='line_1_40' title="bbox 65 2288 752 2326; baseline 0.006 -4"><span class='ocrx_word' id='word_1_260' title='bbox 65 2289 111 2322; x_wconf 78' lang='lat'>28</span> <span class='ocrx_word' id='word_1_261' title='bbox 134 2289 204 2323; x_wconf 87' lang='grc' dir='ltr'>ΟΙΚ</span> <span class='ocrx_word' id='word_1_262' title='bbox 228 2288 265 2323; x_wconf 88' lang='lat' dir='ltr'><strong><em>P</em></strong></span> <span class='ocrx_word' id='word_1_263' title='bbox 336 2289 611 2325; x_wconf 86' lang='grc' dir='ltr'>ΠΕΤΕΟΘΗΝΕ</span> <span class='ocrx_word' id='word_1_264' title='bbox 636 2291 688 2326; x_wconf 73' lang='lat' dir='ltr'>ite</span> <span class='ocrx_word' id='word_1_265' title='bbox 715 2291 752 2326; x_wconf 89' lang='lat' dir='ltr'><strong><em>P</em></strong></span> 
     </span>
    </p>
   </div>
   <div class='ocr_carea' id='block_1_13' title="bbox 24 2425 44 2444">
    <p class='ocr_par' dir='ltr' id='par_1_17' title="bbox 24 2425 44 2444">
     <span class='ocr_line' id='line_1_41' title="bbox 24 2425 44 2444; baseline 0 0"><span class='ocrx_word' id='word_1_266' title='bbox 24 2425 44 2444; x_wconf 60' lang='grc' dir='ltr'>..ἒ</span> 
     </span>
    </p>
   </div>
  </div>
 </body>
</html>
