1526 2444
170 65 197 105 2
202 64 226 105 8
685 64 783 101 SAT.
807 65 935 100 LIBRI
959 65 976 99 Ι

171 171 302 212 fundo
345 185 419 212 seu
460 171 549 211 filia
590 171 692 212 data
733 171 906 224 marito,
948 185 1042 212 cum
1086 185 1311 225 sponsores
1351 172 1404 213 ab
1442 171 1492 215 eo¹

172 228 433 270 sollemniter
468 230 760 282 poscerentur,
797 229 958 270 asinam
996 243 1089 270 cum
1125 230 1330 283 pecuniae
1367 243 1468 271 oner

171 286 370 339 produxit
411 286 455 326 in
497 285 654 339 forum,
699 286 818 340 quasi
859 300 936 340 pro
979 287 1254 340 sponsoribus
1292 300 1500 340 praesens>

103 343 336 398 30pignus.
408 343 712 384 Tremellius
761 357 862 384 uero
905 343 1128 398 Seropha
1171 344 1492 398 cognominatus

172 403 236 442 est
268 402 421 442 euentu
450 401 539 442 tali.
585 401 622 442 is
648 401 895 442 Tremellius
926 415 1021 442 cum
1051 401 1217 443 familia
1243 404 1367 455 atque
1392 402 1498 443 libe-

171 459 229 499 ris
265 458 310 498 in
345 457 452 499 uilla
489 460 590 499 erat.
652 459 763 499 serui
799 458 888 500 eius
925 473 1021 500 cum
1063 459 1114 500 de
1143 460 1283 501 uicino
1316 458 1495 513 scropha

173 517 344 570 erraret,
370 516 616 569 subreptam
648 515 894 557 conficiunt:
925 516 1089 558 uicinus
1115 517 1334 558 aduocatis
1360 519 1498 559 custo·

173 573 295 615 dibus
333 573 473 615 omnia
510 573 786 615 circumuenit
821 587 959 626 nequa
995 573 1143 615 ecferri
1179 574 1333 628 possit:
1374 573 1494 629 isque

174 631 227 672 ad
247 630 463 672 dominum
483 631 673 685 appellat
691 631 859 672 restitui
878 630 960 672 sibi
978 632 1191 685 pecudem.
1231 632 1496 687 Tremellius,

173 689 246 742 qui
277 703 327 729 ex
357 689 486 730 uilico
517 703 607 730 rem
638 690 927 742 comperisset,
970 689 1173 743 scrophae
1205 690 1386 731 cadauer
1415 690 1504 731 sub·

173 746 420 787 centonibus
446 746 637 796 collocat,
663 760 790 799 super
813 760 917 800 quos
937 761 1042 787 uxor
1067 747 1260 801 cubabat,
1286 746 1494 800 quaestio-

172 818 270 845 nem
301 804 440 845 uicino
470 804 691 857 permittit.
742 818 837 844 cum
866 806 1043 845 uentum
1074 807 1139 846 est
1166 804 1219 845 ad
1244 804 1507 859 cubiculum,

173 862 306 902 uerba
348 862 569 902 iurationis
613 861 814 915 concipit:
855 862 1016 903 nullam
1059 876 1149 903 esse
1191 863 1236 903 in
1278 862 1383 903 uilla
1420 875 1497 904 sua

174 919 400 972 scropham
421 919 518 960 ‘nisi
541 918 684 960 istam'
704 919 843 973 inquit
867 918 989 974 ‘quae
1013 920 1059 960 in
1084 920 1334 961 centonibus
1359 918 1498 972 iacet',

175 977 377 1018 lectulum
414 979 637 1017 monstrat.
702 991 751 1018 ea
786 977 1043 1018 facetissima
1078 978 1232 1018 iuratio
1271 977 1496 1019 Tremellio

175 1034 388 1088 Scrophae
420 1036 747 1088 cognomentum
779 1033 924 1075 dedit?

104 1092 190 1135 VII
289 1092 402 1134 Dum
438 1092 523 1133 ista
557 1094 801 1146 narrantur,
836 1106 943 1133 unus
982 1106 1004 1132 e
1040 1092 1270 1147 famulitio,
1307 1092 1374 1133 cui
1405 1105 1499 1145 pro-

174 1150 314 1191 uincia
362 1153 452 1191 erat
500 1150 723 1191 admittere
767 1150 958 1191 uolentes
1003 1149 1219 1191 dominum
1262 1150 1498 1204 conuenire,

173 1208 442 1262 Euangelum
491 1208 637 1249 adesse
684 1208 854 1249 nuntiat
902 1222 998 1249 cum
1040 1207 1229 1261 Disario,
1278 1207 1350 1261 qui
1397 1209 1498 1248 tunc

176 1265 335 1307 Romae
383 1268 601 1320 praestare
649 1265 873 1306 uidebatur
921 1265 1071 1306 ceteris
1121 1265 1315 1306 medendi
1364 1267 1497 1306 artem

134 1325 161 1365 2
177 1323 388 1377 professis.
439 1325 674 1377 conrugato
704 1323 942 1364 indicauere
967 1323 1090 1363 uultu
1113 1323 1303 1377 plerique
1329 1322 1379 1363 de
1404 1336 1500 1364 con-

177 1381 411 1422 sidentibus
435 1381 647 1435 Euangeli
676 1380 961 1421 interuentum
993 1380 1081 1421 otio
1113 1394 1189 1422 suo
1214 1381 1520 1433 inamoenum,·

175 1439 397 1493 minusque
427 1438 594 1492 placido
627 1439 855 1479 conuentui
887 1440 1201 1492 congruentem.
1263 1440 1354 1479 erat
1384 1437 1499 1479 enim

176 1497 442 1538 amarulenta
473 1496 696 1537 dicacitate
728 1498 771 1536 et
795 1496 945 1550 lingua
967 1498 1165 1550 proterue
1190 1495 1380 1537 mordaci
1404 1509 1498 1549 pro-

176 1569 253 1596 cax
283 1568 332 1595 ac
363 1568 534 1595 securus
565 1553 833 1606 offensarum,
864 1567 968 1606 quas
1001 1553 1089 1594 sine
1121 1553 1283 1594 delectu
1314 1553 1401 1594 cari
1430 1553 1498 1594 uel

175 1626 262 1653 non
298 1612 423 1653 amici
459 1611 504 1652 in
542 1626 586 1652 se
621 1611 782 1664 passim
818 1610 961 1651 uerbis
998 1611 1095 1651 odia
1131 1611 1367 1652 serentibus
1403 1605 1526 1665 pro-¹.¹

175 1670 367 1712 uocabat.
435 1668 508 1710 sed
543 1668 857 1720 Praetextatus,
893 1670 940 1709 ut
977 1670 1067 1709 erat
1103 1668 1148 1709 in
1185 1683 1330 1710 omnes
1369 1664 1526 1733 aeque}

176 1727 365 1781 placidus
397 1741 446 1767 ac
478 1726 614 1780 mitis,
650 1728 699 1767 ut
730 1726 1054 1767 admitterentur
1084 1726 1224 1767 missis
1256 1726 1392 1767 obuiis
1423 1727 1500 1767 im-

135 1785 353 1839 3perauit.
414 1798 520 1838 quos
551 1783 693 1825 Horus
729 1783 1014 1838 ingredientes
1055 1784 1321 1825 commodum
1358 1797 1526 1826 conse-1

176 1845 297 1884 cutus
347 1841 649 1895 comitabatur,
697 1841 762 1882 uir
812 1855 986 1895 corpore
1030 1843 1156 1896 atque
1200 1841 1340 1883 animo
1383 1839 1526 1902 iuxtai

268 1948 288 1978 2
325 1943 514 1989 solleplnii·
546 1942 583 1977 Ρ
678 1943 814 1986 honere
851 1943 888 1978 B
988 1947 1008 1978 8
1033 1954 1151 1987 neque
1188 1943 1236 1998 β’
1311 1943 1377 1978 ''ec
1412 1942 1500 1978 ferri

176 2024 251 2067 (sed
267 2035 283 2056 μ
309 2024 393 2059 aad.
415 2023 480 2068 ΡΞ)
505 2023 661 2058 1>=ferr1
680 2024 727 2067 B,
751 2023 820 2070 hec
845 2024 928 2059 aad.
948 2023 1011 2057 Bm
1084 2027 1126 2058 12
1152 2002 1220 2065 03²„
1240 2024 1278 2058 B
1349 2027 1391 2058 ιτ
1410 2022 1526 2058 unus

177 2081 200 2104 a
223 2070 408 2104 famuht1o
433 2070 470 2104 B
565 2072 607 2103 19
641 2069 787 2113 d1jsar10
812 2070 849 2104 P
941 2074 986 2105 20
1012 2070 1144 2105 ceteris
1170 2080 1235 2105 om.
1260 2070 1297 2103 P
1382 2073 1424 2104 21
1458 2070 1499 2104 in

176 2116 342 2160 plerique
373 2119 423 2150 est
452 2127 471 2149 r
500 2117 542 2151 in
570 2127 639 2151 ras.
672 2117 762 2160 (uid.
791 2117 903 2159 fuisse
926 2117 957 2160 s)
988 2117 1030 2151 in
1053 2117 1090 2151 P
1179 2119 1223 2150 22
1249 2115 1498 2156 consedent1b;

177 2162 214 2197 P
287 2164 461 2208 mamenfl
485 2162 523 2197 P
589 2165 634 2196 24
658 2162 806 2207 linguae
830 2163 1024 2207 proteruae
1049 2161 1231 2196 mendacn
1255 2161 1292 2195 P
1358 2163 1402 2195 25
1427 2172 1501 2205 qua.
1523 2186 1526 2194 ἲ

177 2205 227 2242 Ρ’
301 2208 438 2242 dilectu
457 2207 504 2242 B'
576 2212 620 2242 26
645 2209 678 2241 t1
695 2210 737 2242 in
754 2208 958 2242 serentibus
977 2210 1019 2242 in
1041 2218 1113 2243 ras.
1133 2208 1174 2242 in
1192 2207 1228 2241 P
1293 2211 1338 2242 27
1360 2218 1499 2251 aequae
1523 2213 1526 2239 ἶ

177 2254 210 2297 b,
236 2264 352 2297 aquae
377 2254 412 2287 B
489 2257 533 2288 29
559 2253 671 2288 horas
691 2251 736 2287 B‘
811 2253 1052 2297 consequutus
1072 2254 1109 2288 P
1182 2257 1227 2288 30
1250 2255 1353 2288 iuxta
1376 2264 1441 2289 om.
1466 2253 1526 2316 Pi
