1526 2444
159 69 245 111 202
665 71 760 107 SAT.
786 71 912 106 LIBRI
938 72 987 107 111

155 176 371 231 obiurgat,
421 176 532 231 quod
574 176 727 219 Roscio
772 179 940 232 gestum
984 180 1136 233 agente
1180 177 1479 231 tumultuarit?

154 236 196 274 et
222 237 334 275 certe
360 235 464 275 satis
491 236 659 275 constat
683 235 932 277 contendere
958 250 1053 277 eum
1085 250 1179 277 cum
1209 236 1303 290 ipso
1334 235 1479 277 histri-

155 305 234 333 one
276 292 467 346 solitum,
510 295 655 334 utrum
694 293 765 334 ille
805 294 974 347 saepius
1015 293 1189 334 eandem
1227 293 1480 335 sententiam

153 349 284 390 uariis
305 349 498 403 gestibus
519 350 705 391 efficeret
730 365 785 392 an
809 351 902 404 ipse
926 365 1002 405 per
1029 351 1291 404 eloquentiae
1316 352 1480 405 copiam

158 420 353 449 sermone
379 408 544 449 diuerso
570 409 875 462 pronuntiaret.
936 423 1042 463 quae
1067 423 1134 450 res
1159 409 1211 450 ad
1236 409 1345 450 hanc
1375 408 1480 450 artis
1516 427 1526 453 ε

155 478 256 505 suae
292 465 488 507 fiduciam
527 465 729 507 Roscium
767 466 990 519 abstraxit,
1027 468 1075 507 ut
1110 467 1265 508 librum
1302 467 1479 508 conscri-

156 522 295 578 beret,
344 537 427 577 quo
471 523 757 577 eloquentiam
800 538 893 565 cum
937 524 1164 565 histrionia
1206 526 1481 578 compararet.

93 580 196 621 13is
228 583 294 622 est
324 580 515 635 Roscius,
546 581 619 635 qui
649 581 775 623 etiam
803 581 847 623 L.
875 580 1014 623 Sullae
1047 582 1287 623 carissimus
1318 582 1409 636 fuit,
1440 583 1482 623 et

158 639 285 680 anulo
325 653 452 681 aureo
491 640 542 681 ab
583 639 730 681 eodem
767 639 974 682 dictatore
1011 639 1188 681 donatus
1226 642 1300 681 est.
1359 641 1482 681 tanta

155 698 300 737 autem
325 695 411 738 fuit
440 697 579 751 gratia
611 699 654 738 et
685 697 834 752 gloria,
865 700 913 738 ut
942 698 1176 739 mercedem
1208 698 1400 739 diurnam
1431 697 1480 738 de
1500 714 1526 742 κ

158 754 328 807 publico
355 755 471 796 mille
497 755 690 796 denarios
717 755 806 796 sine
839 755 1083 810 gregalibus
1115 755 1231 796 solus
1263 755 1481 810 acceperit.

88 812 140 852 14
157 811 408 865 Aesopum
434 827 534 854 uero
561 827 610 853 ex
635 814 728 866 pari
754 815 843 854 arte
869 813 1084 854 ducenties
1117 813 1357 855 sestertium
1388 812 1482 853 reli-

155 869 296 923 quisse
326 870 415 911 filio
447 873 625 912 constat.

272 926 353 968 Sed
393 928 492 981 quid
533 929 686 981 loquor
725 928 775 968 de
814 928 1111 983 histrionibus,
1151 942 1245 970 cum
1284 928 1479 982 Appius

157 982 417 1039 Claudius,
442 986 509 1026 uir
532 986 815 1039 triumphalis,
841 987 911 1040 qui
937 985 1074 1027 Salius
1101 986 1155 1028 ad
1182 1000 1311 1040 usque
1338 999 1479 1027 senec·
1498 1003 1526 1029 ιε

153 1044 290 1084 tutem
322 1043 423 1098 fuit,
453 1058 530 1098 pro
562 1044 700 1097 gloria
731 1044 980 1098 optinuerit,
1011 1044 1123 1098 quod
1153 1044 1263 1085 inter
1294 1044 1479 1098 collegas

154 1101 311 1154 optime
343 1101 593 1142 saltibabat‘?

91 1158 143 1200 15
273 1158 336 1200 Ac
360 1159 607 1213 priusquam
638 1173 663 1199 a
695 1159 920 1200 saltatione
951 1159 1118 1200 discedo
1149 1158 1256 1200 illud
1288 1158 1479 1212 adiciam,

156 1230 241 1258 uno
269 1216 495 1270 eodemque
521 1219 712 1270 tempore
738 1216 871 1257 tribus
896 1217 1173 1258 nobilissimis
1199 1216 1361 1258 ciuibus
1392 1231 1479 1258 non

154 1274 281 1315 modo
315 1274 501 1316 studium
533 1274 719 1316 saltandi
750 1274 822 1314 sed
854 1275 994 1328 etiam,
1027 1274 1063 1315 si
1094 1274 1157 1316 dis
1188 1274 1339 1329 placet,
1369 1274 1477 1328 peri·
1497 1290 1526 1317 20

155 1332 281 1386 tiam,
325 1346 408 1386 qua
451 1332 756 1386 gloriarentur,
804 1331 952 1386 fuisse,
997 1331 1212 1374 Gabinio
1255 1332 1478 1374 consulari.

155 1387 372 1430 Ciceronis
404 1390 593 1444 inimico,
624 1389 735 1444 quod
766 1389 804 1430 ei
836 1390 963 1431 etiam
995 1388 1141 1432 Cicero
1171 1404 1257 1431 non
1290 1389 1481 1431 dissimu-

155 1447 294 1488 lanter
337 1447 507 1500 obiecit,
550 1450 592 1488 et
636 1447 689 1488 M.
722 1445 912 1501 Caelio,
954 1451 1057 1489 noto
1100 1449 1144 1488 in
1186 1447 1332 1489 turbas
1375 1448 1479 1498 uiro,

154 1518 278 1557 quem
326 1505 438 1546 idem
487 1504 633 1546 Cicero
682 1504 886 1559 defendit,
936 1508 978 1546 et
1025 1505 1225 1547 Licinio
1276 1504 1478 1559 Crasso,

154 1561 295 1604 Crassi
327 1563 428 1616 eius,
459 1563 530 1616 qui
562 1562 674 1616 apud
703 1562 887 1604 Parthos
920 1563 1128 1604 extinctus
1161 1565 1236 1617 est,
1265 1563 1367 1604 filio.
1498 1577 1526 1605 ει

86 1619 167 1660 XV
270 1619 350 1661 Sed
389 1620 438 1661 de
477 1620 708 1662 saltatione
748 1623 938 1662 ueterum
980 1620 1032 1661 ad
1071 1621 1252 1674 praedae
1291 1620 1478 1661 marinae

158 1678 340 1719 transire
371 1679 514 1719 luxum
540 1677 798 1720 Liciniorum
829 1692 895 1718 me
926 1692 1082 1719 nomen
1111 1677 1342 1732 admonuit,
1374 1691 1479 1731 quos

155 1735 352 1777 Murenas
402 1736 741 1790 cognominatos,
791 1735 901 1788 quod
949 1735 1030 1777 hoc
1071 1736 1186 1789 pisce
1230 1735 1479 1776 effusissime

117 1793 357 1834 2delectati
384 1794 481 1847 sint,
513 1793 618 1834 satis
649 1795 827 1835 constat.
887 1793 986 1834 huic
1017 1793 1210 1846 opinioni
1234 1793 1290 1835 M.
1315 1793 1479 1835 VARRO

158 1851 368 1892 consentit
410 1850 607 1892 adserens
651 1851 818 1892 eodem
862 1851 1003 1892 modo
1042 1851 1268 1893 Licinios
1309 1851 1526 1905 appel-su

156 1909 291 1949 latos
334 1908 584 1963 Murenas,
634 1923 727 1963 quo
773 1908 978 1963 Sergius
1023 1908 1176 1950 Orata
1225 1909 1480 1964 cognomi·
1522 1932 1524 1934 ·

247 2038 264 2067 1
291 2033 404 2068 resclo
428 2037 469 2069 ut
493 2034 569 2069 uid.
594 2032 646 2068 B'
724 2034 1007 2069 tumultuauerlt
1034 2034 1070 2068 P
1147 2037 1169 2068 4
1193 2033 1483 2070 *****ua.rns

151 2080 188 2114 P
262 2084 281 2114 '7
310 2079 408 2124 quod
432 2078 478 2114 B'
561 2083 581 2114 8
607 2081 703 2115 lucio
728 2080 802 2114 BP
871 2080 950 2126 fille
975 2081 1020 2123 P,
1045 2080 1157 2124 syllae
1182 2081 1218 2114 B
1290 2084 1331 2114 12
1357 2079 1479 2115 sester-
1521 2079 1526 2101 '-

153 2130 212 2160 cisi
240 2127 276 2160 P
382 2130 425 2161 14
450 2126 558 2171 apius
577 2127 613 2161 B
711 2130 752 2160 15
778 2137 864 2170 quia
887 2128 929 2162 m*
953 2127 1063 2169 fallor
1088 2125 1133 2162 B'
1237 2126 1348 2170 usque
1374 2125 1422 2159 ad
1446 2126 1483 2161 P
1518 2159 1519 2162 ,

153 2176 198 2207 20
222 2172 379 2208 studui*
406 2173 442 2206 P
571 2176 613 2207 21
641 2172 782 2207 Ganmo
810 2173 854 2217 P,
881 2183 1030 2217 gammo
1054 2173 1090 2207 B
1223 2176 1266 2207 22
1294 2183 1328 2206 ei
1351 2183 1416 2208 om.
1443 2172 1480 2207 B
1516 2175 1526 2189 >³

153 2222 198 2253 23
223 2230 346 2254 marco
370 2218 447 2253 BP
538 2219 667 2254 *celio
695 2220 732 2254 P
822 2230 902 2254 u1r0
928 2230 994 2255 om.
1020 2220 1056 2254 B
1145 2223 1189 2254 27
1215 2218 1418 2254 ammonuit
1442 2218 1479 2253 B

154 2264 245 2309 quas
265 2263 312 2300 B'
384 2269 428 2300 29
453 2265 535 2300 sunt
562 2265 598 2300 P
