1526 2444
599 77 685 113 XVI
710 80 850 113 31—42
1347 76 1404 118 85

57 202 213 230 nomen
245 187 479 243 accipiunt,
516 186 590 228 sed
626 186 663 228 is
701 185 893 228 maribus
932 199 1090 241 nonus,
1127 186 1307 228 octauus
1340 186 1406 226 est

57 246 242 289 feminis.

173 304 314 360 Plene‚
345 307 394 347 ut
425 304 622 358 arbitror,
654 303 757 345 anni
783 318 832 345 ac
858 303 1068 346 mensium
1094 302 1402 346 constitutione
1417 304 1472 346 37

57 364 224 420 digesta
259 364 393 406 habet
423 362 565 406 Horas
597 377 765 418 quoque
802 365 970 417 noster,
1009 362 1122 417 quod
1154 362 1204 404 de
1237 361 1403 404 dierum

20 444 36 471 5
56 423 277 466 uocabulis
309 425 353 465 et
384 422 687 465 obseruatione
720 422 950 464 consuluit.
1006 424 1050 463 et
1075 421 1183 463 scire
1209 421 1406 477 equidem

57 482 204 537 uelim,
239 481 445 538 numquid
479 482 554 537 sit,
592 481 704 537 quod
739 483 918 536 argutus
949 480 1156 536 Niligena
1188 482 1231 522 et
1262 480 1404 536 gentis

0 579 2 592 ἰ
57 541 204 584 accola
245 555 522 584 numerorum
558 540 748 595 potentis
786 554 838 582 ex
876 540 959 582 hoc
997 539 1144 582 ordine
1182 539 1406 582 Romanae

57 600 392 655 dispensationis
436 600 638 653 inrideat,
683 614 738 642 an
775 599 961 641 Tuscum
1006 612 1174 654 quoque
1212 598 1406 641 Tiberim

58 659 220 714 aliquid
258 674 310 702 ex
349 658 585 715 disciplinis
624 659 712 701 suis
746 658 943 700 hausisse
975 656 1246 700 consentiat.²
1309 658 1406 700 sub·
1421 659 1477 702 38

0 718 159 768 3101ec1t
183 717 485 760 Eustathius
487 733 574 760 non
606 718 746 760 solum
779 716 924 759 Horus
956 719 1122 772 noster,
1159 717 1307 772 grauis
1339 717 1408 759 uir

0 798 1 816 ÷
58 780 102 819 et
133 780 329 832 ornatus,
366 777 438 819 sed
469 791 547 819 nec
578 777 804 831 quisquam
836 777 964 827 alius,
1002 779 1051 818 ut
1083 777 1286 843 aestimo,
1314 778 1406 817 tam

0 841 2 885 ἱ
57 836 195 878 futilis
238 838 386 892 posset
429 850 520 878 esse
563 835 727 890 iudicii,
772 836 846 891 qui
882 809 1070 878 Roinani
1111 835 1214 877 anni
1252 835 1315 877 810
1353 835 1406 876 3(1

0 893 1 945 ᾖ
60 908 264 962 unguem,
295 897 344 937 ut
376 894 510 950 aiunt,
541 894 814 937 emendatum
847 894 1041 936 ordinem
1072 909 1158 936 non
1191 894 1407 949 probaret,

0 974 2 1012 3
59 954 126 996 cui
165 954 372 996 maiorem
406 954 593 1009 gratiam
632 956 675 996 et
711 956 840 995 tenax
875 954 1084 996 memoria
1115 956 1159 996 et
1189 953 1408 996 luculenta

6 1034 42 1063 15
60 1013 197 1055 oratio
229 1013 456 1055 referentis
489 1013 655 1055 adiecit.
716 1027 794 1055 nec
825 1013 995 1068 mirum,
1026 1013 1063 1055 si
1088 1012 1195 1055 haec
1221 1012 1407 1068 digeries

59 1086 250 1114 morsum
292 1072 637 1127 reprehensionis
684 1072 840 1127 euasit,
884 1072 952 1114 cui
997 1073 1204 1114 accersita
1247 1074 1314 1114 est
1354 1072 1407 1114 ab

0 1127 1 1156 ³
59 1131 261 1187 Aegypto
280 1134 525 1186 postremae
546 1131 823 1174 correctionis
845 1132 1091 1174 auctoritas.
1122 1146 1224 1173 nam
1241 1130 1407 1173 Iulius
1422 1133 1478 1176 39

60 1188 249 1232 Caesar
289 1192 338 1232 ut
375 1190 562 1232 siderum
598 1193 762 1247 motus,
806 1190 856 1232 de
896 1191 1050 1246 quibus
1087 1205 1176 1233 non
1212 1190 1408 1233 indoctos

59 1247 195 1291 libros
225 1249 412 1304 reliquit,
446 1250 499 1291 ab
526 1250 755 1305 Aegyptiis
787 1249 1024 1305 disciplinis
1050 1250 1209 1302 hausit,
1239 1250 1303 1292 ita
1327 1250 1410 1292 hoc

9 1329 44 1355 20
63 1321 230 1363 quoque
274 1322 325 1349 ex
369 1308 515 1350 eadem
559 1309 833 1351 institutione
878 1310 1099 1351 mutuatus
1141 1311 1224 1364 est,
1268 1311 1318 1351 ut
1356 1309 1410 1351 ad

62 1367 165 1409 solis
205 1381 378 1409 cursum
414 1367 591 1409 finiendi
629 1368 733 1409 anni
770 1370 940 1422 tempus
976 1368 1234 1410 extenderet.
1296 1367 1410 1410 Latii
1423 1370 1483 1412 40

60 1439 163 1467 uero
200 1428 367 1469 ueteres
406 1426 590 1481 incolae,
630 1426 731 1481 quia
767 1426 876 1468 nihil
914 1427 1002 1468 iam
1033 1429 1126 1468 tum
1158 1427 1322 1469 discere
1355 1427 1409 1469 ab

61 1482 262 1540 Aegypto
287 1485 457 1540 licebat,
484 1485 536 1527 ad
563 1500 694 1540 quam
717 1486 861 1528 nullus
888 1485 974 1527 illis
1001 1488 1265 1528 commeatus
1291 1488 1410 1542 pate-

59 1543 153 1597 bat,
191 1543 591 1586 moremGrraeciae
629 1545 674 1586 in
705 1544 980 1586 numerandis
1012 1545 1225 1586 mensium
1258 1544 1410 1587 diebus

6 1622 42 1648 2⁵
61 1603 196 1644 secuti
234 1606 353 1657 sunt,
389 1606 438 1645 ut
473 1606 764 1645 retrouersum
804 1603 978 1646 cedente
1009 1619 1187 1646 numero
1221 1604 1274 1646 ab
1308 1618 1409 1660 aug-

59 1663 206 1704 mento
236 1661 283 1703 in
309 1662 637 1704 diminutionem
665 1663 933 1718 computatio
960 1663 1154 1705 resoluta
1181 1663 1410 1706 desineret.

58 1719 122 1762 ita
152 1720 267 1763 enim
297 1735 376 1764 nos
409 1721 620 1764 decimum
653 1721 778 1775 diem,
810 1722 960 1764 deinde
992 1736 1156 1764 nonum
1189 1725 1232 1763 et
1255 1725 1408 1777 postea
1422 1723 1476 1765 41

60 1781 258 1821 octauum
297 1780 494 1836 dicimus,
531 1783 579 1822 ut
611 1780 890 1823 Atheniensis
924 1781 1111 1836 δεκάτην
1143 1780 1217 1824 καὶ
1248 1781 1408 1837 ἐνάτην

58 1839 302 1893 φθίνοντος
327 1839 446 1883 soliti
472 1842 573 1882 sunt
599 1840 749 1883 dicere.
797 1839 1014 1883 Homerus
1038 1855 1207 1896 quoque
1227 1855 1326 1883 cum
1346 1842 1408 1884 ait
1420 1841 1478 1883 42

155 1994 173 2025 1
199 1989 259 2025 his
278 1991 315 2026 Β
411 1994 434 2026 4
456 1989 526 2027 hdr
549 1994 597 2026 nf
625 2003 651 2037 q
675 1991 713 2026 P
807 1991 960 2027 deerum
986 1989 1034 2028 P'
1135 1995 1156 2027 5
1182 1993 1345 2039 qmldem
1370 1994 1406 2028 Β

58 2041 79 2073 6
104 2037 268 2083 1111180110
295 2035 345 2074 Ρ’
406 2041 427 2073 8
451 2037 607 2074 irrideat
630 2039 668 2074 P
724 2038 852 2074 tibrim
871 2039 1097 2083 P‚th1b1·1m
1117 2040 1154 2074 Β
1220 2045 1265 2076 10
1284 2040 1408 2076 noster

35 2084 129 2121 v121²:
155 2086 253 2121 mter
277 2085 315 2120 Β
400 2085 575 2131 grau1*['
596 2087 624 2131 (1
649 2097 739 2122 corr.
766 2090 808 2122 ut
832 2087 909 2123 uid.
937 2098 981 2122 ex
1006 2089 1040 2132 e)
1066 2088 1103 2123 B
1184 2091 1227 2123 13
1247 2090 1327 2123 aiut
1355 2086 1405 2122 P'

59 2135 104 2168 14
129 2142 219 2168 cui*
249 2132 286 2167 P
380 2136 423 2168 16
448 2155 495 2159 —-
526 2132 811 2169 om.P'17
838 2145 884 2182 08
860 2146 924 2180 gp1
927 2137 966 2170 to
993 2135 1030 2169 P
1125 2138 1167 2170 19
1195 2135 1350 2183 egiptus
1373 2135 1411 2169 P

56 2183 103 2215 20
132 2179 299 2215 mutatus
326 2179 376 2215 B'
476 2184 521 2215 23
553 2192 600 2228 08
576 2193 640 2226 81
643 2182 682 2216 to
717 2181 753 2215 P
857 2181 972 2216 nullis
998 2181 1044 2217 B'
1143 2186 1342 2230 24810010
1375 2183 1412 2218 P

58 2230 103 2263 25
128 2227 274 2272 sequuti
300 2227 338 2262 P
401 2232 446 2264 27
471 2227 541 2263 nos
560 2239 584 2264 *
609 2228 757 2263 decimu
775 2239 799 2264 *
817 2228 854 2264 P
916 2232 960 2264 28
982 2230 1154 2265 octauum
1177 2230 1344 2266 decimus
1358 2229 1407 2264 B'

59 2275 235 2310 ΕΝΑΤΗΝ
255 2274 331 2310 ΒΡ
398 2279 443 2310 29
463 2276 720 2312 ΦΕΙΝΟΝΤΟ(
738 2276 781 2321 P,
808 2277 1069 2312 ΦΘΙΝΟΝΤΟΕ
1090 2278 1167 2322 (hoe
1185 2281 1276 2314 certe
1293 2277 1408 2322 fuisse

59 2322 152 2366 uid.)
177 2332 267 2358 corr.
291 2323 334 2358 in
359 2323 601 2358 ΦΕΝΟΝΤΟΕ
625 2324 661 2358 Β
