<?xml version="1.0" encoding="UTF-8"?>
<!DOCTYPE html PUBLIC "-//W3C//DTD XHTML 1.0 Transitional//EN"
    "http://www.w3.org/TR/xhtml1/DTD/xhtml1-transitional.dtd">
<html xmlns="http://www.w3.org/1999/xhtml" xml:lang="en" lang="en">
 <head>
  <title>
</title>
<meta http-equiv="Content-Type" content="text/html;charset=utf-8" />
  <meta name='ocr-system' content='tesseract 3.04.00' />
  <meta name='ocr-capabilities' content='ocr_page ocr_carea ocr_par ocr_line ocrx_word'/>
</head>
<body>
  <div class='ocr_page' id='page_1' title='image "./macrobiusfrancis00macruoft_0475.png"; bbox 0 0 1526 2444; ppageno 0'>
   <div class='ocr_carea' id='block_1_1' title="bbox 581 70 1376 112">
    <p class='ocr_par' dir='ltr' id='par_1_1' title="bbox 581 70 1376 112">
     <span class='ocr_line' id='line_1_1' title="bbox 581 70 1376 112; baseline 0.008 -6"><span class='ocrx_word' id='word_1_1' title='bbox 581 71 686 107; x_wconf 80' lang='lat' dir='ltr'>XIIII</span> <span class='ocrx_word' id='word_1_2' title='bbox 711 75 826 108; x_wconf 84' lang='lat'>8-19</span> <span class='ocrx_word' id='word_1_3' title='bbox 1289 70 1376 112; x_wconf 85' lang='lat'>463</span> 
     </span>
    </p>
   </div>
   <div class='ocr_carea' id='block_1_2' title="bbox 0 179 1454 2179">
    <p class='ocr_par' dir='ltr' id='par_1_2' title="bbox 32 179 1448 412">
     <span class='ocr_line' id='line_1_2' title="bbox 33 179 1376 236; baseline -0.002 -13"><span class='ocrx_word' id='word_1_4' title='bbox 33 196 58 223; x_wconf 86' lang='lat' dir='ltr'>a</span> <span class='ocrx_word' id='word_1_5' title='bbox 88 181 253 236; x_wconf 88' lang='lat' dir='ltr'>pictore</span> <span class='ocrx_word' id='word_1_6' title='bbox 284 181 523 236; x_wconf 85' lang='lat' dir='ltr'>finguntur:</span> <span class='ocrx_word' id='word_1_7' title='bbox 577 179 672 222; x_wconf 90' lang='lat' dir='ltr'>ideo</span> <span class='ocrx_word' id='word_1_8' title='bbox 704 194 781 234; x_wconf 91' lang='lat' dir='ltr'>per</span> <span class='ocrx_word' id='word_1_9' title='bbox 812 179 1147 222; x_wconf 89' lang='lat' dir='ltr'>minutissimum</span> <span class='ocrx_word' id='word_1_10' title='bbox 1179 179 1376 221; x_wconf 88' lang='lat' dir='ltr'>foramen</span> 
     </span>
     <span class='ocr_line' id='line_1_3' title="bbox 34 238 1448 294; baseline -0.001 -12"><span class='ocrx_word' id='word_1_11' title='bbox 34 239 331 294; x_wconf 88' lang='lat' dir='ltr'>contemplans</span> <span class='ocrx_word' id='word_1_12' title='bbox 372 239 519 281; x_wconf 84' lang='lat' dir='ltr'>oculus</span> <span class='ocrx_word' id='word_1_13' title='bbox 559 238 677 281; x_wconf 87' lang='lat' dir='ltr'>uidet</span> <span class='ocrx_word' id='word_1_14' title='bbox 714 238 821 280; x_wconf 86' lang='lat' dir='ltr'>caeli</span> <span class='ocrx_word' id='word_1_15' title='bbox 859 238 1211 293; x_wconf 77' lang='lat' dir='ltr'><strong>profunditatem.</strong></span> <span class='ocrx_word' id='word_1_16' title='bbox 1272 251 1375 293; x_wconf 89' lang='lat' dir='ltr'>ergo</span> <span class='ocrx_word' id='word_1_17' title='bbox 1394 239 1448 280; x_wconf 87' lang='lat'>14</span> 
     </span>
     <span class='ocr_line' id='line_1_4' title="bbox 32 296 1376 348; baseline -0.002 -7"><span class='ocrx_word' id='word_1_18' title='bbox 32 299 117 341; x_wconf 85' lang='lat' dir='ltr'>tria</span> <span class='ocrx_word' id='word_1_19' title='bbox 154 298 239 340; x_wconf 85' lang='lat' dir='ltr'>ista</span> <span class='ocrx_word' id='word_1_20' title='bbox 275 298 516 341; x_wconf 87' lang='lat' dir='ltr'>necessaria</span> <span class='ocrx_word' id='word_1_21' title='bbox 551 297 677 340; x_wconf 88' lang='lat' dir='ltr'>nobis</span> <span class='ocrx_word' id='word_1_22' title='bbox 717 300 816 339; x_wconf 88' lang='lat' dir='ltr'>sunt</span> <span class='ocrx_word' id='word_1_23' title='bbox 854 298 906 339; x_wconf 88' lang='lat' dir='ltr'>ad</span> <span class='ocrx_word' id='word_1_24' title='bbox 947 297 1144 340; x_wconf 88' lang='lat' dir='ltr'>effectum</span> <span class='ocrx_word' id='word_1_25' title='bbox 1186 296 1376 348; x_wconf 85' lang='lat' dir='ltr'>uidendi:</span> 
     </span>
     <span class='ocr_line' id='line_1_5' title="bbox 32 355 1378 412; baseline -0.001 -13"><span class='ocrx_word' id='word_1_26' title='bbox 32 358 188 412; x_wconf 86' lang='lat' dir='ltr'>lumen,</span> <span class='ocrx_word' id='word_1_27' title='bbox 220 357 332 412; x_wconf 91' lang='lat' dir='ltr'>quod</span> <span class='ocrx_word' id='word_1_28' title='bbox 365 357 415 399; x_wconf 90' lang='lat' dir='ltr'>de</span> <span class='ocrx_word' id='word_1_29' title='bbox 446 356 571 398; x_wconf 92' lang='lat' dir='ltr'>nobis</span> <span class='ocrx_word' id='word_1_30' title='bbox 603 356 854 411; x_wconf 84' lang='lat' dir='ltr'>emittimus,</span> <span class='ocrx_word' id='word_1_31' title='bbox 886 359 929 398; x_wconf 92' lang='lat' dir='ltr'>et</span> <span class='ocrx_word' id='word_1_32' title='bbox 960 359 1008 398; x_wconf 89' lang='lat' dir='ltr'>ut</span> <span class='ocrx_word' id='word_1_33' title='bbox 1033 371 1116 409; x_wconf 89' lang='lat' dir='ltr'>aer,</span> <span class='ocrx_word' id='word_1_34' title='bbox 1147 356 1220 411; x_wconf 86' lang='lat' dir='ltr'>qui</span> <span class='ocrx_word' id='word_1_35' title='bbox 1249 355 1378 397; x_wconf 88' lang='lat' dir='ltr'>inter-</span> 
     </span>
    </p>

    <p class='ocr_par' dir='ltr' id='par_1_3' title="bbox 0 414 1449 706">
     <span class='ocr_line' id='line_1_6' title="bbox 0 414 1379 470; baseline -0.001 -13"><span class='ocrx_word' id='word_1_36' title='bbox 0 429 16 456; x_wconf 80' lang='lat'><strong>5</strong></span> <span class='ocrx_word' id='word_1_37' title='bbox 35 416 162 470; x_wconf 88' lang='lat' dir='ltr'>iacet,</span> <span class='ocrx_word' id='word_1_38' title='bbox 211 415 375 458; x_wconf 91' lang='lat' dir='ltr'>lucidus</span> <span class='ocrx_word' id='word_1_39' title='bbox 426 416 500 469; x_wconf 85' lang='lat' dir='ltr'>sit,</span> <span class='ocrx_word' id='word_1_40' title='bbox 550 418 594 457; x_wconf 91' lang='lat' dir='ltr'>et</span> <span class='ocrx_word' id='word_1_41' title='bbox 637 429 811 470; x_wconf 87' lang='lat' dir='ltr'>corpus,</span> <span class='ocrx_word' id='word_1_42' title='bbox 862 430 945 470; x_wconf 92' lang='lat' dir='ltr'>quo</span> <span class='ocrx_word' id='word_1_43' title='bbox 998 415 1161 457; x_wconf 88' lang='lat' dir='ltr'>offenso</span> <span class='ocrx_word' id='word_1_44' title='bbox 1212 414 1379 456; x_wconf 87' lang='lat' dir='ltr'>desinat</span> 
     </span>
     <span class='ocr_line' id='line_1_7' title="bbox 34 474 1379 530; baseline -0.001 -14"><span class='ocrx_word' id='word_1_45' title='bbox 34 474 237 529; x_wconf 86' lang='lat' dir='ltr'>intentio,</span> <span class='ocrx_word' id='word_1_46' title='bbox 275 489 382 529; x_wconf 88' lang='lat' dir='ltr'>quae</span> <span class='ocrx_word' id='word_1_47' title='bbox 421 475 457 516; x_wconf 86' lang='lat' dir='ltr'>si</span> <span class='ocrx_word' id='word_1_48' title='bbox 489 474 648 516; x_wconf 88' lang='lat' dir='ltr'>diutius</span> <span class='ocrx_word' id='word_1_49' title='bbox 686 477 859 530; x_wconf 89' lang='lat' dir='ltr'>pergat,</span> <span class='ocrx_word' id='word_1_50' title='bbox 896 476 1060 516; x_wconf 88' lang='lat' dir='ltr'>rectam</span> <span class='ocrx_word' id='word_1_51' title='bbox 1096 474 1379 516; x_wconf 90' lang='lat' dir='ltr'>intentionem</span> 
     </span>
     <span class='ocr_line' id='line_1_8' title="bbox 34 533 1377 588; baseline -0.001 -13"><span class='ocrx_word' id='word_1_52' title='bbox 34 533 196 575; x_wconf 85' lang='lat' dir='ltr'>lassata</span> <span class='ocrx_word' id='word_1_53' title='bbox 227 548 315 575; x_wconf 91' lang='lat' dir='ltr'>non</span> <span class='ocrx_word' id='word_1_54' title='bbox 347 533 526 588; x_wconf 91' lang='lat' dir='ltr'>optinet,</span> <span class='ocrx_word' id='word_1_55' title='bbox 559 533 632 574; x_wconf 87' lang='lat' dir='ltr'>sed</span> <span class='ocrx_word' id='word_1_56' title='bbox 665 533 800 575; x_wconf 88' lang='lat' dir='ltr'>scissa</span> <span class='ocrx_word' id='word_1_57' title='bbox 831 533 874 574; x_wconf 93' lang='lat' dir='ltr'>in</span> <span class='ocrx_word' id='word_1_58' title='bbox 902 533 1098 575; x_wconf 89' lang='lat' dir='ltr'>dextram</span> <span class='ocrx_word' id='word_1_59' title='bbox 1125 533 1377 588; x_wconf 88' lang='lat' dir='ltr'>laeuamque</span> 
     </span>
     <span class='ocr_line' id='line_1_9' title="bbox 35 591 1449 647; baseline 0.001 -14"><span class='ocrx_word' id='word_1_60' title='bbox 35 592 297 634; x_wconf 84' lang='lat' dir='ltr'>diffunditur.</span> <span class='ocrx_word' id='word_1_61' title='bbox 338 592 438 634; x_wconf 89' lang='lat' dir='ltr'>hinc</span> <span class='ocrx_word' id='word_1_62' title='bbox 459 594 535 645; x_wconf 87' lang='lat' dir='ltr'>est,</span> <span class='ocrx_word' id='word_1_63' title='bbox 554 591 668 647; x_wconf 87' lang='lat' dir='ltr'>quod</span> <span class='ocrx_word' id='word_1_64' title='bbox 687 592 942 646; x_wconf 89' lang='lat' dir='ltr'>ubicumque</span> <span class='ocrx_word' id='word_1_65' title='bbox 961 594 1174 634; x_wconf 90' lang='lat' dir='ltr'>terrarum</span> <span class='ocrx_word' id='word_1_66' title='bbox 1196 592 1379 646; x_wconf 82' lang='lat' dir='ltr'>steteriS,</span> <span class='ocrx_word' id='word_1_67' title='bbox 1395 594 1449 636; x_wconf 88' lang='lat'>15</span> 
     </span>
     <span class='ocr_line' id='line_1_10' title="bbox 34 650 1379 706; baseline 0.001 -14"><span class='ocrx_word' id='word_1_68' title='bbox 34 650 193 692; x_wconf 89' lang='lat' dir='ltr'>uideris</span> <span class='ocrx_word' id='word_1_69' title='bbox 224 651 305 692; x_wconf 90' lang='lat' dir='ltr'>tibi</span> <span class='ocrx_word' id='word_1_70' title='bbox 331 651 547 706; x_wconf 88' lang='lat' dir='ltr'>quandam</span> <span class='ocrx_word' id='word_1_71' title='bbox 572 651 680 692; x_wconf 88' lang='lat' dir='ltr'>caeli</span> <span class='ocrx_word' id='word_1_72' title='bbox 705 650 1020 692; x_wconf 85' lang='lat' dir='ltr'>conclusionem</span> <span class='ocrx_word' id='word_1_73' title='bbox 1048 651 1203 705; x_wconf 89' lang='lat' dir='ltr'>uidere,</span> <span class='ocrx_word' id='word_1_74' title='bbox 1229 653 1273 692; x_wconf 93' lang='lat' dir='ltr'>et</span> <span class='ocrx_word' id='word_1_75' title='bbox 1298 650 1379 693; x_wconf 88' lang='lat' dir='ltr'>hoc</span> 
     </span>
    </p>

    <p class='ocr_par' dir='ltr' id='par_1_4' title="bbox 0 709 1380 1000">
     <span class='ocr_line' id='line_1_11' title="bbox 0 709 1380 764; baseline 0.001 -14"><span class='ocrx_word' id='word_1_76' title='bbox 0 712 104 752; x_wconf 88' lang='lat' dir='ltr'>oest</span> <span class='ocrx_word' id='word_1_77' title='bbox 145 709 258 764; x_wconf 91' lang='lat' dir='ltr'>quod</span> <span class='ocrx_word' id='word_1_78' title='bbox 295 709 619 751; x_wconf 78' lang='lat' dir='ltr'>horizontem</span> <span class='ocrx_word' id='word_1_79' title='bbox 658 712 822 751; x_wconf 89' lang='lat' dir='ltr'>ueteres</span> <span class='ocrx_word' id='word_1_80' title='bbox 860 711 1135 751; x_wconf 88' lang='lat' dir='ltr'>uocauerunt.</span> <span class='ocrx_word' id='word_1_81' title='bbox 1198 724 1380 764; x_wconf 89' lang='lat' dir='ltr'>quorum</span> 
     </span>
     <span class='ocr_line' id='line_1_12' title="bbox 35 767 1380 824; baseline -0.001 -14"><span class='ocrx_word' id='word_1_82' title='bbox 35 768 196 824; x_wconf 87' lang='lat' dir='ltr'>indago</span> <span class='ocrx_word' id='word_1_83' title='bbox 228 768 411 810; x_wconf 85' lang='lat' dir='ltr'>fideliter</span> <span class='ocrx_word' id='word_1_84' title='bbox 443 767 726 823; x_wconf 75' lang='lat' dir='ltr'>deprehendit</span> <span class='ocrx_word' id='word_1_85' title='bbox 751 767 956 809; x_wconf 77' lang='lat' dir='ltr'>directam</span> <span class='ocrx_word' id='word_1_86' title='bbox 990 768 1043 809; x_wconf 88' lang='lat' dir='ltr'>ab</span> <span class='ocrx_word' id='word_1_87' title='bbox 1077 767 1212 809; x_wconf 91' lang='lat' dir='ltr'>oculis</span> <span class='ocrx_word' id='word_1_88' title='bbox 1245 768 1380 810; x_wconf 85' lang='lat' dir='ltr'>aciem</span> 
     </span>
     <span class='ocr_line' id='line_1_13' title="bbox 35 826 1380 883; baseline 0 -15"><span class='ocrx_word' id='word_1_89' title='bbox 35 842 113 883; x_wconf 90' lang='lat' dir='ltr'>per</span> <span class='ocrx_word' id='word_1_90' title='bbox 155 827 331 882; x_wconf 86' lang='lat' dir='ltr'>planum</span> <span class='ocrx_word' id='word_1_91' title='bbox 375 829 527 869; x_wconf 90' lang='lat' dir='ltr'>contra</span> <span class='ocrx_word' id='word_1_92' title='bbox 571 826 876 881; x_wconf 74' lang='lat' dir='ltr'>aspicientibus</span> <span class='ocrx_word' id='word_1_93' title='bbox 919 841 1009 868; x_wconf 88' lang='lat' dir='ltr'>non</span> <span class='ocrx_word' id='word_1_94' title='bbox 1050 839 1229 881; x_wconf 88' lang='lat' dir='ltr'>pergere</span> <span class='ocrx_word' id='word_1_95' title='bbox 1266 827 1380 868; x_wconf 87' lang='lat' dir='ltr'>ultra</span> 
     </span>
     <span class='ocr_line' id='line_1_14' title="bbox 37 885 1381 940; baseline -0.001 -12"><span class='ocrx_word' id='word_1_96' title='bbox 37 888 208 929; x_wconf 89' lang='lat' dir='ltr'>centum</span> <span class='ocrx_word' id='word_1_97' title='bbox 241 885 462 940; x_wconf 87' lang='lat' dir='ltr'>octoginta</span> <span class='ocrx_word' id='word_1_98' title='bbox 494 885 652 939; x_wconf 89' lang='lat' dir='ltr'>stadia,</span> <span class='ocrx_word' id='word_1_99' title='bbox 683 887 726 926; x_wconf 90' lang='lat' dir='ltr'>et</span> <span class='ocrx_word' id='word_1_100' title='bbox 756 885 855 926; x_wconf 90' lang='lat' dir='ltr'>inde</span> <span class='ocrx_word' id='word_1_101' title='bbox 886 885 974 927; x_wconf 85' lang='lat' dir='ltr'>iam</span> <span class='ocrx_word' id='word_1_102' title='bbox 1003 885 1233 928; x_wconf 86' lang='lat' dir='ltr'>recuruari.</span> <span class='ocrx_word' id='word_1_103' title='bbox 1293 900 1381 940; x_wconf 83' lang='lat' dir='ltr'>per</span> 
     </span>
     <span class='ocr_line' id='line_1_15' title="bbox 36 918 1380 1011; baseline 0 -25"><span class='ocrx_word' id='word_1_104' title='bbox 36 946 241 1011; x_wconf 78' lang='lat' dir='ltr'>planum</span> <span class='ocrx_word' id='word_1_105' title='bbox 273 944 368 986; x_wconf 90' lang='lat' dir='ltr'>ideo</span> <span class='ocrx_word' id='word_1_106' title='bbox 396 943 541 998; x_wconf 86' lang='lat' dir='ltr'>adieci,</span> <span class='ocrx_word' id='word_1_107' title='bbox 573 918 671 999; x_wconf 59' lang='lat' dir='ltr'>qui&#39;a</span> <span class='ocrx_word' id='word_1_108' title='bbox 704 943 952 986; x_wconf 73' lang='lat' dir='ltr'>altitudines</span> <span class='ocrx_word' id='word_1_109' title='bbox 979 944 1109 1011; x_wconf 83' lang='lat' dir='ltr'>longe</span> <span class='ocrx_word' id='word_1_110' title='bbox 1135 945 1380 999; x_wconf 86' lang='lat' dir='ltr'>aspicimus,</span> 
     </span>
    </p>

    <p class='ocr_par' dir='ltr' id='par_1_5' title="bbox 0 1002 1451 1236">
     <span class='ocr_line' id='line_1_16' title="bbox 0 1002 1451 1059; baseline 0.001 -13"><span class='ocrx_word' id='word_1_111' title='bbox 0 1003 193 1058; x_wconf 67' lang='lat' dir='ltr'>§quippe</span> <span class='ocrx_word' id='word_1_112' title='bbox 232 1003 305 1059; x_wconf 91' lang='lat' dir='ltr'>qui</span> <span class='ocrx_word' id='word_1_113' title='bbox 336 1007 379 1044; x_wconf 90' lang='lat' dir='ltr'>et</span> <span class='ocrx_word' id='word_1_114' title='bbox 417 1003 581 1045; x_wconf 87' lang='lat' dir='ltr'>caelum</span> <span class='ocrx_word' id='word_1_115' title='bbox 618 1002 826 1045; x_wconf 90' lang='lat' dir='ltr'>uidemus.</span> <span class='ocrx_word' id='word_1_116' title='bbox 889 1016 992 1058; x_wconf 91' lang='lat' dir='ltr'>ergo</span> <span class='ocrx_word' id='word_1_117' title='bbox 1032 1004 1078 1045; x_wconf 87' lang='lat' dir='ltr'>in</span> <span class='ocrx_word' id='word_1_118' title='bbox 1116 1003 1233 1045; x_wconf 90' lang='lat' dir='ltr'>omni</span> <span class='ocrx_word' id='word_1_119' title='bbox 1269 1004 1381 1046; x_wconf 90' lang='lat' dir='ltr'>hori·</span> <span class='ocrx_word' id='word_1_120' title='bbox 1399 1005 1451 1047; x_wconf 89' lang='grc'>16</span> 
     </span>
     <span class='ocr_line' id='line_1_17' title="bbox 39 1062 1382 1118; baseline 0 -14"><span class='ocrx_word' id='word_1_121' title='bbox 39 1062 176 1104; x_wconf 87' lang='lat' dir='ltr'>zontis</span> <span class='ocrx_word' id='word_1_122' title='bbox 209 1062 310 1104; x_wconf 87' lang='lat' dir='ltr'>orbe</span> <span class='ocrx_word' id='word_1_123' title='bbox 341 1062 452 1116; x_wconf 85' lang='lat' dir='ltr'>ipse,</span> <span class='ocrx_word' id='word_1_124' title='bbox 483 1062 555 1116; x_wconf 88' lang='lat' dir='ltr'>qui</span> <span class='ocrx_word' id='word_1_125' title='bbox 586 1062 796 1116; x_wconf 82' lang='lat' dir='ltr'>intuetur,</span> <span class='ocrx_word' id='word_1_126' title='bbox 828 1064 1023 1104; x_wconf 85' lang='lat' dir='ltr'>centrum</span> <span class='ocrx_word' id='word_1_127' title='bbox 1062 1064 1138 1105; x_wconf 88' lang='lat' dir='ltr'>est</span> <span class='ocrx_word' id='word_1_128' title='bbox 1202 1064 1244 1104; x_wconf 91' lang='lat' dir='ltr'>et</span> <span class='ocrx_word' id='word_1_129' title='bbox 1281 1063 1382 1118; x_wconf 88' lang='lat' dir='ltr'>quia</span> 
     </span>
     <span class='ocr_line' id='line_1_18' title="bbox 38 1120 1382 1177; baseline 0.001 -15"><span class='ocrx_word' id='word_1_130' title='bbox 38 1121 243 1174; x_wconf 85' lang='lat' dir='ltr'>diximus,</span> <span class='ocrx_word' id='word_1_131' title='bbox 287 1123 491 1175; x_wconf 88' lang='lat' dir='ltr'>quantum</span> <span class='ocrx_word' id='word_1_132' title='bbox 531 1135 556 1162; x_wconf 88' lang='lat' dir='ltr'>a</span> <span class='ocrx_word' id='word_1_133' title='bbox 592 1123 737 1163; x_wconf 91' lang='lat' dir='ltr'>centro</span> <span class='ocrx_word' id='word_1_134' title='bbox 784 1120 895 1163; x_wconf 86' lang='lat' dir='ltr'>acies</span> <span class='ocrx_word' id='word_1_135' title='bbox 939 1135 1072 1177; x_wconf 90' lang='lat' dir='ltr'>usque</span> <span class='ocrx_word' id='word_1_136' title='bbox 1116 1121 1169 1163; x_wconf 88' lang='lat' dir='ltr'>ad</span> <span class='ocrx_word' id='word_1_137' title='bbox 1213 1126 1382 1176; x_wconf 87' lang='lat' dir='ltr'>partem</span> 
     </span>
     <span class='ocr_line' id='line_1_19' title="bbox 39 1179 1383 1236; baseline 0.001 -14"><span class='ocrx_word' id='word_1_138' title='bbox 39 1180 156 1222; x_wconf 90' lang='lat' dir='ltr'>orbis</span> <span class='ocrx_word' id='word_1_139' title='bbox 195 1180 455 1234; x_wconf 85' lang='lat' dir='ltr'>extenditur,</span> <span class='ocrx_word' id='word_1_140' title='bbox 498 1179 591 1222; x_wconf 89' lang='lat' dir='ltr'>sine</span> <span class='ocrx_word' id='word_1_141' title='bbox 634 1179 764 1222; x_wconf 91' lang='lat' dir='ltr'>dubio</span> <span class='ocrx_word' id='word_1_142' title='bbox 800 1179 847 1221; x_wconf 89' lang='lat' dir='ltr'>in</span> <span class='ocrx_word' id='word_1_143' title='bbox 883 1180 1107 1223; x_wconf 90' lang='lat' dir='ltr'>horizonte</span> <span class='ocrx_word' id='word_1_144' title='bbox 1152 1180 1383 1236; x_wconf 80' lang='grc' dir='ltr'><em>διάμετρος</em></span> 
     </span>
    </p>

    <p class='ocr_par' dir='ltr' id='par_1_6' title="bbox 0 1235 1382 1294">
     <span class='ocr_line' id='line_1_20' title="bbox 0 1235 1382 1294; baseline 0.001 -15"><span class='ocrx_word' id='word_1_145' title='bbox 0 1235 5 1239; x_wconf 61' lang='grc'><strong><em>’</em></strong></span> <span class='ocrx_word' id='word_1_146' title='bbox 39 1238 156 1280; x_wconf 89' lang='lat' dir='ltr'>orbis</span> <span class='ocrx_word' id='word_1_147' title='bbox 175 1241 464 1280; x_wconf 87' lang='lat' dir='ltr'>trecentorum</span> <span class='ocrx_word' id='word_1_148' title='bbox 485 1238 709 1293; x_wconf 85' lang='lat' dir='ltr'>sexaginta</span> <span class='ocrx_word' id='word_1_149' title='bbox 723 1238 956 1280; x_wconf 85' lang='lat' dir='ltr'>stadiorum</span> <span class='ocrx_word' id='word_1_150' title='bbox 971 1242 1050 1294; x_wconf 87' lang='lat' dir='ltr'>est,</span> <span class='ocrx_word' id='word_1_151' title='bbox 1069 1242 1113 1282; x_wconf 91' lang='lat' dir='ltr'>et</span> <span class='ocrx_word' id='word_1_152' title='bbox 1133 1240 1169 1281; x_wconf 90' lang='lat' dir='ltr'>si</span> <span class='ocrx_word' id='word_1_153' title='bbox 1190 1239 1382 1294; x_wconf 86' lang='lat' dir='ltr'>ulterius,</span> 
     </span>
    </p>

    <p class='ocr_par' dir='ltr' id='par_1_7' title="bbox 0 1297 1452 1471">
     <span class='ocr_line' id='line_1_21' title="bbox 0 1297 1382 1353; baseline 0 -13"><span class='ocrx_word' id='word_1_154' title='bbox 0 1310 24 1341; x_wconf 72' lang='grc' dir='ltr'>ιθ</span> <span class='ocrx_word' id='word_1_155' title='bbox 41 1297 114 1352; x_wconf 87' lang='lat' dir='ltr'>qui</span> <span class='ocrx_word' id='word_1_156' title='bbox 133 1297 336 1352; x_wconf 83' lang='lat' dir='ltr'>intuetur,</span> <span class='ocrx_word' id='word_1_157' title='bbox 356 1297 585 1339; x_wconf 87' lang='lat' dir='ltr'>accesserit</span> <span class='ocrx_word' id='word_1_158' title='bbox 604 1312 678 1339; x_wconf 91' lang='lat' dir='ltr'>seu</span> <span class='ocrx_word' id='word_1_159' title='bbox 697 1300 933 1339; x_wconf 88' lang='lat' dir='ltr'>retrorsum</span> <span class='ocrx_word' id='word_1_160' title='bbox 947 1298 1184 1353; x_wconf 87' lang='lat' dir='ltr'>recesserit,</span> <span class='ocrx_word' id='word_1_161' title='bbox 1198 1298 1382 1341; x_wconf 86' lang='lat' dir='ltr'>similem</span> 
     </span>
     <span class='ocr_line' id='line_1_22' title="bbox 39 1356 1452 1411; baseline 0.001 -13"><span class='ocrx_word' id='word_1_162' title='bbox 39 1356 153 1398; x_wconf 85' lang='lat' dir='ltr'>circa</span> <span class='ocrx_word' id='word_1_163' title='bbox 179 1357 326 1398; x_wconf 91' lang='lat' dir='ltr'>orbem</span> <span class='ocrx_word' id='word_1_164' title='bbox 357 1356 534 1398; x_wconf 86' lang='lat' dir='ltr'>uidebit.</span> <span class='ocrx_word' id='word_1_165' title='bbox 585 1356 694 1398; x_wconf 92' lang='lat' dir='ltr'>sicut</span> <span class='ocrx_word' id='word_1_166' title='bbox 719 1356 854 1411; x_wconf 88' lang='lat' dir='ltr'>igitur</span> <span class='ocrx_word' id='word_1_167' title='bbox 878 1356 1074 1411; x_wconf 87' lang='lat' dir='ltr'>diximus,</span> <span class='ocrx_word' id='word_1_168' title='bbox 1106 1372 1202 1400; x_wconf 91' lang='lat' dir='ltr'>cum</span> <span class='ocrx_word' id='word_1_169' title='bbox 1227 1358 1383 1411; x_wconf 87' lang='lat' dir='ltr'>lumen,</span> <span class='ocrx_word' id='word_1_170' title='bbox 1401 1359 1452 1400; x_wconf 81' lang='lat'>17</span> 
     </span>
     <span class='ocr_line' id='line_1_23' title="bbox 40 1414 1385 1471; baseline 0.001 -15"><span class='ocrx_word' id='word_1_171' title='bbox 40 1414 152 1469; x_wconf 88' lang='lat' dir='ltr'>quod</span> <span class='ocrx_word' id='word_1_172' title='bbox 189 1415 332 1470; x_wconf 90' lang='lat' dir='ltr'>pergit</span> <span class='ocrx_word' id='word_1_173' title='bbox 370 1429 392 1456; x_wconf 91' lang='lat' dir='ltr'>e</span> <span class='ocrx_word' id='word_1_174' title='bbox 429 1415 555 1456; x_wconf 90' lang='lat' dir='ltr'>nobis</span> <span class='ocrx_word' id='word_1_175' title='bbox 592 1429 669 1470; x_wconf 92' lang='lat' dir='ltr'>per</span> <span class='ocrx_word' id='word_1_176' title='bbox 708 1415 816 1457; x_wconf 86' lang='lat' dir='ltr'>aeris</span> <span class='ocrx_word' id='word_1_177' title='bbox 854 1416 1009 1468; x_wconf 88' lang='lat' dir='ltr'>lucem,</span> <span class='ocrx_word' id='word_1_178' title='bbox 1046 1416 1092 1457; x_wconf 88' lang='lat' dir='ltr'>in</span> <span class='ocrx_word' id='word_1_179' title='bbox 1129 1430 1282 1471; x_wconf 87' lang='lat' dir='ltr'>corpus</span> <span class='ocrx_word' id='word_1_180' title='bbox 1322 1416 1385 1457; x_wconf 91' lang='lat' dir='ltr'>in·</span> 
     </span>
    </p>

    <p class='ocr_par' dir='ltr' id='par_1_8' title="bbox 0 1473 1383 1536">
     <span class='ocr_line' id='line_1_24' title="bbox 0 1473 1383 1536; baseline 0.001 -21"><span class='ocrx_word' id='word_1_181' title='bbox 0 1495 2 1536; x_wconf 55' lang='lat'>3</span> <span class='ocrx_word' id='word_1_182' title='bbox 39 1473 207 1525; x_wconf 59' lang='lat' dir='ltr'>«fiderit,</span> <span class='ocrx_word' id='word_1_183' title='bbox 243 1474 447 1528; x_wconf 90' lang='lat' dir='ltr'>impletur</span> <span class='ocrx_word' id='word_1_184' title='bbox 484 1474 674 1516; x_wconf 88' lang='lat' dir='ltr'>officium</span> <span class='ocrx_word' id='word_1_185' title='bbox 710 1474 898 1528; x_wconf 84' lang='lat' dir='ltr'>uidendi,</span> <span class='ocrx_word' id='word_1_186' title='bbox 937 1474 1009 1516; x_wconf 91' lang='lat' dir='ltr'>sed</span> <span class='ocrx_word' id='word_1_187' title='bbox 1049 1477 1098 1516; x_wconf 91' lang='lat' dir='ltr'>ut</span> <span class='ocrx_word' id='word_1_188' title='bbox 1135 1475 1275 1529; x_wconf 89' lang='lat' dir='ltr'>possit</span> <span class='ocrx_word' id='word_1_189' title='bbox 1314 1490 1383 1517; x_wconf 87' lang='lat' dir='ltr'>res</span> 
     </span>
    </p>

    <p class='ocr_par' dir='ltr' id='par_1_9' title="bbox 0 1532 1384 1591">
     <span class='ocr_line' id='line_1_25' title="bbox 0 1532 1384 1591; baseline 0.001 -17"><span class='ocrx_word' id='word_1_190' title='bbox 0 1537 14 1591; x_wconf 51' lang='grc' dir='ltr'>ζ»</span> <span class='ocrx_word' id='word_1_191' title='bbox 40 1533 134 1574; x_wconf 87' lang='lat' dir='ltr'>uisa</span> <span class='ocrx_word' id='word_1_192' title='bbox 159 1533 374 1588; x_wconf 85' lang='lat' dir='ltr'>cognosci,</span> <span class='ocrx_word' id='word_1_193' title='bbox 404 1533 625 1575; x_wconf 84' lang='lat' dir='ltr'>renuntiat</span> <span class='ocrx_word' id='word_1_194' title='bbox 655 1533 793 1575; x_wconf 87' lang='lat' dir='ltr'>uisam</span> <span class='ocrx_word' id='word_1_195' title='bbox 825 1532 1011 1587; x_wconf 80' lang='lat' dir='ltr'>speciem</span> <span class='ocrx_word' id='word_1_196' title='bbox 1042 1534 1201 1576; x_wconf 89' lang='lat' dir='ltr'>rationi</span> <span class='ocrx_word' id='word_1_197' title='bbox 1234 1548 1384 1576; x_wconf 87' lang='lat' dir='ltr'>sensus</span> 
     </span>
    </p>

    <p class='ocr_par' dir='ltr' id='par_1_10' title="bbox 0 1591 1384 1649">
     <span class='ocr_line' id='line_1_26' title="bbox 0 1591 1384 1649; baseline 0.001 -15"><span class='ocrx_word' id='word_1_198' title='bbox 0 1592 260 1646; x_wconf 59' lang='lat' dir='ltr'>§soculorum</span> <span class='ocrx_word' id='word_1_199' title='bbox 294 1594 337 1633; x_wconf 90' lang='lat' dir='ltr'>et</span> <span class='ocrx_word' id='word_1_200' title='bbox 367 1591 444 1633; x_wconf 86' lang='lat' dir='ltr'>illa</span> <span class='ocrx_word' id='word_1_201' title='bbox 476 1591 685 1634; x_wconf 86' lang='lat' dir='ltr'>aduocata</span> <span class='ocrx_word' id='word_1_202' title='bbox 715 1592 922 1634; x_wconf 88' lang='lat' dir='ltr'>memoria</span> <span class='ocrx_word' id='word_1_203' title='bbox 953 1593 1238 1648; x_wconf 87' lang='lat' dir='ltr'>recognoscit,</span> <span class='ocrx_word' id='word_1_204' title='bbox 1281 1607 1384 1649; x_wconf 91' lang='lat' dir='ltr'>ergo</span> 
     </span>
    </p>

    <p class='ocr_par' dir='ltr' id='par_1_11' title="bbox 3 1650 1454 1706">
     <span class='ocr_line' id='line_1_27' title="bbox 3 1650 1454 1706; baseline 0.001 -14"><span class='ocrx_word' id='word_1_205' title='bbox 3 1660 6 1675; x_wconf 87' lang='lat'><strong>¹</strong></span> <span class='ocrx_word' id='word_1_206' title='bbox 39 1650 184 1692; x_wconf 89' lang='lat' dir='ltr'>uidere</span> <span class='ocrx_word' id='word_1_207' title='bbox 223 1650 440 1693; x_wconf 90' lang='lat' dir='ltr'>oculorum</span> <span class='ocrx_word' id='word_1_208' title='bbox 484 1654 548 1693; x_wconf 87' lang='lat' dir='ltr'>est</span> <span class='ocrx_word' id='word_1_209' title='bbox 591 1651 778 1693; x_wconf 89' lang='lat' dir='ltr'>iudicare</span> <span class='ocrx_word' id='word_1_210' title='bbox 821 1651 1014 1693; x_wconf 88' lang='lat' dir='ltr'>rationis.</span> <span class='ocrx_word' id='word_1_211' title='bbox 1083 1652 1184 1706; x_wconf 86' lang='lat' dir='ltr'>quia</span> <span class='ocrx_word' id='word_1_212' title='bbox 1223 1652 1384 1694; x_wconf 90' lang='lat' dir='ltr'>trinum</span> <span class='ocrx_word' id='word_1_213' title='bbox 1402 1653 1454 1695; x_wconf 90' lang='lat'>18</span> 
     </span>
    </p>

    <p class='ocr_par' dir='ltr' id='par_1_12' title="bbox 5 1708 1385 1765">
     <span class='ocr_line' id='line_1_28' title="bbox 5 1708 1385 1765; baseline 0.002 -15"><span class='ocrx_word' id='word_1_214' title='bbox 5 1711 107 1751; x_wconf 72' lang='lat' dir='ltr'>‘est</span> <span class='ocrx_word' id='word_1_215' title='bbox 155 1708 360 1763; x_wconf 85' lang='lat' dir='ltr'>officium,</span> <span class='ocrx_word' id='word_1_216' title='bbox 409 1709 521 1764; x_wconf 91' lang='lat' dir='ltr'>quod</span> <span class='ocrx_word' id='word_1_217' title='bbox 571 1710 713 1752; x_wconf 90' lang='lat' dir='ltr'>uisum</span> <span class='ocrx_word' id='word_1_218' title='bbox 762 1710 935 1765; x_wconf 82' lang='lat' dir='ltr'>conplet</span> <span class='ocrx_word' id='word_1_219' title='bbox 978 1710 1032 1752; x_wconf 89' lang='lat' dir='ltr'>ad</span> <span class='ocrx_word' id='word_1_220' title='bbox 1080 1710 1385 1753; x_wconf 88' lang='lat' dir='ltr'>dinoscendam</span> 
     </span>
    </p>

    <p class='ocr_par' dir='ltr' id='par_1_13' title="bbox 39 1767 1384 1823">
     <span class='ocr_line' id='line_1_29' title="bbox 39 1767 1384 1823; baseline 0.002 -14"><span class='ocrx_word' id='word_1_221' title='bbox 39 1767 241 1823; x_wconf 87' lang='lat' dir='ltr'>figuram,</span> <span class='ocrx_word' id='word_1_222' title='bbox 283 1782 431 1810; x_wconf 89' lang='lat' dir='ltr'>sensus</span> <span class='ocrx_word' id='word_1_223' title='bbox 480 1769 592 1811; x_wconf 91' lang='lat' dir='ltr'>ratio</span> <span class='ocrx_word' id='word_1_224' title='bbox 637 1770 862 1823; x_wconf 86' lang='lat' dir='ltr'>memoria,</span> <span class='ocrx_word' id='word_1_225' title='bbox 914 1784 1067 1811; x_wconf 90' lang='lat' dir='ltr'>sensus</span> <span class='ocrx_word' id='word_1_226' title='bbox 1110 1784 1201 1812; x_wconf 92' lang='lat' dir='ltr'>rem</span> <span class='ocrx_word' id='word_1_227' title='bbox 1244 1770 1384 1812; x_wconf 86' lang='lat' dir='ltr'>uisam</span> 
     </span>
    </p>

    <p class='ocr_par' dir='ltr' id='par_1_14' title="bbox 40 1826 1454 1882">
     <span class='ocr_line' id='line_1_30' title="bbox 40 1826 1454 1882; baseline 0.003 -14"><span class='ocrx_word' id='word_1_228' title='bbox 40 1826 199 1868; x_wconf 86' lang='lat' dir='ltr'>rationi</span> <span class='ocrx_word' id='word_1_229' title='bbox 230 1827 432 1882; x_wconf 86' lang='lat' dir='ltr'>refundit,</span> <span class='ocrx_word' id='word_1_230' title='bbox 462 1828 540 1870; x_wconf 84' lang='lat' dir='ltr'>illa</span> <span class='ocrx_word' id='word_1_231' title='bbox 571 1827 672 1882; x_wconf 90' lang='lat' dir='ltr'>quid</span> <span class='ocrx_word' id='word_1_232' title='bbox 698 1828 839 1870; x_wconf 89' lang='lat' dir='ltr'>uisum</span> <span class='ocrx_word' id='word_1_233' title='bbox 871 1828 929 1870; x_wconf 90' lang='lat' dir='ltr'>sit</span> <span class='ocrx_word' id='word_1_234' title='bbox 954 1828 1214 1871; x_wconf 85' lang='lat' dir='ltr'>recordatur.</span> <span class='ocrx_word' id='word_1_235' title='bbox 1275 1829 1381 1871; x_wconf 87' lang='lat' dir='ltr'>adeo</span> <span class='ocrx_word' id='word_1_236' title='bbox 1401 1830 1454 1872; x_wconf 86' lang='lat'>19</span> 
     </span>
    </p>

    <p class='ocr_par' dir='ltr' id='par_1_15' title="bbox 24 1885 1386 1943">
     <span class='ocr_line' id='line_1_31' title="bbox 24 1885 1386 1943; baseline 0.002 -16"><span class='ocrx_word' id='word_1_237' title='bbox 24 1888 187 1928; x_wconf 57' lang='lat' dir='ltr'>2autem</span> <span class='ocrx_word' id='word_1_238' title='bbox 230 1885 276 1927; x_wconf 90' lang='lat' dir='ltr'>in</span> <span class='ocrx_word' id='word_1_239' title='bbox 317 1886 477 1928; x_wconf 91' lang='lat' dir='ltr'>tuendo</span> <span class='ocrx_word' id='word_1_240' title='bbox 515 1887 807 1929; x_wconf 83' lang='lat' dir='ltr'>necessarium</span> <span class='ocrx_word' id='word_1_241' title='bbox 851 1890 917 1929; x_wconf 88' lang='lat' dir='ltr'>est</span> <span class='ocrx_word' id='word_1_242' title='bbox 959 1888 1140 1930; x_wconf 87' lang='lat' dir='ltr'>rationis</span> <span class='ocrx_word' id='word_1_243' title='bbox 1184 1887 1386 1943; x_wconf 90' lang='lat' dir='ltr'>officium,</span> 
     </span>
    </p>

    <p class='ocr_par' dir='ltr' id='par_1_16' title="bbox 43 1944 1386 2000">
     <span class='ocr_line' id='line_1_32' title="bbox 43 1944 1386 2000; baseline 0.003 -14"><span class='ocrx_word' id='word_1_244' title='bbox 43 1946 93 1987; x_wconf 92' lang='lat' dir='ltr'>ut</span> <span class='ocrx_word' id='word_1_245' title='bbox 129 1958 255 2000; x_wconf 86' lang='lat' dir='ltr'>saepe</span> <span class='ocrx_word' id='word_1_246' title='bbox 293 1944 338 1986; x_wconf 90' lang='lat' dir='ltr'>in</span> <span class='ocrx_word' id='word_1_247' title='bbox 369 1959 454 1987; x_wconf 90' lang='lat' dir='ltr'>uno</span> <span class='ocrx_word' id='word_1_248' title='bbox 486 1945 660 1987; x_wconf 89' lang='lat' dir='ltr'>uidendi</span> <span class='ocrx_word' id='word_1_249' title='bbox 697 1960 824 1988; x_wconf 90' lang='lat' dir='ltr'>sensu</span> <span class='ocrx_word' id='word_1_250' title='bbox 862 1946 991 1988; x_wconf 88' lang='lat' dir='ltr'>etiam</span> <span class='ocrx_word' id='word_1_251' title='bbox 1033 1947 1165 1989; x_wconf 90' lang='lat' dir='ltr'>alium</span> <span class='ocrx_word' id='word_1_252' title='bbox 1212 1962 1386 1990; x_wconf 88' lang='lat' dir='ltr'>sensum</span> 
     </span>
    </p>

    <p class='ocr_par' dir='ltr' id='par_1_17' title="bbox 16 2003 1385 2062">
     <span class='ocr_line' id='line_1_33' title="bbox 16 2003 1385 2062; baseline 0.002 -17"><span class='ocrx_word' id='word_1_253' title='bbox 16 2045 17 2050; x_wconf 68' lang='grc'>,</span> <span class='ocrx_word' id='word_1_254' title='bbox 43 2003 251 2046; x_wconf 89' lang='lat' dir='ltr'>memoria</span> <span class='ocrx_word' id='word_1_255' title='bbox 282 2006 539 2059; x_wconf 88' lang='lat' dir='ltr'>suggerente</span> <span class='ocrx_word' id='word_1_256' title='bbox 564 2005 676 2046; x_wconf 88' lang='lat' dir='ltr'>ratio</span> <span class='ocrx_word' id='word_1_257' title='bbox 703 2005 1006 2060; x_wconf 89' lang='lat' dir='ltr'>deprehendat.</span> <span class='ocrx_word' id='word_1_258' title='bbox 1067 2021 1168 2048; x_wconf 88' lang='lat' dir='ltr'>nam</span> <span class='ocrx_word' id='word_1_259' title='bbox 1201 2006 1238 2048; x_wconf 90' lang='lat' dir='ltr'>si</span> <span class='ocrx_word' id='word_1_260' title='bbox 1269 2007 1385 2062; x_wconf 86' lang='lat' dir='ltr'>ignis</span> 
     </span>
    </p>

    <p class='ocr_par' dir='ltr' id='par_1_18' title="bbox 43 2062 1387 2120">
     <span class='ocr_line' id='line_1_34' title="bbox 43 2062 1387 2120; baseline 0.002 -17"><span class='ocrx_word' id='word_1_261' title='bbox 43 2065 261 2117; x_wconf 83' lang='lat' dir='ltr'>appareat,</span> <span class='ocrx_word' id='word_1_262' title='bbox 290 2062 375 2104; x_wconf 82' lang='lat' dir='ltr'>scit</span> <span class='ocrx_word' id='word_1_263' title='bbox 405 2076 500 2104; x_wconf 91' lang='lat' dir='ltr'>eum</span> <span class='ocrx_word' id='word_1_264' title='bbox 527 2066 570 2104; x_wconf 92' lang='lat' dir='ltr'>et</span> <span class='ocrx_word' id='word_1_265' title='bbox 601 2066 701 2105; x_wconf 89' lang='lat' dir='ltr'>ante</span> <span class='ocrx_word' id='word_1_266' title='bbox 732 2066 895 2106; x_wconf 87' lang='lat' dir='ltr'>tactum</span> <span class='ocrx_word' id='word_1_267' title='bbox 926 2065 1038 2107; x_wconf 87' lang='lat' dir='ltr'>ratio</span> <span class='ocrx_word' id='word_1_268' title='bbox 1064 2066 1214 2120; x_wconf 84' lang='lat' dir='ltr'>calere,</span> <span class='ocrx_word' id='word_1_269' title='bbox 1245 2066 1281 2107; x_wconf 89' lang='lat' dir='ltr'>si</span> <span class='ocrx_word' id='word_1_270' title='bbox 1312 2066 1387 2107; x_wconf 89' lang='lat' dir='ltr'>nix</span> 
     </span>
    </p>

    <p class='ocr_par' dir='ltr' id='par_1_19' title="bbox 19 2121 1385 2179">
     <span class='ocr_line' id='line_1_35' title="bbox 19 2121 1385 2179; baseline 0.004 -17"><span class='ocrx_word' id='word_1_271' title='bbox 19 2121 102 2170; x_wconf 52' lang='lat' dir='ltr'>,sit</span> <span class='ocrx_word' id='word_1_272' title='bbox 131 2121 227 2175; x_wconf 84' lang='lat' dir='ltr'>illa,</span> <span class='ocrx_word' id='word_1_273' title='bbox 258 2135 366 2176; x_wconf 87' lang='lat' dir='ltr'>quae</span> <span class='ocrx_word' id='word_1_274' title='bbox 403 2121 498 2164; x_wconf 87' lang='lat' dir='ltr'>uisa</span> <span class='ocrx_word' id='word_1_275' title='bbox 529 2125 614 2174; x_wconf 88' lang='lat' dir='ltr'>est,</span> <span class='ocrx_word' id='word_1_276' title='bbox 650 2122 866 2179; x_wconf 86' lang='lat' dir='ltr'>intellegit</span> <span class='ocrx_word' id='word_1_277' title='bbox 905 2123 950 2164; x_wconf 92' lang='lat' dir='ltr'>in</span> <span class='ocrx_word' id='word_1_278' title='bbox 981 2124 1075 2178; x_wconf 86' lang='lat' dir='ltr'>ipsa</span> <span class='ocrx_word' id='word_1_279' title='bbox 1105 2125 1216 2167; x_wconf 87' lang='lat' dir='ltr'>ratio</span> <span class='ocrx_word' id='word_1_280' title='bbox 1255 2125 1385 2166; x_wconf 90' lang='lat' dir='ltr'>etiam</span> 
     </span>
    </p>
   </div>
   <div class='ocr_carea' id='block_1_3' title="bbox 15 2058 18 2075">
    <p class='ocr_par' dir='ltr' id='par_1_20' title="bbox 15 2058 18 2075">
     <span class='ocr_line' id='line_1_36' title="bbox 15 2058 18 2075; baseline 0 0"><span class='ocrx_word' id='word_1_281' title='bbox 15 2058 18 2075; x_wconf 67' lang='lat' dir='ltr'>l</span> 
     </span>
    </p>
   </div>
   <div class='ocr_carea' id='block_1_4' title="bbox 24 2259 1391 2354">
    <p class='ocr_par' dir='ltr' id='par_1_21' title="bbox 24 2259 1391 2354">
     <span class='ocr_line' id='line_1_37' title="bbox 139 2259 1391 2299; baseline 0.003 -4"><span class='ocrx_word' id='word_1_282' title='bbox 139 2264 160 2296; x_wconf 79' lang='lat'>6</span> <span class='ocrx_word' id='word_1_283' title='bbox 185 2261 350 2296; x_wconf 71' lang='lat' dir='ltr'>mtencxa</span> <span class='ocrx_word' id='word_1_284' title='bbox 372 2265 415 2297; x_wconf 80' lang='lat' dir='ltr'>ut</span> <span class='ocrx_word' id='word_1_285' title='bbox 437 2261 515 2297; x_wconf 80' lang='lat' dir='ltr'>uid.</span> <span class='ocrx_word' id='word_1_286' title='bbox 541 2259 589 2297; x_wconf 88' lang='lat' dir='ltr'>P&#39;</span> <span class='ocrx_word' id='word_1_287' title='bbox 724 2265 768 2298; x_wconf 91' lang='lat'>18</span> <span class='ocrx_word' id='word_1_288' title='bbox 793 2262 996 2299; x_wconf 75' lang='lat' dir='ltr'>diametros</span> <span class='ocrx_word' id='word_1_289' title='bbox 1014 2263 1051 2298; x_wconf 89' lang='lat' dir='ltr'><em>P</em></span> <span class='ocrx_word' id='word_1_290' title='bbox 1181 2267 1224 2298; x_wconf 84' lang='lat'>19</span> <span class='ocrx_word' id='word_1_291' title='bbox 1249 2263 1327 2299; x_wconf 91' lang='lat' dir='ltr'>ulte</span> <span class='ocrx_word' id='word_1_292' title='bbox 1355 2263 1391 2298; x_wconf 91' lang='lat' dir='ltr'><em>P</em></span> 
     </span>
     <span class='ocr_line' id='line_1_38' title="bbox 24 2308 842 2354; baseline 0.004 -13"><span class='ocrx_word' id='word_1_293' title='bbox 24 2308 91 2346; x_wconf 61' lang='lat'>,21</span> <span class='ocrx_word' id='word_1_294' title='bbox 117 2317 156 2343; x_wconf 81' lang='lat' dir='ltr'>se</span> <span class='ocrx_word' id='word_1_295' title='bbox 180 2311 264 2344; x_wconf 75' lang='lat' dir='ltr'>ante</span> <span class='ocrx_word' id='word_1_296' title='bbox 289 2318 388 2344; x_wconf 81' lang='lat' dir='ltr'>circa</span> <span class='ocrx_word' id='word_1_297' title='bbox 411 2309 496 2345; x_wconf 82' lang='lat' dir='ltr'>add.</span> <span class='ocrx_word' id='word_1_298' title='bbox 518 2320 546 2354; x_wconf 80' lang='lat' dir='ltr'>p</span> <span class='ocrx_word' id='word_1_299' title='bbox 619 2313 664 2344; x_wconf 79' lang='lat'>26</span> <span class='ocrx_word' id='word_1_300' title='bbox 690 2310 765 2344; x_wconf 71' lang='lat' dir='ltr'>triu</span> <span class='ocrx_word' id='word_1_301' title='bbox 792 2308 842 2345; x_wconf 87' lang='lat' dir='ltr'>P&#39;</span> 
     </span>
    </p>
   </div>
   <div class='ocr_carea' id='block_1_5' title="bbox 0 1650 34 2444">
    <p class='ocr_par' dir='ltr' id='par_1_22' title="bbox 0 1650 34 2444">
     <span class='ocr_line' id='line_1_39' title="bbox 0 1650 34 2444; baseline 0 0"><span class='ocrx_word' id='word_1_302' title='bbox 0 1650 34 2444; x_wconf 95' lang='lat' dir='ltr'> </span> 
     </span>
    </p>
   </div>
  </div>
 </body>
</html>
