1526 2444
591 67 663 103 ΧΠ
688 71 803 103 3-11
1015 97 1017 99 .
1322 65 1379 107 59

30 178 292 221 turnalibus:
323 177 441 232 illae,
472 178 522 219 ut
551 176 764 231 principio
797 176 898 217 anni
938 175 991 217 ad
1021 176 1272 230 promptum
1304 173 1377 215 ob-

31 238 225 293 sequium
261 237 423 279 honore
461 249 610 278 seruos
649 234 904 290 inuitarent,
947 234 1010 289 hi,
1054 234 1154 289 quia
1191 232 1379 288 gratiam

28 295 210 351 perfecti
242 296 380 351 operis
413 294 695 337 exsoluerent.

149 353 391 397 Secundum
422 367 613 395 mensem
651 352 896 395 nominauit
926 350 1175 406 Aprilem,
1210 351 1259 392 ut
1290 350 1419 405 qui-8

15 413 128 455 -dam
176 415 331 468 putant
379 427 476 454 cum
519 411 810 466 adspiratione
852 411 976 469 quasi
1016 409 1303 465 Aphrilem,
1354 423 1380 450 a

0 466 5 518 1
31 485 182 526 spuma
220 486 348 527 quam
375 470 531 513 Graeci
562 466 711 525 ἀφρὸν
742 472 919 520 uocant,
958 468 1070 510 unde
1101 471 1197 510 orta
1227 467 1377 510 Venus

0 531 1 562 3
30 531 233 586 ereditur,
264 533 308 572 et
338 531 448 572 hano
474 529 648 571 Romuli
680 531 879 571 asserunt
908 527 1042 570 fuisse
1073 527 1300 581 rationem,
1329 529 1380 568 ut

0 641 2 644 y
27 589 215 644 primum
242 588 412 645 quidem
438 602 630 630 mensem
656 603 681 630 a
706 590 831 643 patre
857 601 935 629 suo
960 586 1114 641 Marte,
1145 585 1378 628 secundum

28 647 82 690 ab
108 648 282 690 Aeneae
306 650 443 689 matre
467 646 635 690 Venere
665 646 922 701 nominaret,
953 647 996 687 et
1026 645 1074 686 hi
1098 645 1378 698 potissimum

0 707 134 749 sanni
163 707 375 762 principia
412 708 649 760 seruarent,
686 720 712 747 a
743 705 899 760 quibus
931 706 1047 746 esset
1077 703 1264 745 Romani
1299 717 1377 745 no-

28 766 157 807 minis
190 766 324 821 origo,
365 779 462 807 cum
493 765 704 819 hodieque
735 764 782 805 in
814 763 946 806 saeris
977 761 1162 804 Martem
1194 765 1376 816 patrem,

27 823 240 867 Venerem
271 824 530 879 genetricem
561 837 774 865 uocemus.
842 822 916 864 alii
952 823 1111 877 putant
1140 820 1415 863 Romulum9

27 883 97 924 uel
129 883 281 925 altiore
306 882 534 937 prudentia
558 882 627 924 uel
659 882 766 924 certi
796 881 985 923 numinis
1011 880 1288 936 prouidentia
1313 880 1376 922 ita

26 942 189 996 primos
233 942 450 983 ordinasse
491 955 657 983 menses
694 942 762 997 ut,
799 955 896 982 cum
938 939 1198 994 praecedens
1242 938 1375 981 Marti

0 1004 141 1043 §esset
183 1000 348 1042 dicatus
394 1001 472 1042 deo
510 1001 762 1055 plerumque
805 999 1030 1041 hominum
1074 998 1283 1054 necatori,
1325 1001 1375 1040 ut

25 1057 238 1102 Homerus
269 1062 446 1101 naturae
478 1059 672 1101 conscius
705 1059 768 1101 ait

137 1135 260 1194 Ἄρες
279 1140 407 1196 ’Ἆρες
437 1138 696 1198 βροτολοιγὲ
727 1142 936 1196 μιαιφόνε
966 1141 1267 1195 τειχεσιβλῆτα

27 1223 236 1266 secundus
273 1223 431 1266 Veneri
468 1224 694 1279 dicaretur,
735 1237 844 1278 quae
881 1223 971 1264 uim
1010 1223 1102 1264 eius
1141 1222 1265 1278 quasi
1301 1221 1372 1263 be-

26 1282 164 1325 nefica
210 1283 374 1324 leniret.
433 1297 535 1324 nam
579 1285 621 1324 et
662 1283 708 1324 in
751 1282 973 1324 duodecim
1016 1281 1181 1324 zodiaci
1219 1282 1372 1336 signis,
1390 1282 1446 1324 10

0 1355 210 1396 ›quorum
241 1343 359 1384 certa
391 1343 607 1383 certorum
638 1341 864 1383 numinum
890 1341 1107 1383 domicilia
1131 1340 1375 1394 creduntur,

27 1415 123 1442 eum
178 1400 364 1455 primum
420 1400 592 1455 signum
640 1399 768 1442 Aries
818 1399 950 1441 Marti
999 1399 1253 1454 adsignatus
1304 1399 1373 1452 sit,

27 1473 210 1514 sequens
236 1473 336 1501 mox
360 1458 582 1513 Venerem,
614 1459 656 1500 id
683 1461 748 1500 est
772 1458 951 1510 Taurus,
982 1458 1159 1512 accepit.
1214 1461 1257 1500 et
1282 1472 1371 1499 rur·
1390 1461 1443 1503 ii

27 1532 100 1560 sus
139 1532 161 1560 e
191 1518 366 1573 regione
405 1516 606 1572 Scorpius
644 1517 706 1559 ita
743 1517 904 1559 diuisus
937 1521 1019 1572 est,
1055 1520 1105 1559 ut
1142 1517 1220 1559 deo
1260 1520 1375 1558 esset

26 1576 196 1632 utrique
240 1577 489 1618 communis.
569 1591 647 1618 nee
691 1576 946 1618 aestimatur
988 1576 1156 1618 ratione
1198 1576 1375 1618 caelesti

0 1647 170 1677 scarere
195 1636 290 1690 ipsa
315 1635 483 1690 diuisio,
515 1635 726 1690 siquidem
752 1635 899 1677 aculeo
924 1635 1045 1677 uelut
1069 1635 1372 1689 potentissimo

25 1694 112 1736 telo
163 1708 264 1750 pars
309 1696 475 1736 armata
523 1694 740 1748 posterior
782 1693 1047 1735 domicilium
1090 1692 1246 1736 Martis
1291 1696 1374 1749 est,

23 1753 209 1807 priorem
249 1767 351 1795 uero
389 1755 576 1809 partem,
618 1752 686 1795 eui
724 1751 870 1807 Ζυγὸς
910 1752 1024 1808 apud
1068 1750 1255 1795 Graecos
1298 1767 1372 1794 no-

25 1826 124 1854 men
157 1813 239 1865 est,
274 1826 354 1854 nos
386 1811 563 1854 Libram
594 1826 817 1868 necamus,
853 1811 1001 1855 Venus
1040 1811 1223 1867 aceepit,
1264 1826 1373 1867 quae

122 1928 232 1964 1711.
260 1928 290 1963 E
318 1931 384 1963 31·

120 2038 143 2068 4
167 2037 340 2069 nominas]
367 2034 405 2069 B
482 2036 504 2068 5
529 2034 639 2078 putat
665 2031 710 2069 P'
790 2032 1012 2078 aspiratione
1037 2034 1106 2079 (P)
1185 2037 1206 2069 6
1232 2044 1315 2079 geoi
1340 2034 1378 2069 P

23 2080 128 2117 afron
153 2081 234 2116 BP
315 2085 335 2117 ’1
361 2080 467 2115 fuisse
494 2080 657 2116 asserunt
683 2081 720 2115 P
805 2084 848 2116 12
874 2082 1094 2126 genitricem
1113 2080 1150 2115 P
1241 2084 1285 2114 13
1311 2080 1373 2115 uel

1090 2127 1110 2153 Α

28 2163 121 2198 certi
143 2162 307 2198 nominis
323 2162 329 2209 Ι
349 2161 553 2211 Gpuidentia.
577 2163 663 2198 add.
688 2163 755 2197 Bm
834 2166 875 2197 17
902 2163 1186 2198 ΤΕΙΧΕΕΙΒΗΤΑ
1214 2162 1251 2197 Ρ
1329 2166 1372 2196 19

24 2210 177 2245 zodoaci
203 2207 248 2244 Ρ
322 2213 367 2245 21
393 2208 629 2255 adsignatum
653 2209 701 2254 B,
726 2208 939 2254 'assignatus
953 2210 990 2245 P
1057 2213 1104 2244 26
1129 2209 1205 2244 telo
1225 2213 1375 2255 praeter

26 2267 48 2291 o
72 2257 115 2292 in
137 2267 211 2293 ras.
238 2257 281 2292 in
308 2257 346 2292 P
433 2260 477 2292 27
504 2267 592 2292 uero
616 2257 659 2292 in
683 2267 757 2292 ras.
781 2257 824 2292 in
851 2256 888 2291 P
975 2257 1127 2292 ZYPOC
1158 2256 1203 2301 P,
1235 2256 1374 2291 ΖΙ-ΤΟΕ

26 2305 124 2349 (ante
148 2315 209 2339 0111
233 2304 336 2349 add.)
363 2304 383 2340 b
445 2334 448 2336 .
