1526 2444
139 64 196 105 36
657 64 758 99 SAT.
782 63 912 99 LIBRI
934 65 951 99 I

134 185 198 211 ex
228 184 475 224 responso
507 167 785 224 Apollinis,
817 184 910 224 quo
934 173 1258 225 praeceptum
1284 173 1378 227 est,
1407 174 1461 212 ut

63 228 220 282 35pr0
265 228 524 282 capitibus
566 228 822 281 capitibus
859 228 1245 282 supplicaretur.
1311 229 1460 283 idque

135 286 349 339 aliquam
396 285 478 326 diu
516 285 864 340 obseruatum,
906 288 961 327 ut
995 300 1085 341 pro
1129 286 1461 328 familiarium

135 344 391 398 sospitate
451 343 594 396 pueri
669 345 1012 385 mactarentur
1071 342 1266 386 Maniae
1326 343 1460 398 deae,

134 401 288 442 matri
334 400 527 442 Larum.
601 401 730 455 quod
785 400 1033 442 sacrificii
1081 415 1236 456 genus
1278 401 1458 443 Iunius

134 458 321 500 Brutus
361 457 542 500 consul
580 458 726 512 pulso
763 458 1039 512 Tarquinio
1083 459 1234 500 aliter
1271 459 1460 500 consti-

135 517 236 557 tuit
266 515 631 557 celebrandum.
686 530 799 556 nam
831 516 1085 570 capitibus
1117 517 1205 558 alii
1231 519 1279 558 et
1308 531 1462 571 papa-

136 574 272 615 ueris
310 573 593 628 supplicari
628 573 781 614 iussit
823 575 878 615 ut
918 587 1162 627 responso
1199 574 1461 628 Apollinis

138 631 265 673 satis
292 630 442 672 fieret
468 631 524 672 de
548 631 744 672 nomine
770 631 1006 685 capitum,
1037 634 1228 673 remoto
1261 632 1463 674 scilicet

138 690 327 731 scelere
351 689 609 730 infaustae
636 688 1056 730 sacrificationis:
1075 689 1366 744 factumque
1387 693 1463 731 est
1482 709 1494 733 1

137 749 193 788 ut‘
222 746 427 801 effigies
460 746 654 788 Maniae
686 760 960 801 suspensae
992 747 1309 800 singulorum
1342 747 1463 789 fori-

138 805 231 846 bus
255 805 551 859 periculum‚
582 805 623 846 si
650 804 777 858 quod
809 804 1093 845 immineret
1123 804 1354 859 familiis,
1386 819 1463 846 ex-

139 863 365 916 piarent,
394 862 598 916 ludosque
629 862 745 916 ipsos
777 875 826 903 ex
855 862 936 903 uiis
969 862 1267 915 compitorum,
1298 862 1343 903 in
1375 862 1464 917 qui-

140 920 222 961 bus
248 920 535 975 agitabantur,
556 919 811 973 Compitalia
836 920 1202 974 appellitauerunt.
1239 920 1312 961 sed
1337 933 1464 974 perge

140 977 306 1019 cetera?
1485 996 1497 1020 1

71 1036 127 1077 36
258 1035 317 1077 Et
347 1035 645 1076 Praetextatus
677 1034 798 1076 ‘bene
829 1036 872 1076 et
903 1040 1109 1088 oportune
1147 1034 1296 1076 similis
1329 1048 1465 1076 emen-

141 1093 258 1135 datio
290 1093 596 1135 sacrificiorum
621 1093 759 1134 relata
789 1094 865 1146 est,
897 1092 970 1133 sed
1001 1106 1052 1133 ex
1081 1092 1149 1133 his
1175 1093 1328 1145 causis,
1359 1106 1466 1146 quae

141 1152 191 1192 de
246 1151 408 1205 origine
447 1150 572 1191 huius
626 1150 726 1192 festi
767 1151 926 1192 relatae
963 1152 1076 1204 sunt,
1113 1152 1289 1204 apparet
1326 1148 1467 1191 Satur-
1507 1161 1510 1163 ’

140 1209 258 1250 nalia
287 1209 522 1250 uetustiora
553 1221 644 1249 esse
674 1207 777 1250 urbe
808 1207 1014 1262 Romana,
1046 1207 1149 1249 adeo
1179 1210 1228 1248 ut
1259 1209 1355 1248 ante
1386 1207 1467 1249 Ro·
1508 1260 1510 1263 ι

141 1281 255 1307 mam
286 1266 330 1307 in
362 1266 539 1307 Graecia
568 1266 649 1307 hoc
682 1266 885 1307 sollemne
925 1266 1112 1319 coepisse
1142 1264 1188 1307 L.
1220 1264 1390 1308 ACCIVS
1421 1265 1467 1306 in

147 1325 418 1366 ANNALIBVS
452 1324 539 1365 suis
564 1323 721 1364 referat
750 1323 816 1364 his
848 1323 1043 1370 uersibus

74 1412 127 1454 37
144 1405 329 1446 maxima
360 1419 459 1458 pars
490 1403 667 1445 Graium
699 1402 883 1445 Saturno
917 1405 959 1444 et
990 1404 1172 1445 maxime
1202 1403 1398 1444 Athenae

145 1462 375 1504 conficiunt
406 1476 539 1513 sacra,
571 1475 678 1516 quae
705 1459 862 1502 Cronia
893 1475 986 1502 esse
1016 1462 1226 1503 iterantur
1257 1461 1310 1502 ab
1341 1460 1440 1513 illis,

145 1535 322 1575 eumque
366 1519 478 1561 diem
527 1519 759 1562 celebrant:
811 1533 887 1573 per
950 1532 1077 1574 agros
1130 1519 1337 1572 urbesque
1381 1518 1469 1559 fere
1509 1518 1512 1550 Ϊ

1047 1590 1190 1618 omnes

146 1637 341 1678 exercent
371 1635 506 1689 epulis
536 1634 652 1688 laeti,
681 1633 948 1688 famulosque
977 1636 1208 1688 procurant
1487 1651 1503 1676 2

147 1694 324 1748 quisque
356 1707 454 1734 suos
484 1692 704 1746 nostrique
735 1691 906 1745 itidem,
937 1693 979 1732 et
1008 1706 1101 1733 mos
1137 1691 1320 1732 traditus
1351 1690 1470 1732 illinc

145 1752 239 1806 iste,
268 1753 316 1792 ut
346 1764 441 1792 cum
471 1749 652 1791 dominis
683 1749 833 1790 famuli
865 1750 1087 1803 epulentur
1117 1749 1288 1790 ibidem.

78 1830 189 1874 VIII
266 1830 390 1872 Nunc
415 1830 466 1871 de
491 1830 584 1884 ipso
616 1830 683 1871 dei
706 1830 865 1883 templo
896 1844 1030 1884 pauca
1054 1829 1274 1871 referenda
1300 1831 1407 1871 sunt.

245 1949 262 1979 1
290 1955 332 1979 ac
356 1943 523 1988 responso
550 1944 596 1987 B,
621 1945 638 1976 1
663 1953 707 1977 ex
731 1943 815 1979 add.
841 1944 861 1978 b
952 1946 972 1977 2
1001 1942 1184 1987 capitibus
1203 1954 1269 1988 pro
1295 1942 1478 1987 capitibus

150 1992 186 2026 Β
255 2001 286 2038 &³
312 1989 506 2034 capitabus
525 1993 566 2024 ut
589 1990 665 2025 uid.
694 1986 738 2023 P‘
814 1993 834 2024 3
860 1989 1057 2033 aliquando
1082 1989 1129 2034 B,
1153 1991 1171 2022 1
1195 1989 1259 2024 diu
1283 1990 1366 2025 add.
1393 1990 1413 2024 b

149 2036 361 2083 familialrisi
382 2037 419 2071 Ρ
489 2040 509 2071 6
533 2036 661 2071 brutus
687 2035 871 2080 compulso
898 2036 934 2071 B
1014 2040 1033 2070 7
1059 2035 1140 2070 allii
1163 2036 1184 2071 b
1210 2035 1274 2080 (P)
1348 2039 1390 2070 13
1415 2038 1474 2070 06-

149 2084 319 2128 petorum
349 2080 394 2117 P'
481 2085 523 2117 16
555 2083 604 2118 ad
634 2081 844 2117 emendatio
876 2083 959 2117 add.
984 2084 1002 2115 t
1026 2092 1135 2116 emun
1159 2082 1179 2117 b
1264 2085 1307 2116 18
1332 2081 1378 2116 de
1403 2091 1473 2116 ori-

150 2140 236 2174 gine
259 2130 301 2164 in
323 2139 394 2164 ras.
421 2129 463 2164 in
487 2129 523 2164 P
592 2132 634 2163 19
653 2139 777 2163 roma·
797 2138 819 2164 *
832 2128 910 2175 *ascl
931 2128 1022 2163 adeo
1042 2128 1078 2162 P
1146 2131 1191 2163 20
1209 2127 1420 2173 sollemnem
1438 2127 1475 2162 B

151 2175 312 2220 sollEpne
350 2174 483 2222 cepisse
509 2194 518 2202 ·
543 2175 571 2209 L
598 2193 606 2202 ·
631 2174 673 2220 (L
697 2174 750 2220 B,
781 2174 896 2210 lutiul'
922 2175 1004 2211 add.
1039 2175 1072 2219 b)
1101 2174 1106 2221 Ι
1134 2173 1257 2210 accius
1282 2174 1319 2208 P
1429 2177 1474 2209 26

151 2222 272 2248 mostra.-

152 2255 376 2292 &n‘t'raditus
394 2256 430 2291 B
