1526 2444
156 61 241 103 638
453 61 600 97 COMM.
626 61 676 96 IN
703 61 843 98 SOMN.
870 61 979 98 SCIP.
1004 60 1132 96 LIBRI
1150 60 1184 95 11

89 170 139 211 11
157 166 427 209 calefaciente
481 167 549 208 uel
601 167 711 209 hanc
758 169 964 209 mouente.
1041 181 1140 208 nam
1188 180 1284 208 cum
1331 165 1475 220 ignem

156 225 338 266 calidum
374 224 568 276 dicimus,
603 238 690 265 non
724 224 806 266 duo
837 225 1002 266 diuersa
1033 224 1308 278 concipimus,
1345 237 1475 265 unum

155 282 266 336 quod
303 281 511 335 calefacit,
548 282 728 323 alterum
766 282 878 336 quod
912 282 1066 335 calefit,
1103 282 1174 323 sed
1204 283 1343 323 totum
1373 280 1474 322 cali-

155 340 254 381 dum
292 339 520 380 secundum
557 342 752 380 naturam
790 354 907 381 suam
944 353 1161 393 uocamus,
1204 353 1298 381 cum
1334 337 1475 380 niuem

157 396 371 451 frigidam,
402 410 496 438 cum
527 396 610 438 mel
640 397 759 438 dulce
791 397 1066 451 appellamus,
1094 410 1180 438 non
1206 397 1331 450 aliud,
1362 395 1474 450 quod

154 453 265 495 hanc
308 454 558 508 qualitatem
602 456 808 509 praestat,
850 455 982 509 aliud,
1024 455 1092 496 cui
1132 456 1373 507 praestatur
1410 467 1475 495 ac-

88 514 141 556 12
155 512 344 566 cipimus.
403 512 465 553 ita
506 514 547 553 et
577 526 670 553 cum
703 512 887 554 animam
918 526 994 566 per
1024 526 1068 553 se
1098 512 1258 553 moueri
1287 510 1475 564 dicimus,

153 583 239 611 non
281 569 449 624 gemina
490 569 770 611 consideratio
807 571 996 625 sequitur
1033 569 1244 611 mouentis
1281 570 1323 609 et
1359 568 1474 622 moti,
1522 582 1526 586 ·

154 626 227 668 sed
267 627 312 668 in
355 627 449 680 ipso
491 629 610 668 motu
646 628 872 669 essentiam
911 627 999 669 eius
1037 626 1324 683 agnoscimus,
1364 625 1474 680 quia,
1516 632 1526 668 '2

1504 343 1526 446 A

1514 452 1526 579 1

154 684 267 738 quod
310 687 374 726 est
417 685 459 725 in
502 685 599 739 igne
636 699 789 727 nomen
826 685 967 739 calidi,
1009 685 1052 726 in
1089 685 1184 726 niue
1220 683 1473 725 uocabulum
1492 670 1526 784 11

153 741 314 797 frigidi,
350 742 580 796 appellatio
611 742 742 784 dulcis
773 743 818 784 in
848 743 987 797 melle,
1019 742 1098 784 hoc
1128 755 1298 783 necesse
1330 742 1394 782 est
1424 740 1474 782 de

154 799 294 840 anima
330 799 615 854 αὐτοκινήτου
651 814 805 842 nomen
838 801 1028 855 intellegi
1059 800 1170 854 quod
1199 799 1351 840 Latina
1381 811 1475 839 con-

1515 787 1526 854 1

86 858 291 900 1311οτ810
330 858 541 912 significat
576 871 662 911 per
699 872 748 899 se
785 858 986 900 moueri.
1045 871 1121 898 nec
1156 860 1198 898 te
1233 855 1474 906 confundat,

154 915 263 968 quod
296 915 485 956 moueri
514 915 732 968 passiuum
763 916 940 957 uerbum
970 918 1046 969 est,
1076 928 1153 956 nec
1178 914 1287 956 sicut
1311 913 1473 955 secari
1519 917 1526 964 ᾗ

153 986 248 1013 011111
280 971 451 1021 dicitur,
483 972 564 1013 duo
596 972 753 1027 pariter
783 973 1112 1025 considerantur,
1143 971 1255 1025 quod
1286 973 1400 1013 secat
1431 973 1473 1011 et
1494 983 1507 1008 1

154 1029 265 1084 quod
303 1032 485 1084 secatur,
527 1030 713 1083 itemque
750 1044 845 1072 cum
882 1030 1043 1071 teneri
1080 1029 1250 1083 dicitur,
1293 1029 1375 1070 duo
1410 1028 1474 1069 in-

153 1087 430 1141 telleguntur,
467 1087 578 1141 quod
614 1090 731 1129 tenet
762 1091 805 1129 et
836 1087 947 1142 quod
977 1090 1154 1141 tenetur,
1185 1087 1245 1127 ita
1276 1085 1345 1127 hic
1376 1099 1475 1127 mo-

152 1145 259 1186 ueri
291 1144 467 1186 duarum
491 1159 631 1186 rerum
658 1145 1012 1199 significationem
1035 1147 1172 1199 putes,
1201 1157 1306 1198 quae
1330 1145 1474 1184 mouet
1511 1167 1515 1169 -

86 1203 194 1245 14et
242 1217 349 1256 quae
398 1204 602 1244 mouetur.
673 1217 771 1244 nam
815 1204 976 1244 secari
1019 1203 1185 1256 quidem
1227 1203 1270 1242 et
1310 1199 1474 1242 teneri

150 1261 295 1314 passio
356 1262 438 1313 est,
491 1260 585 1301 ideo
646 1261 1028 1303 considerationem
1089 1262 1132 1301 et
1184 1258 1376 1300 facientis
1432 1260 1474 1299 et

151 1317 357 1371 patientis
408 1318 694 1373 amplectitur,
742 1319 931 1360 moueri
980 1320 1119 1360 autem
1169 1330 1264 1358 cum
1313 1316 1363 1357 de
1405 1315 1473 1356 his

151 1375 323 1430 quidem
366 1374 538 1429 dicitur,
587 1390 694 1430 quae
738 1377 790 1418 ab
834 1376 917 1418 alio
960 1379 1201 1429 mouentur,
1249 1376 1471 1427 utramque

151 1432 533 1474 considerationem
571 1433 765 1475 similiter
801 1435 1108 1488 repraesentat3
1143 1432 1194 1473 de
1231 1446 1280 1474 eo
1321 1433 1473 1483 autem,

151 1491 260 1544 quod
302 1490 365 1532 ita
406 1504 481 1544 per
520 1503 564 1532 se
601 1494 813 1546 mouetur,
855 1494 902 1533 ut
937 1491 994 1532 sit
1031 1490 1334 1543 αὐτοκίνητον,
1377 1501 1471 1530 011111

150 1548 339 1589 moueri
383 1547 552 1601 dicitur,
594 1549 694 1602 quia
736 1563 786 1590 ex
830 1563 890 1604 se,
931 1563 1018 1591 non
1060 1562 1110 1590 ex
1146 1548 1229 1589 alio
1267 1547 1471 1596 mouetur,

84 1608 137 1648 15
150 1605 269 1647 nulla
321 1607 462 1659 potest
517 1606 694 1660 suspitio
743 1607 953 1660 passionis
1002 1606 1206 1659 intellegi.
1282 1618 1383 1646 nam
1430 1606 1473 1644 et
1503 1639 1505 1642 Α

152 1666 286 1704 stare
317 1663 415 1704 licet
443 1664 661 1718 passiuum
692 1665 868 1706 uerbum
898 1678 985 1706 non
1016 1677 1108 1706 esse
1139 1663 1344 1716 uideatur,
1375 1675 1469 1703 cum
1506 1702 1508 1706 ,

151 1720 200 1761 (10
232 1735 281 1762 eo
312 1723 455 1762 tamen
486 1721 648 1775 dicitur,
679 1722 789 1776 quod
820 1724 906 1763 stat
934 1722 1017 1763 alio
1044 1722 1232 1773 sistente,
1262 1722 1310 1760 ut
1330 1720 1471 1760 stant
1500 1731 1507 1739 f

149 1781 317 1819 terrae
355 1778 554 1821 defixae
589 1779 768 1821 hastae
800 1779 1013 1834 significat
1043 1779 1301 1832 passionem,
1337 1776 1398 1818 sic
1428 1778 1471 1816 et

148 1836 339 1877 moueri
382 1836 481 1878 licet
521 1837 742 1890 passiuum
785 1839 923 1891 sonet,
965 1836 1134 1891 quando
1177 1839 1320 1876 tamen
1361 1833 1469 1875 nihil
1502 1871 1505 1873 .

243 1975 260 2006 1
286 1971 355 2006 hac
381 1972 429 2007 P'
561 1976 582 2006 3
607 1976 639 2008 et
664 1976 684 2007 9
709 1973 761 2007 set
786 1973 822 2008 Β
946 1975 966 2006 5
992 1971 1196 2017 apellamus
1220 1968 1267 2004 P'
1387 1972 1470 2014 post

149 2017 379 2063 appellamus
403 2019 563 2064 sequitur
590 2018 776 2054 stellarum
801 2019 894 2054 ahas
913 2021 966 2064 (p.
987 2021 1076 2062 563,
1107 2018 1144 2062 3)
1161 2019 1203 2052 in
1220 2017 1256 2051 Β
1327 2020 1347 2051 9
1367 2017 1470 2051 motu
1507 2016 1511 2046 ἶ

148 2067 260 2099 etiam
285 2063 364 2098 elus
382 2064 430 2107 Β,
461 2065 588 2100 deinde
618 2065 815 2100 essentiam
846 2066 928 2100 add.
956 2066 987 2107 b,
1018 2065 1148 2099 deinde
1177 2061 1406 2106 agnoscimus
1430 2061 1468 2096 B
1496 2087 1498 2089 »

149 2114 191 2144 11
218 2110 291 2156 (11111
319 2109 372 2153 (111
399 2111 482 2146 add.
508 2112 542 2155 b)
567 2110 662 2145 ulc1s
680 2111 715 2145 Β
835 2114 877 2146 12
903 2111 1164 2146 ΑΥΤΟΚΙΝΗΤΙ
1190 2109 1258 2144 ΡΒ
1283 2109 1338 2153 (in
1362 2107 1399 2142 P
1418 2117 1467 2142 se-

147 2157 272 2201 quitur
295 2157 406 2192 unius
431 2157 498 2192 litt.
522 2158 669 2202 rasura)
765 2161 807 2192 15
834 2157 905 2192 duo
929 2157 1069 2202 pariter
1092 2167 1157 2192 om.
1176 2154 1222 2190 B'
1317 2157 1360 2189 16
1386 2164 1467 2188 cum

146 2202 340 2285 pnnghg'tur
358 2206 401 2284 11?
426 2203 494 2238 seri
513 2203 659 2247 quldem
677 2201 727 2238 P'
800 2207 843 2238 23
864 2204 988 2239 autem
1005 2214 1072 2238 om.
1092 2203 1128 2237 Β
1199 2203 1245 2237 25
1263 2210 1404 2236 111011οΗ
1422 2197 1468 2234 Ρ
