1526 2444
660 83 694 119 X
720 87 833 135 ¹-¹.2
1333 82 1422 123 445

72 195 175 236 sunt
205 193 355 248 crispi,
387 193 461 249 qui
491 193 554 234 ita
584 192 815 247 temperati
847 195 959 246 sunt,
991 194 1039 234 ut
1071 191 1212 247 capite
1244 191 1422 233 sicciore

72 253 175 307 sint,
228 252 351 294 tarde
392 253 637 307 canescunt,
687 251 771 293 cito
820 251 865 293 in
916 251 1140 293 caluitium
1183 252 1421 293 transeunt.

72 315 224 355 contra
260 312 332 367 qui
369 311 528 366 capillo
568 313 669 353 sunt
706 310 869 357 rariore
900 325 988 353 non
1019 325 1068 353 eo
1100 310 1227 352 facile
1258 310 1422 353 nudan-

70 374 143 413 tur
173 371 390 413 nutriente
421 370 620 425 humore,
655 370 769 425 quod
801 368 975 425 φλέγμα
1006 370 1235 422 uocitatur,
1268 368 1343 411 sed
1372 369 1423 410 fit

36 448 52 474 5
71 430 157 472 illis
190 429 276 472 cita
307 429 498 472 canities.
554 444 655 472 nam
686 429 782 471 ideo
815 429 903 471 albi
935 432 1036 471 sunt
1061 428 1158 472 cani
1183 428 1286 484 quia
1311 428 1423 471 colo-

73 503 164 531 rem
213 489 406 531 humoris
458 503 541 544 quo
590 489 842 531 nutriuntur
885 487 1139 531 imitantur?
1214 487 1274 529 ‘si
1319 489 1462 543 erg07

74 547 249 590 senibus
309 547 575 590 abundantia
629 548 824 590 humoris
882 548 1064 603 capillos
1120 547 1164 588 in
1220 546 1424 591 canitiem

73 607 253 663 tinguit,
291 621 365 648 cur
404 609 575 649 senecta
612 607 859 662 opinionem
897 609 1072 649 exactae
1111 606 1319 649 siccitatis
1355 620 1422 648 ac-

75 664 240 721 cepit‘?'
298 665 421 720 ‘quia
453 665 646 709 senecta'
677 666 818 721 inquit
845 666 920 708 ille
949 665 1161 708 ‘extincto
1193 679 1270 720 per
1303 667 1464 709 netu-8

21 742 55 768 ιο
76 727 236 767 statem
272 726 461 767 naturali
500 726 642 768 calore
679 725 729 766 fit
765 724 942 780 frigida,
987 727 1029 767 et
1066 739 1116 766 ex
1153 724 1229 766 illo
1262 724 1424 780 frigore

76 784 205 840 gelidi
238 786 281 826 et
306 784 508 838 superflui
533 786 767 826 nascuntur
792 783 1007 826 humores.
1065 785 1255 825 ceterum
1281 783 1425 838 liquor

75 843 221 886 uitalis
252 843 544 898 longaeuitate
573 843 759 885 siccatus
786 845 864 897 est,
895 842 993 884 inde
1021 845 1193 885 senecta
1220 841 1333 885 sicca
1359 844 1426 884 est

76 903 223 957 inopia
272 901 482 945 naturalis
531 902 746 953 humoris,
796 901 999 945 humecta
1050 904 1116 944 est
1159 901 1425 944 abundantia

78 961 227 1003 uitiosi
259 974 309 1003 ex
339 959 502 1016 frigore
532 961 762 1017 procreati.
817 960 918 1004 hinc
946 963 1024 1016 est,
1056 960 1169 1016 quod
1196 963 1238 1002 et
1262 959 1465 1015 uigiliis9

21 1038 56 1064 15
78 1022 196 1063 aetas
237 1020 412 1076 grauior
450 1020 654 1075 afficitur,
692 1020 793 1076 quia
825 1035 1020 1073 somnus,
1057 1021 1130 1076 qui
1161 1020 1343 1062 maxime
1374 1034 1425 1062 ex

74 1079 254 1122 humore
281 1079 507 1136 contingit,
533 1079 584 1122 de
602 1079 795 1122 naturali
812 1079 1018 1134 nascitur,
1045 1080 1156 1122 sicut
1174 1081 1242 1122 est
1262 1079 1425 1120 multus

74 1140 121 1181 in
157 1137 360 1193 infantia,
399 1152 507 1193 quae
544 1139 723 1185 humida
762 1141 829 1181 est
867 1138 1132 1180 abundantia
1162 1152 1251 1180 non
1284 1152 1426 1193 super-

74 1197 150 1240 flui
194 1197 267 1239 sed
311 1197 524 1240 naturalis
567 1197 774 1241 humoris.
847 1198 995 1240 eadem
1040 1197 1152 1240 ratio
1197 1199 1274 1249 est,
1318 1211 1426 1252 quae
1443 1201 1498 1244 10

74 1256 305 1312 pueritiam
332 1270 554 1299 canescere
579 1271 666 1299 non
691 1257 869 1312 patitur,
894 1271 990 1299 cum
1012 1258 1069 1299 sit
1087 1256 1426 1309 humectissima,

20 1335 56 1362 20
77 1315 177 1371 quia
207 1330 296 1357 non
328 1330 379 1357 ex
412 1315 574 1371 frigore
605 1319 709 1358 nato
741 1316 989 1371 phlegmate
1019 1314 1197 1358 humida
1229 1318 1311 1370 est,
1352 1315 1426 1357 sed

74 1374 150 1417 illo
200 1374 390 1416 naturali
436 1377 480 1416 et
529 1375 654 1418 uitali
698 1374 878 1421 humore
923 1375 1123 1416 nutritur.
1196 1375 1267 1416 ille
1312 1374 1426 1416 enim

74 1433 244 1489 humor,
277 1433 350 1489 qui
382 1436 457 1475 aut
488 1434 539 1476 de
571 1433 727 1477 aetatis
758 1434 920 1490 frigore
950 1434 1154 1486 nascitur,
1187 1436 1262 1476 aut
1288 1433 1426 1475 cuius-

10 1538 13 1539 7
75 1493 183 1535 libet
219 1493 472 1535 uitiositatis
511 1493 733 1535 occasione
771 1491 1060 1547 contrahitur,
1101 1495 1150 1534 ut
1187 1492 1426 1547 superfluus

75 1552 138 1595 ita
163 1553 206 1594 et
230 1552 384 1595 noxius
411 1554 487 1594 est.
538 1552 651 1594 hunc
676 1552 872 1596 uidemus
898 1552 943 1594 in
969 1552 1139 1594 feminis
1165 1551 1253 1594 nisi
1274 1551 1424 1595 crebro
1443 1558 1496 1600 11

7 1629 57 1669 ,35
77 1613 295 1667 egeratur,
351 1613 542 1654 extrema
591 1611 877 1655 minitantem.
956 1611 1071 1654 hunc
1120 1611 1165 1653 in
1219 1610 1425 1653 eunuchis

76 1670 344 1712 debilitatem
401 1670 521 1713 tibiis
577 1671 864 1727 ingerentem,
921 1685 1103 1726 quarum
1155 1684 1255 1713 ossa
1306 1670 1429 1725 quasi

77 1743 245 1784 semper
282 1730 327 1771 in
365 1729 580 1785 superfluo
613 1730 794 1772 humore
824 1729 1026 1771 natantia
1057 1729 1246 1771 naturali
1277 1729 1428 1785 uigore

77 1791 318 1842 caruerunt,
362 1790 404 1831 et
446 1788 542 1831 ideo
585 1788 711 1831 facile
755 1789 1070 1845 intorquentur,
1115 1788 1216 1830 dum
1259 1788 1427 1844 pondus

77 1847 338 1902 superpositi
381 1848 574 1903 corporis
619 1847 733 1890 ferre
770 1862 858 1890 non
897 1850 1099 1903 possunt,
1143 1848 1255 1890 sicut
1291 1862 1428 1890 canna

20 1928 60 1958 ‚30
77 1905 264 1962 pondere
290 1906 373 1948 sibi
404 1906 611 1962 imposito
644 1906 883 1949 euruatur?

195 1965 255 2007 Et
284 1964 497 2008 Eusebius
531 1964 756 2022 ‘quoniam
789 1980 868 2008 nos
901 1981 926 2008 a
959 1968 1176 2009 senectute
1206 1981 1342 2022 usque
1375 1966 1427 2008 ad
1446 1972 1499 2014 12

78 2024 295 2068 eunuchos
339 2025 470 2067 traxit
514 2025 718 2079 superflui
760 2025 954 2068 humoris
1000 2025 1258 2080 disputatio,
1311 2025 1427 2068 dicas

77 2083 195 2137 uolo,
233 2098 307 2126 cur
343 2083 406 2125 ita
445 2087 595 2127 acutae
632 2084 751 2126 uocis
790 2085 895 2140 sint,
933 2086 982 2126 ut
1021 2099 1147 2140 saepe
1186 2085 1340 2126 mulier
1373 2099 1429 2126 an

173 2238 193 2269 2
220 2234 392 2270 tanseunt
416 2232 462 2269 P‘
563 2239 581 2270 7
608 2239 642 2271 et
667 2238 710 2270 13
736 2240 770 2271 et
797 2239 838 2271 17
864 2235 1121 2271 habundantia
1146 2235 1183 2270 P
1271 2240 1317 2271 ‘20
1341 2235 1430 2281 fleg-

79 2282 208 2365 ἲιῃῗήἳ)
206 2282 243 2317 Ρ
317 2285 362 2317 26
388 2281 494 2317 tibus
513 2283 554 2318 in
578 2293 652 2320 ras.
681 2285 853 2328 (extrema
878 2283 1031 2327 fuerunt
1056 2283 1114 2328 us)
1141 2283 1182 2318 in
1207 2283 1244 2317 P
1322 2287 1365 2318 *27
1392 2295 1431 2317 m
