1526 2444
136 73 222 114 310
641 73 739 109 SAT.
765 73 893 109 LIBRI
916 74 950 110 V
1504 0 1526 139 ,¹

132 182 175 222 et
211 181 302 235 ipse
334 179 513 222 Calchas
550 181 698 222 narrat
728 194 870 235 omen,
906 180 1017 235 quod
1049 179 1220 223 Graecis
1250 181 1453 236 nauigan-
1517 145 1526 227 i

129 238 244 280 tibus
282 238 332 279 de
365 239 559 292 serpente
589 251 809 291 passerum
840 238 1093 293 populatore
1125 239 1367 294 contigerit,
1404 253 1454 280 ex
1522 238 1526 263 ¹·

131 310 213 350 quo
240 295 535 337 denuntiatum
563 298 628 337 est
653 296 884 338 exercitum
910 310 1042 338 annos
1062 296 1205 338 decem
1224 297 1268 338 in
1287 297 1453 339 hostico
1522 292 1526 342 Ξ

65 351 119 394 14
131 353 331 395 futurum.
400 352 484 395 alio
526 353 621 395 loco
663 367 808 405 senex,
852 354 894 396 id
932 356 998 396 est
1032 354 1261 396 referendis
1297 354 1453 397 fabulis
1520 349 1526 394 ἒ

131 411 268 453 amica
300 414 343 453 et
371 411 528 465 loquax
560 413 689 462 aetas,
719 426 787 453 res
818 411 948 454 refert
978 414 1168 454 uetustas
1491 409 1526 482 5}

189 492 273 545 ἤδη
304 491 386 544 γάρ
417 490 511 533 ποτ’
549 491 632 546 ἐγὼ
663 490 734 533 καὶ
766 491 958 558 ἀρείοσιν
988 491 1117 547 ἠέπερ
1149 493 1253 547 ὑμῖν
1516 489 1526 572 i

190 549 404 604 ἀνδράσιν
434 550 630 604 ὡμίλησα
661 553 703 591 et
732 551 894 604 rellqua
1518 573 1526 613 «Ξ

131 633 173 672 et
204 630 307 672 alibi

191 709 283 753 αὔθ’
320 707 376 761 ὦς
406 711 607 766 ἡβώοιμι,
638 714 712 766 βιή
745 710 796 754 δέ
823 728 897 767 μοι
929 713 1112 766 ἔμπεδος
1141 717 1206 767 εἴη
1514 681 1526 784 *i

65 792 119 835 15
134 795 176 834 et
214 793 445 847 sequentia.
507 792 723 848 Vergilius
761 807 883 835 omne
921 793 1002 836 hoc
1033 807 1166 849 genus
1196 793 1457 848 pulcherime
1477 808 1511 834 ιο

132 851 369 892 aemulatus
401 852 467 892 est

189 945 291 973 nam
322 931 495 973 memini
526 930 741 974 Hesionae
772 931 980 973 uisentem
1011 945 1143 987 regna
1174 933 1334 974 sororis

190 989 579 1031 Laomedontiaden
613 989 829 1032 Priamum

134 1049 177 1088 et

193 1107 319 1159 atque
351 1105 544 1159 equidem
576 1106 751 1146 memini
782 1105 988 1152 Teucrum
1021 1104 1177 1147 Sidona
1206 1106 1350 1147 uenire

135 1165 179 1204 et

1478 1116 1512 1152 1⁵·

193 1220 330 1275 qualis
361 1235 476 1262 eram
508 1235 602 1262 oum
632 1221 815 1275 primam
847 1220 978 1263 aciem
1003 1220 1228 1262 Praeneste
1260 1221 1337 1263 sub
1363 1221 1458 1276 ipsa
1514 1267 1517 1276 A

195 1278 329 1319 straui
1512 1279 1513 1282 ’

67 1360 121 1402 16
137 1362 178 1401 et
220 1359 270 1401 de
313 1359 430 1401 furto
473 1360 542 1401 uel
584 1374 723 1413 poena
760 1358 860 1402 Caci
896 1361 989 1402 tota
1024 1359 1224 1402 narratio.
1282 1374 1359 1402 nec
1390 1374 1459 1402 ue-

135 1418 374 1460 tustissima
410 1417 561 1470 tacuit,
599 1418 701 1472 quin
738 1419 780 1459 et
815 1418 910 1472 ipsa
945 1418 1121 1460 notitiae
1158 1420 1330 1459 nostrae
1362 1433 1457 1461 auc-

134 1476 239 1518 toris
272 1476 336 1518 sui
366 1475 559 1517 imitator
590 1477 805 1532 ingereret

192 1570 375 1612 namque
404 1556 549 1598 ferunt
578 1557 697 1599 luctu
728 1555 923 1613 Cygnum
953 1555 1232 1598 Phaethontis
1264 1557 1396 1598 amati

136 1639 179 1679 et
210 1637 376 1679 similia.

66 1718 148 1761 XV
249 1718 335 1760 Vbi
359 1733 461 1760 uero
487 1721 786 1760 enumerantur
811 1718 982 1773 auxilia,
1007 1732 1131 1773 quem
1151 1718 1301 1760 Graeci
1321 1722 1460 1761 cata·
1508 1756 1510 1758 .

135 1777 304 1830 logum
341 1779 514 1828 uocant,
550 1777 727 1818 eundem
758 1779 972 1818 auctorem
1004 1791 1126 1818 suum
1157 1779 1334 1818 conatus
1364 1777 1457 1819 imi·
1478 1797 1508 1826 2v

137 1834 221 1876 tari
262 1835 306 1874 in
347 1848 434 1875 non
476 1834 604 1875 nullis
649 1835 867 1888 paululum
911 1849 936 1876 a
979 1834 1193 1890 grauitate
1229 1834 1462 1877 Homerica
1507 1887 1509 1894 Α

232 1952 252 1983 6
278 1948 319 1982 11.
345 1949 373 1982 Α
398 1951 467 1983 260
556 1953 576 1983 9
601 1949 643 1983 ΙΙ.
670 1950 696 1983 Η
725 1951 790 1984 157
888 1952 930 1983 12
955 1948 1045 1983 Aen.
1072 1948 1156 1982 VIII
1183 1951 1247 1982 157
1345 1952 1387 1983 15
1411 1949 1461 1984 ib.

138 1995 154 2029 I
179 1997 246 2029 619
321 1998 363 2029 17
389 1994 438 2030 ib.
463 1994 548 2029 VIII
573 1998 638 2030 561
715 1998 756 2029 19
782 1994 831 2031 ib.
859 1995 942 2029 VIII
969 1999 1034 2030 193
1106 1998 1149 2029 22
1174 1994 1264 2030 Aen.
1290 1995 1323 2029 X
1350 1998 1414 2030 189

234 2103 249 2133 1
279 2099 399 2135 calcar
416 2100 452 2134 P
559 2099 661 2144 genis
683 2097 732 2134 P'
846 2102 867 2133 6
894 2100 1227 2134 ΗΔΗΓΑΡΤΕΓωΚΙ
1253 2099 1462 2134 ΑΡΕΤΟΕΙΝ

141 2181 249 2216 ΗΕΡΕ
271 2184 275 2225 Ι
297 2183 446 2217 ΠΥΜΙΝ
475 2182 511 2215 Ρ
604 2184 623 2215 ’1
650 2181 853 2216 commea
873 2180 909 2215 Ρ
995 2183 1015 2214 9
1041 2147 1402 2234 ΛΙῼΪΟΕΝΗΒΟᾎΙΟΙΜΙ
1430 2180 1467 2214 Ρ
1493 2175 1495 2178 ⁴

141 2228 335 2263 ΜΠΕΔΟ(
363 2229 398 2263 Ρ
485 2231 527 2263 17
552 2226 718 2273 preneste
744 2226 781 2260 P
871 2230 912 2261 18
938 2226 1097 2262 Ππα*ω
1124 2227 1212 2271 (uid.
1238 2227 1349 2270 fuzsse
1372 2226 1403 2270 t)
1429 2225 1467 2260 P

135 2276 184 2308 ,19
210 2285 305 2320 pena
323 2275 359 2310 P
427 2277 472 2309 20
497 2286 562 2319 qui
583 2275 588 2319 Ι
609 2283 675 2308 nec
701 2272 779 2318 ipsa
800 2273 836 2308 P
904 2276 948 2308 22
975 2276 1070 2318 cynfi
1094 2272 1277 2318 phSmntil'
1297 2273 1410 2308 amati
1431 2271 1467 2306 P
1485 2286 1498 2322 'j
