1526 2444
476 36 545 72 XII
571 39 709 72 14—16
746 36 833 73 XIII
858 40 949 73 1-7
1301 37 1385 80 627

44 155 188 201 quam
232 159 292 187 ne
322 146 516 188 moueri
558 145 759 200 quidem
803 145 1013 200 desinit,
1062 145 1183 201 quin
1228 146 1386 189 etiam

42 203 250 258 ceteris,
300 218 426 260 quae
469 207 756 259 mouentur,
803 204 884 246 hic
926 203 1060 260 fons,
1109 204 1202 247 hoc
1245 205 1385 261 prin-

43 263 234 319 cipium
283 265 361 305 est
406 263 655 306 mouendi.
727 263 972 319 principii
1023 265 1190 306 autem
1238 264 1424 309 nulla2

43 324 122 364 est
166 321 322 378 origo.
392 337 505 364 nam
548 336 571 364 e
614 322 869 378 principio
914 322 1154 365 oriuntur
1198 323 1385 379 omnia,

42 379 208 435 ipsum
258 382 425 423 autem
474 381 616 423 nulla
665 395 722 423 ex
764 395 815 423 re
861 381 965 423 alia
1008 381 1151 423 nasci
1194 385 1383 438 potest,

11 452 132 488 ¹nec
164 439 295 481 enim
327 442 462 482 esset
492 439 541 481 id
567 440 896 495 principium,
929 440 1058 495 quod
1085 440 1386 496 gigneretur

42 497 262 541 aliunde.
325 499 456 554 quod
494 499 536 541 si
572 513 671 541 non
708 499 890 553 oritur,
926 513 1017 541 nec
1053 499 1245 542 occidit
1275 501 1425 555 qui-3

41 555 149 598 dem
187 571 435 612 umquam.
494 572 606 600 nam
638 557 949 612 principium
981 558 1264 600 extinctum
1294 573 1384 602 nec

0 613 207 670 {ipsum
265 616 325 658 ab
382 616 484 659 alio
539 618 855 668 renascetur,
911 631 1000 659 nec
1049 631 1106 658 ex
1149 631 1200 659 se
1244 618 1384 660 aliud

42 674 258 729 creabit,
314 676 356 717 si
412 675 613 731 quidem
669 689 875 718 necesse
925 678 1004 718 est
1053 690 1077 717 a
1124 676 1382 732 principio

12 732 170 775 ι01111
207 734 386 776 omnia.
453 734 527 776 ita
563 734 647 788 fit,
683 736 737 776 ut
773 735 937 776 motus
974 735 1286 790 principium
1326 738 1425 779 ex4

41 805 100 834 eo
134 792 219 843 sit,
252 792 383 847 quod
414 794 579 847 ipsum
611 807 636 834 a
669 806 720 834 se
746 795 997 848 mouetur,
1026 792 1075 834 id
1101 795 1268 835 autem
1293 808 1383 837 nec

0 880 7 898 2
40 850 188 892 nasci
218 853 393 905 potest
421 865 510 893 nec
540 851 686 907 mori,
715 851 798 893 uel
831 851 1068 893 concidat
1099 866 1241 893 omne
1272 866 1382 895 cae-

5 908 146 967 'lum
195 910 462 964 omnisque
512 912 718 964 natura,
768 913 817 951 et
866 911 1128 952 consistat
1174 925 1382 954 necesse

41 969 140 1022 est,
177 981 266 1010 nec
305 969 405 1010 uim
441 969 601 1010 ullam
638 968 987 1024 nanciscatur,
1031 983 1127 1024 qua
1165 984 1190 1011 a
1219 971 1382 1025 primo

40 1026 251 1081 inpulsu
293 1030 568 1069 moueatur.
637 1042 745 1069 cum
782 1030 961 1083 pateat
997 1027 1175 1083 igitur,
1220 1029 1424 1073 aeter-5

8 1094 10 1098 “
39 1099 157 1127 1111111
195 1085 246 1126 id
277 1100 406 1141 esse,
444 1086 572 1140 quod
603 1086 771 1153 ipsum
803 1100 853 1128 se
884 1089 1106 1139 moueat,
1142 1087 1255 1142 quis
1288 1091 1382 1142 est,

41 1145 126 1199 qui
157 1143 286 1186 hanc
315 1148 550 1187 naturam
582 1145 763 1187 animis
789 1159 900 1187 esse
925 1145 1174 1188 tributam
1197 1147 1381 1203 neget?

0 1197 6 1258 ξ
39 1202 320 1245 inanimum
354 1205 432 1245 est
463 1204 593 1246 enim
625 1218 786 1260 omne,
817 1204 947 1259 quod
971 1205 1123 1259 pulsu
1149 1205 1382 1260 agitatur

0 1262 271 1320 bexterno,
298 1262 432 1317 quod
460 1264 627 1305 autem
652 1265 731 1304 est
756 1262 960 1318 animal,
985 1263 1035 1305 id
1059 1266 1199 1306 motu
1218 1264 1382 1307 cietur

0 1314 8 1359 ἱ
38 1319 291 1363 interiore
323 1324 373 1363 et
404 1335 512 1373 suo,
549 1336 662 1363 nam
694 1322 817 1364 haec
848 1325 925 1363 est
955 1323 1165 1377 propria
1196 1326 1381 1365 natura

0 1363 5 1455 ξ
39 1379 195 1421 animi
233 1381 384 1435 atque
415 1380 505 1422 uis.
567 1395 694 1435 quae
727 1380 771 1422 si
802 1382 879 1422 est
910 1395 1008 1422 una
1039 1394 1096 1422 ex
1128 1381 1380 1436 omnibus,

0 1447 166 1493 :quae
204 1452 255 1480 se
291 1438 405 1494 ipsa
441 1442 661 1494 moueat,
697 1453 857 1495 neque
894 1442 1015 1482 nata
1051 1442 1187 1482 certe
1225 1442 1302 1482 est
1332 1445 1381 1482 et

0 1494 4 1532 ,³
39 1499 247 1539 aeterna
285 1500 375 1540 est.
437 1499 576 1540 omnis
613 1473 686 1540 hic
723 1499 842 1541 locus
874 1498 925 1540 de
956 1497 1150 1541 Phaedro
1181 1498 1420 1543 Platonis6

0 1567 19 1596 s
39 1555 92 1597 ad
123 1556 302 1599 uerbum
334 1571 359 1598 a
384 1555 588 1600 Cicerone
612 1557 851 1599 translatus
877 1559 954 1612 est,
985 1558 1031 1599 in
1057 1571 1140 1612 quo
1167 1557 1379 1600 ualidissi-

0 1656 3 1671 ἑ
35 1614 118 1656 mis
149 1615 415 1671 argumentis
445 1615 613 1658 animae
638 1616 928 1658 inmortalitas
953 1616 1176 1670 adseritur,
1207 1619 1250 1658 et
1274 1616 1380 1659 haec

0 1702 2 1707 ·
37 1675 104 1715 est
146 1677 500 1729 argumentorum
543 1689 727 1726 summa,
771 1689 864 1717 esse
905 1675 1091 1717 animam
1128 1675 1282 1718 mortis
1319 1676 1380 1717 in—

0 1746 2 1769 ῑ
35 1745 222 1787 munem,
251 1734 455 1788 quoniam
481 1748 531 1776 ex
557 1748 602 1776 se
628 1737 837 1776 mouetur.
886 1734 1107 1776 sciendum
1132 1736 1198 1776 est
1222 1736 1379 1788 autem,
1394 1736 1418 1777 7

0 1844 2 1846 v
37 1790 150 1844 quod
205 1791 372 1835 duobus
425 1792 563 1835 modis
613 1792 904 1835 inmortalitas
952 1792 1231 1848 intellegitur.
1305 1797 1381 1835 aut

129 1945 175 1977 24
199 1954 236 1987 p.
263 1946 331 1978 245
357 1943 397 1988 C,
424 1953 503 1987 cap.
529 1945 574 1977 24

130 2087 151 2118 6
177 2082 269 2118 erret
286 2086 435 2129 praeter
459 2082 501 2118 es
520 2083 562 2118 in
584 2093 658 2119 ras.
682 2084 725 2119 in
749 2082 787 2118 P
864 2087 885 2119 9
910 2083 1080 2119 nascetur
1104 2084 1142 2119 P
1222 2088 1265 2120 14
1290 2095 1377 2120 con-

36 2127 137 2166 sistat
161 2129 192 2165 &
219 2130 256 2165 Ρ
326 2133 370 2166 15
396 2134 471 2174 qua
498 2130 535 2165 P
606 2132 650 2166 16
674 2129 843 2177 imlpulsa
866 2130 904 2166 P
972 2134 1018 2166 20
1043 2131 1195 2167 extrena
1219 2142 1310 2168 corr.
1337 2133 1379 2167 in

34 2177 186 2212 extreno
210 2177 253 2213 in
279 2177 316 2212 P
426 2176 480 2212 est
503 2187 629 2213 anima
652 2177 691 2213 P
799 2178 933 2223 citetur
961 2178 998 2212 P
1109 2181 1152 2214 21
1180 2178 1211 2214 81
1234 2189 1300 2215 om.
1326 2176 1377 2214 P'

35 2227 81 2259 24
105 2223 257 2272 fedi-one
281 2224 356 2260 PB
438 2228 483 2260 26
507 2228 542 2260 et
565 2227 610 2260 29
634 2225 900 2261 immortalitas
920 2225 991 2260 PB
1075 2229 1120 2262 26
1146 2225 1318 2263 assentur
1341 2226 1378 2261 B

35 2274 81 2306 27
105 2271 247 2307 summa
271 2273 575 2317 argumentorum
599 2271 637 2307 B
720 2276 764 2309 29
789 2272 1016 2318 intelhgitur
1039 2272 1076 2307 B

1022 2331 1095 2367 40*
