1526 2444
158 61 245 103 514
457 61 605 97 COMM.
630 62 683 97 IN
707 61 850 98 SOMN.
875 62 987 98 SCIP.
1012 63 1142 99 LIBRI
1165 65 1182 99 Ι

161 167 444 209 anfractum
476 170 650 221 propter
681 168 843 210 zodiaci
875 169 1093 223 ambitum,
1123 169 1352 223 reditum,
1383 170 1482 224 quia

160 226 306 267 eadem
346 226 470 280 signa
505 239 581 278 per
623 239 756 267 annos
794 226 984 281 singulos
1022 229 1136 268 certa
1172 227 1266 281 lege
1297 228 1483 269 metitur.

3 299 29 307 ..ι

0 310 11 338 Γ
90 305 177 348 VII
278 305 358 347 Hie
391 305 563 359 quidam
594 306 814 361 mirantur,
845 307 945 361 quid
977 307 1058 348 sibi
1087 308 1191 348 uelit
1220 308 1304 349 ista
1335 308 1452 349 dubi-

157 364 284 416 tatio,
322 363 364 404 si
402 363 667 417 effugeris,
704 365 825 418 quasi
859 365 1047 418 potuerit
1083 350 1226 406 ‹sfffina
1269 365 1410 407 anima
1441 368 1483 407 et

160 421 264 462 olim
289 421 404 462 eaelo
434 421 599 462 reddita
630 424 756 475 atque
785 421 855 462 hic
886 422 1068 463 maxime
1100 422 1319 463 scientiam
1349 423 1483 464 futuri
1517 435 1526 460 ε

159 478 351 532 professa
381 479 566 532 nescire,
604 479 794 532 possitne
829 493 962 532 nepos
999 494 1099 520 suus
1130 494 1184 520 an
1221 494 1308 521 non
1345 481 1483 534 possit

162 536 352 578 euadere:
388 536 460 577 sed
484 550 571 577 non
598 536 836 589 aduertunt,
865 536 973 578 hano
999 536 1155 578 habere
1179 537 1317 592 legem
1343 538 1484 580 omnia

64 595 135 661 Q>
163 595 232 635 uel
263 595 387 648 signa
417 594 485 635 uel
517 594 698 644 somnia,
729 596 777 635 ut
808 594 857 635 de
880 594 1077 636 'aduersis
1109 595 1278 649 oblique
1310 597 1384 636 aut
1415 595 1484 637 de-

19 655 84 710 ζῇψ
122 653 148 693 2
165 651 364 693 nuntient
390 653 464 693 aut
490 652 702 692 minentur
727 653 801 693 aut
825 654 1039 694 moneant.
1088 654 1131 693 et
1160 652 1252 693 ideo
1279 653 1483 707 quaedam

161 709 348 751 cauendo
380 710 626 761 transimus,
658 709 742 750 alia
768 710 979 751 exorando
1011 712 1054 750 et
1083 709 1246 757 litando
1271 710 1482 752 nitantur:
1503 720 1526 745 1‘

162 768 247 808 alia
272 769 371 808 sunt
389 767 690 819 ineluetabilia,
715 782 821 821 quae
840 768 957 808 nulla
976 769 1078 821 arte,
1101 767 1218 809 nullo
1238 770 1485 809 auertuntur

161 825 345 879 ingenio.
404 839 503 865 nam
534 824 607 865 ubi
639 824 870 866 admonitio
904 827 989 879 est,
1019 825 1246 878 uigilantia
1277 825 1483 867 cautionis

162 882 375 924 euaditur:
407 881 519 936 quod
551 881 779 935 adportant
808 883 964 936 minae,
993 882 1134 924 litatio
1165 883 1484 936 propitiationis

122 941 148 981 3
164 940 337 982 auertit:
362 954 594 994 numquam
620 940 866 981 denuntiata
890 942 1136 981 uanescunt.
1191 940 1261 981 hie
1285 940 1484 982 subicies:

163 997 274 1039 unde
300 998 433 1052 igitur
457 997 542 1038 ista
568 996 855 1051 discernimus,
884 999 933 1038 ut
956 998 1093 1052 possit
1118 997 1403 1039 cauendumne
1429 1012 1483 1039 an
1502 1008 1526 1034 ιε

164 1056 422 1097 exorandum
466 1069 520 1095 an
563 1069 663 1096 uero
707 1055 955 1109 patiendum
995 1055 1052 1096 sit
1089 1055 1372 1108 deprehendi?
1412 1056 1486 1096 sed

163 1113 399 1167 praesentis
445 1112 585 1166 operis
625 1112 752 1154 fuerit
799 1113 1030 1167 insinuare,
1079 1113 1217 1166 qualis
1263 1113 1399 1154 soleat
1441 1113 1486 1154 in

164 1170 500 1212 diuinationibus
527 1170 722 1211 affectata
753 1170 957 1224 confusio,
986 1173 1034 1211 ut
1059 1170 1226 1211 desinas
1251 1170 1301 1211 de
1325 1171 1486 1212 inserta

164 1229 284 1270 uelut
309 1227 575 1269 dubitatione
600 1228 763 1269 mirari:
794 1230 978 1269 ceterum
1002 1228 1047 1268 in
1074 1242 1149 1270 suo
1170 1242 1335 1282 quoque
1361 1242 1486 1282 opere

167 1286 342 1327 artificis
375 1286 456 1326 erit
487 1285 612 1339 signa
643 1299 861 1339 quaerere,
900 1286 1053 1339 quibus
1083 1286 1168 1327 ista
1199 1285 1420 1340 discernat,
1451 1286 1487 1327 si
1505 1296 1526 1322 ²*

166 1344 248 1385 hoc
279 1344 345 1385 uis
378 1343 523 1384 diuina
553 1357 637 1384 non
667 1343 845 1398 inpedit3
875 1357 974 1385 nam
1005 1343 1126 1384 illud:

467 1423 696 1477 prohibent
725 1437 824 1465 nam
857 1426 996 1465 cetera
1027 1423 1184 1465 Pareae

225 1496 346 1535 sclre,

164 1563 354 1605 Maronis
392 1564 457 1604 est
493 1576 543 1603 ex
586 1562 738 1603 intima
781 1561 1028 1615 disciplinae
1069 1561 1356 1616 profunditate
1396 1575 1486 1603 sen·
1523 1608 1526 1615 ι

124 1621 314 1663 4tentia.
387 1619 616 1674 diuulgatis
666 1620 794 1661 etiam
848 1619 1045 1661 doeemur
1096 1619 1313 1674 exemplis,
1361 1620 1526 1673 quamn}

166 1692 300 1734 paene
344 1692 528 1731 semper,
571 1691 667 1718 cum
710 1677 1006 1731 praedicuntur
1047 1677 1206 1729 futura,
1249 1678 1309 1718 ita
1346 1677 1485 1719 dubiis
1522 1695 1523 1698 ¹

168 1737 464 1788 obseruantur,
495 1737 542 1775 ut
578 1737 723 1776 tamen
759 1735 938 1790 diligens
970 1758 1027 1764 —
1063 1735 1146 1775 nisi
1183 1735 1404 1788 diuinitus,
1439 1737 1487 1776 ut
1516 1753 1526 1790 ,T‘

260 1888 302 1918 22
329 1884 419 1918 Aen.
444 1883 495 1917 III
520 1887 587 1918 379

1510 1866 1526 1975 ἒ

262 2024 282 2055 6
306 2020 393 2075 poss
398 2030 420 2056 *
432 2020 464 2056 1t
487 2031 532 2055 ne
559 2022 614 2065 (in
638 2032 708 2057 ras.
734 2022 800 2057 uid
823 2021 934 2064 fuisse
958 2022 991 2065 c)
1016 2021 1053 2056 P
1149 2025 1168 2056 7
1196 2022 1367 2056 auertunt
1391 2023 1488 2066 (tunt
1508 1998 1526 2047 ⁷⁵·

167 2068 211 2102 in
234 2068 320 2111 ras.)
347 2064 393 2102 B'
489 2071 510 2101 8
537 2066 674 2101 auersis
695 2065 744 2101 P'
841 2071 884 2102 10
910 2067 1073 2103 cauenda
1097 2067 1144 2102 P'
1242 2071 1283 2101 11
1309 2067 1382 2103 aha
1407 2071 1490 2103 ante

169 2113 252 2147 sunt
275 2124 340 2148 om.
366 2113 401 2146 Β
489 2117 530 2147 12
556 2114 771 2148 ammomtio
797 2111 884 2149 P'B
971 2116 1013 2148 13
1040 2124 1103 2157 qui
1125 2111 1183 2158 B',
1209 2114 1334 2149 demde
1359 2124 1489 2159 appor-

118 2169 123 2172 ·
167 2160 252 2194 tant
275 2160 311 2194 Β
397 2162 440 2192 14
466 2159 682 2195 denuntiata
706 2170 770 2195 om.
797 2157 978 2194 P'15
1004 2160 1253 2196 cauendumue
1276 2164 1318 2196 ut
1339 2161 1416 2196 uid.
1441 2159 1495 2194 B'*

169 2209 213 2240 17
233 2205 304 2240 fu1t
323 2205 359 2240 B
430 2205 536 2249 quale
556 2205 593 2240 B
666 2209 708 2241 18
728 2205 799 2241 esse
817 2210 900 2243 ante
920 2206 1094 2242 affectata
1117 2207 1199 2243 add.
1219 2206 1256 2241 B
1325 2210 1367 2241 19
1386 2206 1490 2242 uelut

169 2261 234 2287 om.
261 2252 298 2287 Β
368 2255 410 2287 21
436 2251 592 2297 impedit
610 2263 639 2297 p
