1526 2444
118 60 206 101 394
636 59 736 97 SAT.
754 58 884 94 LIBRI
904 59 953 95 VI

178 165 356 207 candida
406 165 661 207 succinctam
709 165 964 208 latrantibus
1012 165 1187 220 inguina
1235 165 1436 206 monstris

177 222 398 265 Dulichias
429 237 604 264 uexasse
635 226 767 278 rates3

119 318 327 344 uexasse
366 303 478 344 enim
512 304 688 345 uerbum
720 305 784 345 est
813 304 919 345 leuis
951 318 999 345 ac
1029 303 1152 357 parui
1183 303 1437 344 incommodi

119 375 195 402 nec
226 363 315 402 tam
347 361 478 403 atroci
512 361 628 403 casui
653 375 899 415 congruens,
931 375 1023 402 cum
1047 363 1218 414 repente
1243 360 1436 402 homines

78 420 108 461 5
122 434 147 460 a
171 419 296 460 belua
320 419 629 460 immanissima
647 420 759 472 rapti
778 419 1012 473 laniatique
1033 419 1129 459 sint.
1173 418 1244 459 sed
1264 421 1306 459 et
1324 418 1437 460 aliud

121 476 296 518 huiusce
326 476 442 518 modi
473 476 729 530 deprehendi

400 557 493 611 quis
526 559 599 598 aut
627 557 866 610 Eurysthea
897 557 1044 597 durum

179 617 254 656 aut
284 615 491 656 inlaudati
523 615 658 656 nescit
687 613 894 656 Busiridis
927 614 1050 655 aras?

121 695 201 737 hoc
244 696 356 737 enim
399 696 575 737 uerbum
618 695 870 736 inlaudati
913 709 999 736 non
1042 696 1106 735 est
1147 693 1343 735 idoneum
1387 693 1438 734 ad
1500 732 1505 735 ,

121 753 435 806 exprimendam
462 753 776 795 sceleratissimi
801 753 986 794 hominis
1007 751 1342 802 detestationem,
1367 752 1439 806 qui
1500 767 1503 771 ·

123 811 235 865 quod
264 811 459 852 homines
492 812 680 852 omnium
712 811 902 865 gentium
927 810 1145 851 immolare
1172 809 1321 850 solitus
1346 809 1439 863 fuit,

121 882 207 910 non
249 869 371 910 laude
408 868 609 923 indignus
647 868 718 910 sed
756 868 1033 909 detestatione
1070 867 1440 920 exsecrationeque
1501 916 1504 917 ⁷

79 931 107 972 6
122 926 252 967 totius
277 927 452 967 humani
478 927 641 980 generis
667 926 817 980 dignus
844 927 918 966 est.
969 924 1040 966 sed
1065 938 1140 965 nec
1163 924 1243 965 hoc
1262 924 1440 965 uerbum

123 998 172 1024 ex
204 983 425 1039 diligentia
455 984 705 1038 Vergiliana
728 984 870 1025 uenire
902 983 1006 1024 mihi
1037 982 1205 1023 uidetur

329 1079 404 1118 per
433 1065 621 1106 tunicam
653 1064 915 1118 squalentem
948 1076 1062 1104 auro.

120 1159 207 1187 non
231 1145 342 1186 enim
369 1145 569 1187 conuenit
594 1145 729 1186 dicere
755 1158 873 1185 auro
900 1143 1216 1197 squalentem
1242 1143 1442 1196 quoniam
1503 1169 1506 1171 Δ

122 1203 253 1245 nitori
276 1203 571 1257 splendorique
592 1202 683 1244 auri
702 1201 912 1243 contraria
931 1201 988 1242 sit
1006 1200 1215 1255 squaloris
1234 1199 1442 1242 inluuies?
1496 1236 1499 1238 .

82 1266 106 1306 7
237 1260 296 1301 Et
338 1259 507 1302 Seruius
559 1259 624 1301 ‘de
672 1260 802 1301 uerbo
846 1272 1055 1300 uexasse
1097 1258 1157 1299 ita
1198 1258 1444 1311 responderi
1498 1281 1500 1284 >

122 1332 249 1372 posse
281 1318 475 1360 arbitror.
522 1331 699 1359 uexasse
731 1329 860 1371 graue
885 1316 1060 1358 uerbum
1086 1318 1152 1357 est
1175 1317 1442 1370 tractumque

124 1377 177 1417 ab
209 1390 258 1418 eo
288 1375 468 1430 uidetur,
499 1375 610 1429 quod
636 1378 700 1416 est
724 1375 925 1427 uehere,
956 1374 999 1414 in
1025 1388 1107 1428 quo
1132 1374 1244 1415 inest
1267 1373 1351 1414 iam
1376 1373 1441 1415 uis
1464 1391 1499 1406 1·

124 1434 329 1488 quaedam
361 1434 490 1475 alieni
521 1433 705 1487 arbitrii3
736 1447 822 1474 non
853 1432 964 1473 enim
996 1432 1060 1473 sui
1088 1434 1240 1484 potens
1266 1433 1341 1484 est,
1373 1431 1444 1485 qui

123 1491 304 1533 uehitur.
363 1505 544 1533 uexare
583 1493 741 1541 autem,
782 1490 892 1545 quod
924 1504 974 1531 ex
1005 1503 1054 1530 eo
1084 1489 1336 1530 inclinatum
1367 1490 1445 1542 est,

82 1550 166 1595 Sui
209 1552 334 1603 atque
372 1552 490 1591 motu
526 1549 673 1603 procul
710 1548 836 1590 dubio
873 1547 1059 1589 uastiore
1096 1549 1172 1588 est.
1237 1561 1336 1587 nam
1373 1546 1446 1600 qui
1499 1558 1501 1561 ’

126 1607 260 1649 fertur
298 1609 341 1648 et
375 1609 569 1661 raptatur
606 1609 732 1660 atque
767 1606 851 1648 huc
888 1607 931 1646 et
964 1605 1065 1646 illuc
1101 1604 1368 1658 distrahitur,
1407 1603 1443 1645 is

126 1665 273 1707 uexari
297 1665 465 1719 proprie
491 1664 653 1719 dicitur,
684 1664 808 1706 sicuti
831 1665 1005 1704 taxare
1030 1662 1215 1716 pressius
1242 1662 1443 1703 crebrius·

129 1737 208 1776 que
247 1727 312 1764 est
349 1737 475 1776 quam
511 1725 735 1776 tangere,
771 1721 880 1762 unde
914 1720 958 1762 id
988 1720 1136 1774 procul
1167 1719 1294 1760 dubio
1325 1718 1445 1760 incli-
1492 1720 1496 1770 j

128 1782 277 1821 natum
321 1783 403 1835 est,
447 1782 489 1821 et
525 1780 719 1821 iactare
755 1779 891 1820 multo
930 1777 1066 1819 fusius
1103 1777 1345 1832 largiusque
1381 1778 1447 1818 est
1501 1820 1503 1822 ,

130 1852 256 1892 quam
275 1838 458 1891 iacere,
477 1838 587 1879 uncle
606 1838 650 1879 id
663 1837 840 1879 uerbum
854 1836 1093 1877 traductum
1108 1837 1184 1889 est,
1204 1847 1445 1889 quassare
1495 1840 1497 1842 ’

85 1895 258 1941 9etiam
295 1910 421 1950 quam
453 1898 660 1949 quatere
692 1894 864 1950 grauius
894 1893 1205 1946 uiolentiusque
1237 1894 1312 1933 est.
1360 1906 1447 1933 non
1494 1909 1500 1930 ι

127 1953 269 2006 igitur,
301 1953 399 2006 quia
429 1953 560 2008 uulgo
586 1953 668 1994 dici
694 1953 803 1994 solet
826 1954 1026 1992 uexatum
1052 1964 1154 2004 esse,
1179 1963 1303 2005 quem
1327 1949 1444 1991 fumo

127 2013 202 2051 aut
225 2017 352 2051 uento
379 2013 453 2051 aut
478 2011 664 2065 puluere,
694 2011 918 2064 propterea
949 2009 1073 2050 debet
1103 2009 1168 2049 uis
1193 2022 1296 2049 uera
1322 2009 1447 2061 atque
1486 2059 1489 2064 Ι

222 2138 240 2168 1
268 2134 382 2178 eclog.
408 2134 457 2169 VI
483 2138 525 2169 75
599 2137 618 2168 7
645 2134 777 2179 Georg.
802 2133 853 2167 ΙΙΙ
878 2138 898 2168 4
971 2137 1014 2167 15
1041 2135 1128 2168 Aen.
1157 2132 1186 2167 X
1212 2135 1280 2167 314

223 2254 243 2285 7
268 2249 448 2286 eunrthea
476 2250 512 2284 P
581 2253 625 2284 30
651 2250 724 2284 dlcl
748 2253 789 2285 ut
811 2250 887 2285 uid.
913 2260 1002 2285 corr.
1028 2249 1070 2284 in
1094 2248 1228 2284 d1c1tur
1251 2247 1291 2282 in
1316 2247 1352 2281 P
