1526 2444
620 79 691 116 1111
715 83 855 116 11—23
1330 79 1416 121 421

71 189 155 233 dici
185 189 353 245 meruit,
387 188 510 245 quasi
542 203 669 232 omne
695 188 857 231 animal
884 188 1000 231 solus
1027 188 1284 245 gubernans,
1314 202 1417 230 nam

71 248 108 291 si
147 250 386 306 aegrescat,
422 248 516 291 uita
550 249 597 290 in
636 247 814 303 ancipiti
845 250 911 290 est
941 247 1158 291 titubante
1190 246 1418 290 alimoniae

3 338 6 341 <
70 310 235 363 meatu,
270 308 337 350 cui
376 309 533 350 natura
569 309 795 363 tamquam
827 307 1010 350 rationis
1043 307 1192 362 capaci
1225 306 1336 349 uelle
1368 321 1418 348 ac

70 367 186 410 nolle
232 366 480 409 contribuit.
553 366 730 409 inferius
773 381 876 409 uero
920 366 1156 409 demissum
1198 365 1416 408 intestinis

34 444 50 470 5
71 425 366 469 adiacentibus
391 426 608 480 inseritur,
640 429 683 468 et
707 425 805 468 inde
831 425 904 468 uia
929 428 996 468 est
1021 426 1254 482 egerendis.
1312 438 1414 481 ergo
1434 425 1488 467 18

69 485 115 527 in
165 487 313 528 uentre
355 485 408 527 fit
451 485 593 540 prima
636 484 820 541 digestio
863 484 1023 527 uirtute
1068 484 1329 540 ἀλλοιωτικῇ
1371 485 1416 526 in

59 559 219 594 sucum
268 546 463 587 uertente
511 544 711 600 quicquid
756 546 979 599 acceptum
1023 547 1108 598 est,
1158 544 1277 586 cuius
1321 543 1420 586 faex

70 604 323 646 retrimenta
361 606 480 658 sunt,
518 617 626 659 quae
664 617 741 659 per
777 603 983 645 intestina
1020 603 1222 646 inferiore
1254 602 1418 645 orificio

70 662 268 705 tradente
318 663 543 718 labuntur,
593 665 636 705 et
685 661 828 705 officio
880 664 1059 717 quartae
1109 662 1301 716 uirtutis,
1351 662 1419 704 cui

18 740 52 766 ιο
71 721 329 778 ἀποκριτική
360 736 518 764 nomen
549 723 627 774 est,
658 723 912 776 procuratur
943 721 1119 776 egestio.
1170 734 1274 787 ergo
1300 721 1490 775 post-19

71 796 201 837 quam
231 782 278 824 in
310 795 457 824 sucum
483 780 603 823 cibus
628 780 899 835 reformatur,
929 780 1036 822 hic
1024 794 1112 822 1am
1139 779 1292 822 iecoris
1318 793 1420 821 cura

71 840 271 883 succedit.
334 843 400 882 est
431 842 575 882 autem
606 839 725 882 iecur
756 841 980 881 concretus
1013 839 1208 896 sanguis,
1249 841 1292 880 et
1322 838 1419 881 ideo

71 899 203 941 habet
233 899 429 942 natiuum
461 899 661 954 calorem,
693 898 806 954 quod
838 898 1082 941 confectum
1114 913 1263 940 sucum
1289 898 1421 940 uertit

73 958 118 1000 in
158 957 432 1014 sanguinem,
470 960 513 1000 et
549 958 661 1000 sicut
699 958 841 1000 cibum
879 957 925 999 in
957 972 1104 1000 sucum
1136 957 1248 1000 uerti
1278 957 1421 1011 prima

18 1032 53 1060 15
72 1019 151 1073 est,
180 1017 242 1059 ita
275 1032 423 1060 sucum
454 1017 639 1059 transire
670 1017 716 1059 in
742 1017 996 1073 sanguinem
1023 1016 1209 1059 secunda
1235 1016 1419 1072 digestio

71 1079 147 1118 est.
212 1076 328 1119 hunc
371 1076 488 1118 calor
524 1076 676 1118 iecoris
715 1076 1062 1118 administratum
1099 1090 1176 1132 per
1213 1089 1418 1118 uenarum
1434 1075 1491 1117 20

70 1135 240 1177 fistulas
272 1135 317 1177 in
351 1150 429 1178 sua
461 1150 654 1190 quaeque
685 1135 879 1178 membra
908 1135 1131 1191 dispergit,
1162 1137 1286 1190 parte
1311 1149 1420 1190 quae

72 1209 123 1237 cx
161 1194 343 1250 digestis
380 1194 662 1250 frigidissima
700 1197 765 1236 est
800 1195 846 1237 in
879 1195 1037 1237 lienem
1067 1194 1231 1250 refusa,
1267 1194 1340 1250 qui
1371 1196 1421 1236 ut

70 1253 187 1296 iecur
227 1253 384 1295 caloris
424 1253 488 1296 ita
523 1253 617 1308 ipse
655 1253 832 1310 frigoris
870 1253 1135 1296 domicilium
1173 1256 1250 1296 est.
1317 1253 1489 1296 11311121

14 1326 55 1354 >80
74 1312 169 1354 ideo
217 1327 367 1354 omnes
412 1312 612 1355 dexterae
655 1315 801 1368 partes
843 1312 1075 1355 ualidiores
1120 1315 1221 1355 sunt
1264 1315 1308 1354 et
1352 1312 1421 1354 de-

73 1371 252 1414 biliores
297 1371 516 1426 sinistrae,
560 1371 661 1426 quia
703 1372 783 1414 has
821 1371 936 1426 regit
972 1372 1089 1414 calor
1125 1371 1303 1414 uisceris
1343 1371 1421 1426 sui,

73 1430 173 1472 illae
200 1430 458 1486 contagione
484 1431 662 1486 frigoris
688 1430 866 1473 sinistra
892 1430 1130 1485 optinentis
1150 1430 1421 1472 hebetantur.

13 1523 20 1527 .
73 1490 119 1531 in
168 1489 288 1532 uenis
337 1493 480 1532 autem
525 1494 568 1531 et
612 1490 801 1544 arteriis,
851 1504 960 1545 quae
1005 1492 1107 1531 sunt
1149 1489 1422 1544 receptacula
1435 1490 1492 1531 22

75 1548 300 1604 sanguinis
333 1551 377 1591 et
408 1549 605 1603 spiritus,
639 1549 770 1591 tertia
800 1548 851 1591 fit
883 1548 1080 1604 digestio.
1140 1563 1243 1590 nam
1275 1562 1422 1603 accep-

0 1611 165 1650 nstum
199 1607 451 1662 sanguinem
484 1608 670 1663 quodam
702 1607 829 1650 modo
863 1607 1103 1663 defaecant,
1139 1610 1199 1660 et,
1232 1608 1345 1663 quod
1376 1608 1423 1649 in

74 1680 124 1709 eo
151 1680 358 1721 aquosum
385 1670 463 1722 est,
494 1681 627 1709 uenae
653 1667 700 1709 in
725 1667 915 1709 uesicam
939 1667 1189 1723 refundunt,
1212 1667 1422 1722 liquidum

73 1738 174 1767 uero
212 1740 451 1781 purumque
489 1728 533 1768 et
571 1726 738 1768 altilem
777 1725 1033 1782 sanguinem
1073 1726 1255 1781 singulis
1286 1727 1421 1768 totius

74 1784 266 1840 corporis
298 1785 503 1827 membris
534 1785 795 1841 ministrant,
826 1789 868 1827 et
899 1785 961 1827 ita
991 1786 1041 1827 fit
1065 1787 1126 1840 ut,
1157 1799 1253 1827 cum
1279 1786 1421 1828 eibum

74 1843 191 1885 solus
222 1845 375 1886 uenter
402 1844 608 1900 accipiat,
640 1844 844 1886 alimonia
874 1844 965 1886 eius
998 1843 1192 1900 dispersa
1221 1859 1298 1900 per
1328 1844 1421 1886 uni-

2 1915 222 1945 tsouersos
260 1902 552 1945 membrorum
590 1905 758 1945 meatus
797 1917 896 1945 ossa
934 1917 1101 1959 quoque
1137 1905 1181 1946 et
1211 1903 1421 1946 medullas

0 1959 1 1962 ’
75 1963 118 2003 et
159 1974 327 2017 ungues
371 1962 536 2004 nutriat
580 1964 623 2004 et
667 1962 860 2017 capillos.
932 1967 974 2004 et
1015 1962 1123 2005 haec
1164 1965 1230 2005 est
1269 1966 1421 2019 quarta
1436 1966 1493 2008 23

74 2019 273 2076 digestio,
305 2034 413 2076 quae
444 2020 492 2062 in
523 2020 706 2076 singulis
737 2021 943 2064 membris
969 2022 1031 2078 fit,
1063 2022 1176 2077 dum,
1207 2022 1323 2077 quod
1348 2023 1422 2064 uni

6 2113 7 2132 1
73 2079 224 2133 cuique
255 2079 447 2122 membro
479 2080 627 2122 datum
659 2082 737 2132 est,
768 2080 853 2135 ipsi
883 2081 1077 2124 membro
1108 2082 1159 2123 fit
1183 2082 1421 2124 nutrimen-

7 2152 9 2197 ]
72 2139 175 2179 tum.
242 2152 320 2180 nec
362 2140 509 2180 tamen
551 2139 651 2181 huic
695 2139 857 2182 totiens
904 2139 1126 2183 defaecato
1170 2141 1424 2183 retrimenta

9 2289 11 2328 }
167 2280 187 2312 6
213 2277 499 2314 ΑΛΛΟΙωΤΙΚΗΙ
524 2277 562 2313 Ρ
680 2282 699 2314 7
725 2279 787 2314 fex
813 2279 851 2314 P
963 2283 1007 2315 10
1032 2280 1364 2327 ΑΠΟΕΚᾸΚΡΙΤΙΚΗ
1392 2279 1430 2314 Ρ

10 2329 11 2334 ’
75 2326 117 2359 17
144 2334 254 2369 quoq.
280 2324 318 2360 P
384 2328 429 2361 26
455 2335 501 2361 ea
525 2325 562 2360 P
632 2328 677 2360 29
703 2327 842 2372 accipit
871 2326 922 2362 P'
