1526 2444
150 83 237 124 574
449 84 598 121 COMM.
623 84 674 119 IN
699 84 840 121 SOMN.
866 85 976 121 SCIP.
1003 84 1131 120 LIBRI
1154 84 1170 118 I

150 203 256 243 quae
306 190 513 232 influebat
562 193 705 231 amota
755 193 829 232 est.
901 204 994 232 cum
1042 190 1174 245 igitur
1222 191 1469 232 obseruatae
1520 173 1526 230 i3

151 247 299 288 stellae
349 249 434 288 itus
484 262 532 288 ac
579 247 738 289 reditus
787 249 1000 302 integram
1056 247 1316 303 significaret
1364 248 1469 289 caeli

150 305 491 358 conuersionem,
522 319 761 346 mensuram
799 306 880 346 sibi
916 305 1022 347 caeli
1058 306 1103 346 in
1134 319 1266 359 aquae
1309 305 1357 346 de
1393 305 1468 347 illo
1519 303 1526 379 i

82 362 136 404 15
149 361 264 402 fluxu
307 365 531 415 susceptae
575 363 814 417 quantitate
855 365 1100 416 posuerunt.
1166 363 1245 404 hac
1286 376 1387 416 ergo
1429 363 1474 404 in

152 421 296 472 partes
339 434 494 473 aequas
533 420 751 462 duodecim
789 421 866 461 sub
903 421 986 462 fida
1023 420 1284 462 dimensione
1324 420 1472 472 diuisa,

153 477 239 517 alia
282 476 363 518 duo
408 478 530 518 huius
573 479 821 532 capacitatis
865 481 1089 531 procurata
1125 481 1224 518 sunt
1262 492 1384 531 uasa,
1425 481 1473 518 ut

154 534 321 589 singula
364 537 530 576 tantum
575 535 764 589 singulas
802 535 853 576 de
899 535 984 576 illis
1022 535 1240 576 duodecim
1278 535 1471 588 partibus

153 592 330 645 ferrent,
357 595 532 646 totaque
568 607 714 634 rursus
752 607 861 647 aqua
896 591 942 633 in
979 607 1054 634 uas
1093 607 1215 634 suum
1245 593 1470 646 pristinum

152 649 359 691 foramine
395 650 513 704 prius
550 651 692 692 clauso
730 651 871 692 refusa
908 653 991 703 est,
1031 653 1073 691 et
1110 651 1159 691 de
1192 650 1355 691 duobus
1386 650 1470 691 illis

152 708 399 762 capacitatis
425 709 602 750 minoris
627 709 805 749 alterum
833 708 1101 749 subiecerunt
1126 708 1262 762 pleno,
1287 708 1468 748 alterum
1490 721 1502 746 ι

83 766 269 807 16iuxta
324 766 564 819 expeditum
610 769 890 820 paratumque
938 770 1178 820 posuerunt.
1239 765 1305 806 his
1353 780 1470 819 prae-

146 823 307 877 paratis
350 826 475 864 nocte
518 823 603 864 alia
645 824 690 864 in
730 824 851 865 illam
892 824 979 864 iam
1022 823 1128 864 caeli
1165 826 1348 878 partem,
1393 837 1467 876 per

147 895 274 935 quam
312 881 445 922 solem
475 881 700 935 lunamque
737 884 780 922 et
811 881 992 936 quinque
1028 894 1162 936 uagas
1200 895 1340 922 meare
1378 881 1467 921 diu-

146 941 270 979 turna
302 939 597 980 obseruatione
629 939 878 990 didicerant,
915 952 1122 992 quamque
1153 941 1302 991 postea
1331 938 1468 979 zodia-

147 1010 242 1036 cum
272 999 543 1049 uocauerunt,
574 1011 843 1037 ascensurum
875 997 1208 1037 obseruauerunt
1238 996 1366 1048 sidus,
1397 997 1463 1036 cui
1484 1010 1497 1035 1

80 1055 132 1096 17
146 1056 297 1107 postea
339 1068 493 1094 nomen
535 1053 696 1095 Arietis
747 1053 1007 1094 addiderunt.
1073 1053 1199 1095 huius
1241 1053 1467 1107 incipiente

148 1113 243 1151 ortu
281 1112 425 1152 statim
458 1111 646 1153 subiecto
683 1112 774 1153 uasi
807 1111 1099 1165 superpositae
1136 1125 1268 1165 aquae
1304 1111 1463 1152 fluxum

147 1168 360 1210 dederunt.
426 1169 536 1219 quod
571 1169 645 1210 ubi
682 1169 925 1222 conpletum
957 1171 1038 1221 est,
1070 1183 1167 1209 mox
1205 1183 1253 1210 eo
1291 1169 1461 1210 sublato

146 1226 358 1280 effusoque
385 1227 566 1268 alterum
597 1227 735 1268 simile
762 1227 1038 1280 subiecerunt,
1070 1226 1195 1268 certis
1227 1226 1361 1280 signis
1393 1227 1466 1267 ob-

147 1287 364 1324 seruanter
383 1298 431 1325 ac
450 1285 696 1326 memoriter
715 1284 929 1325 adnotatis
953 1284 1066 1325 inter
1084 1284 1172 1325 eius
1197 1284 1279 1325 loci
1305 1283 1464 1336 stellas,

146 1342 217 1395 qui
257 1342 472 1383 oriebatur
515 1357 610 1383 cum
646 1343 832 1396 primum
867 1356 944 1383 uas
985 1344 1097 1383 esset
1131 1342 1370 1395 impletum,
1404 1342 1466 1382 in-

145 1398 414 1454 tellegentes,
445 1399 555 1454 quod
587 1414 636 1441 eo
667 1403 873 1454 tempore,
904 1414 985 1453 quo
1023 1399 1156 1440 totius
1195 1413 1329 1454 aquae
1361 1398 1461 1440 duo·
1491 1412 1493 1414 ·

146 1457 306 1498 decima
335 1471 435 1511 pars
466 1457 607 1510 fluxit,
641 1472 739 1511 pars
777 1457 884 1499 caeli
925 1456 1171 1498 duodecima
1208 1456 1463 1498 conscendit.

80 1516 130 1557 18
146 1515 199 1555 ab
229 1514 303 1555 illo
330 1529 431 1570 ergo
458 1515 565 1568 loco,
591 1529 672 1570 quo
699 1515 799 1556 oriri
823 1515 1053 1568 incipiente
1079 1529 1188 1569 aqua
1213 1515 1256 1556 in
1281 1514 1464 1568 primum

148 1586 220 1613 uas
245 1573 384 1626 coepit
407 1573 591 1625 influere,
615 1587 747 1627 usque
768 1573 821 1614 ad
841 1573 994 1625 locum,
1019 1573 1091 1626 qui
1116 1573 1347 1625 oriebatur,
1371 1585 1464 1613 cum

145 1630 257 1671 idem
299 1631 482 1684 primum
525 1645 601 1672 uas
650 1631 914 1684 impleretur,
963 1630 1252 1671 duodecimam
1300 1632 1465 1683 partem

80 1689 131 1730 19
147 1688 264 1742 caeli,
289 1688 330 1729 id
351 1690 416 1729 est
439 1703 567 1730 unum
588 1689 758 1743 signum
783 1703 874 1729 esse
902 1688 1107 1729 dixerunt.
1154 1689 1257 1729 item
1283 1688 1463 1729 secundo

147 1759 246 1787 uase
275 1746 451 1799 impleto
484 1760 532 1787 ac
562 1760 662 1787 mox
690 1749 875 1788 retracto
900 1745 1007 1786 illud
1039 1746 1187 1799 simile,
1218 1745 1329 1799 quod
1361 1745 1462 1786 olim

146 1803 323 1844 effusum
348 1807 615 1857 parauerant,
639 1803 793 1845 iterum
813 1803 1088 1845 subdiderunt
1105 1804 1252 1844 notato
1271 1803 1463 1844 similiter

145 1861 257 1913 loco,
294 1862 367 1915 qui
405 1861 665 1916 emergebat,
707 1876 801 1903 cum
845 1861 1072 1902 secundum
1115 1874 1191 1902 uas
1233 1863 1345 1902 esset
1386 1861 1460 1901 im-

144 1919 317 1972 pletum,
349 1922 390 1960 et
421 1934 446 1960 a
474 1919 557 1960 fine
587 1919 714 1979 primi
745 1920 856 1973 signi
887 1933 1017 1973 usque
1043 1918 1094 1959 ad
1126 1918 1278 1972 locum,
1308 1918 1380 1973 qui
1409 1917 1482 1959 ad*

238 2047 258 2078 2
282 2043 424 2077 reditur
447 2047 488 2078 ut
511 2044 587 2079 uid.
613 2042 661 2078 P'
764 2048 784 2078 3
810 2044 882 2089 cell
905 2043 973 2078 sibl
995 2043 1032 2077 B
1132 2046 1152 2078 8
1177 2055 1216 2077 m
1241 2042 1390 2077 uasuum
1411 2038 1458 2077 P·
1471 2066 1474 2067 ν

146 2093 190 2124 10
214 2089 427 2133 capatltatis
446 2087 494 2124 P'
603 2093 647 2123 14
672 2101 784 2134 quaq3
813 2090 850 2123 P
958 2094 999 2124 17
1024 2089 1117 2124 suasl
1142 2089 1188 2123 B'
1298 2092 1340 2123 18
1365 2090 1480 2135 com-Jv

143 2136 246 2180 pletfi
271 2136 313 2179 P,
340 2135 487 2180 copletfi
513 2136 550 2170 Β
628 2138 670 2169 19
690 2135 926 2170 obser-nantes
943 2135 989 2180 P,
1012 2137 1029 2169 t
1047 2135 1096 2170 tis
1114 2136 1197 2171 add.
1212 2146 1240 2179 p
1318 2139 1361 2170 23
1380 2132 1470 2180 parf'

143 2181 261 2216 fluxus
280 2182 366 2226 pars
385 2183 421 2216 B
525 2185 568 2216 25
595 2183 694 2228 cepit
716 2182 786 2216 PB
881 2193 963 2216 cum
987 2183 1085 2216 idem
1112 2202 1153 2207 —
1179 2185 1224 2216 26
1248 2181 1474 2226 1mp1eretur³

144 2240 209 2264 om.
234 2228 270 2262 B
364 2232 408 2263 26
434 2228 652 2263 duode01ma
675 2229 780 2272 parte
806 2229 842 2263 Β
933 2231 978 2263 28
1001 2227 1163 2265 **1llud
1190 2228 1226 2262 P
1311 2231 1355 2262 29
1379 2226 1458 2261 rub-

146 2275 325 2309 dederunt
349 2274 385 2309 Β
457 2278 500 2309 31
525 2286 635 2319 primi
659 2285 724 2309 om.
750 2275 787 2309 B
1464 2287 1465 2290 ¹
