1526 2444
519 42 621 79 XVII
648 45 787 77 18—20
826 42 945 78 XVIII
972 46 1063 78 i—4
1376 39 1463 82 325

139 152 311 254 ¹:Orphi
343 151 578 207 Calliopea,
608 150 717 194 Lino
747 150 963 194 formosus
995 150 1168 206 Apollo,

115 227 137 255 e

398 270 598 325 uidimus,
629 284 654 312 o
687 270 815 324 ciues,
848 268 1098 324 Diomeden,

114 355 164 395 ut
205 353 356 395 talium
398 352 622 394 nominum
668 352 939 394 accusatiuus
980 350 1172 394 Graecus
1219 353 1285 393 est
1320 351 1366 392 in
1403 361 1466 392 EN

0 444 9 454 ι.
79 429 96 455 5
117 412 325 454 desinens
387 426 490 453 nam
523 411 656 466 siquis
689 426 785 453 eum
816 413 943 466 putat
975 411 1129 453 Latine
1162 410 1319 452 dixisse
1345 409 1467 451 Dio-

116 470 323 524 medem,
350 470 514 512 sanitas
540 470 668 512 metri
693 470 738 512 in
763 483 891 512 uersu
918 469 1242 512 desiderabitur.
1284 469 1467 524 denique
1481 467 1526 509 2(

117 529 261 571 omnia
299 529 491 571 carmina
530 543 607 571 sua
644 527 804 571 Graece
842 529 994 571 maluit
1029 529 1263 571 inscribere
1301 528 1467 570 Buco-

115 589 215 630 lica
259 587 512 643 Georgica
549 588 755 642 Aeneis,
799 588 917 630 cuius
961 588 1148 630 nominis
1191 587 1397 643 figuratio
1443 602 1469 630 a

0 690 2 695 ,
117 647 269 702 regula
300 646 552 689 Latinitatis
586 647 724 689 aliena
756 649 832 688 est.

0 705 3 758 ξ
66 724 100 750 io
237 704 319 747 Sed
340 705 390 748 de
409 706 476 747 his
490 706 713 759 hactenus,
733 719 914 760 quorum
928 706 1054 760 plura
1070 705 1285 758 omnibus,
1304 703 1526 747 ali-XVII]

0 773 2 778 “
119 779 203 819 qua
234 779 322 807 non
354 765 484 806 nullis
511 764 804 806 Romanorum
834 766 938 806 nota
970 766 1083 806 sunt.
1133 763 1184 805 ad
1218 764 1296 806 illa
1326 765 1469 817 uenio,

119 837 227 878 quae
253 823 303 864 de
325 822 587 865 Graecarum
610 823 853 865 litterarum
875 823 1171 878 penetralibus
1193 825 1316 865 eruta
1335 823 1468 865 nullis

118 881 292 936 cognita
330 884 447 935 sunt,
483 882 568 923 nisi
606 882 679 937 qui
710 880 919 924 Graecam
957 882 1200 924 doctrinam
1240 882 1469 938 diligenter

116 940 362 983 hauserunt.
413 940 496 982 fuit
528 941 640 982 enim
673 940 743 982 hic
768 943 898 996 poeta.
922 943 971 983 ut
997 941 1245 995 scrupulose
1267 944 1310 983 et
1330 942 1469 996 anxie,

64 999 178 1043 15i1'1a
211 999 532 1042 dissimulanter
564 1003 607 1042 et
639 1000 836 1042 clanculo
869 1000 1040 1055 doctus,
1077 1003 1128 1042 ut
1158 1001 1297 1043 multa
1327 1003 1469 1043 trans-

0 1055 2 1071 *
116 1058 284 1112 tulerit,
322 1073 431 1114 quae
468 1059 581 1101 unde
614 1059 826 1101 translata
867 1059 954 1101 sint
985 1059 1158 1102 difficile
1191 1061 1248 1102 sit
1279 1060 1469 1116 cognitu.

117 1117 159 1160 in
194 1117 366 1160 exordio
399 1117 708 1174 Georgicorum
741 1119 889 1173 posuit
919 1119 1000 1161 hos
1032 1134 1182 1161 uersus
1481 1119 1508 1161 2

176 1199 305 1242 Liber
336 1202 380 1242 et
412 1200 527 1242 alma
559 1199 700 1254 Ceres,
732 1203 877 1243 uestro
911 1201 949 1243 si
981 1216 1157 1244 munere
1188 1202 1320 1245 tellus

179 1256 421 1301 Chaoniam
452 1259 604 1315 pingui
635 1259 839 1315 glandem
871 1261 1059 1302 mutauit
1089 1261 1236 1315 arista,

66 1336 101 1361 20
178 1318 414 1373 poculaque
445 1318 633 1360 inuentis
665 1318 877 1361 Acheloia
907 1319 1082 1362 miscuit
1113 1320 1221 1362 uuis.

117 1399 227 1441 nihil
251 1400 297 1442 in
327 1400 395 1441 his
426 1400 626 1442 uersibus
657 1401 1040 1456 grammaticorum
1066 1402 1219 1444 cohors
1246 1402 1509 1457 discipulis3

120 1459 208 1500 suis
247 1459 432 1513 amplius
469 1459 668 1514 tradidit,
708 1459 793 1502 nisi
830 1460 939 1502 illud
978 1475 1111 1515 opera
1148 1459 1317 1503 Cereris
1350 1462 1467 1503 effec-

118 1521 224 1571 tum,
254 1520 303 1559 ut
334 1517 533 1559 homines
566 1518 620 1560 ab
647 1518 826 1573 antiquo
859 1519 975 1562 uictu
1007 1520 1279 1574 desisterent,
1311 1523 1354 1562 et
1383 1520 1469 1563 fru-

119 1578 263 1618 mento
307 1590 387 1631 pro
428 1576 658 1631 glandibus
696 1580 938 1634 uterentur,
980 1578 1184 1621 Liberum
1221 1594 1325 1622 uero
1363 1579 1467 1621 uitis

68 1653 101 1679 25
120 1637 384 1690 repertorem
415 1636 684 1691 praestitisse
715 1636 903 1680 humano
936 1639 1060 1692 potui
1085 1638 1236 1680 uinum
1262 1639 1330 1681 cui
1356 1653 1468 1694 aqua.

120 1693 437 1737 admisceretur.
503 1709 578 1736 cur
620 1697 765 1737 autem
802 1695 1041 1739 Acheloum
1082 1712 1255 1740 amnem
1292 1698 1469 1754 potissi-

118 1767 236 1795 mum
260 1751 481 1809 Vergilius
514 1768 610 1796 cum
637 1769 792 1809 aquam
818 1756 952 1798 uellet
976 1757 1185 1812 intellegi,
1216 1757 1468 1812 nominarit,

116 1825 243 1854 nemo
281 1812 351 1853 uel
390 1813 559 1867 quaerit
595 1814 664 1855 uel
703 1813 879 1857 omnino
919 1816 1095 1857 subesse
1127 1817 1294 1872 aliquid
1327 1816 1467 1858 erudi-

118 1870 249 1912 tionis
285 1872 540 1925 suspicatur.
602 1887 681 1915 nos
713 1873 757 1914 id
790 1874 917 1916 altius
951 1875 1131 1917 scrutati
1163 1875 1509 1921 animaduerti-4

68 1946 103 1972 ao
121 1943 215 1971 mus
242 1930 415 1972 doctum
434 1933 608 1985 poetam
630 1932 1031 1988 antiquissimorum
1052 1933 1315 1977 Graecorum
1334 1949 1467 1988 more,

121 1989 232 2030 sicut
263 1989 434 2031 docebit
465 1990 714 2043 auctoritas,
746 1991 974 2048 elocutum,
1007 1994 1120 2048 apud
1152 2008 1261 2049 quos
1292 1994 1466 2050 proprie

214 2119 232 2149 1
261 2115 376 2161 eclog.
402 2116 472 2151 1111
498 2120 542 2152 57
611 2122 632 2153 3
658 2117 749 2153 Aen.
776 2119 828 2154 XI
853 2123 922 2155 243
993 2124 1035 2156 18
1060 2121 1172 2167 Vei-g.
1199 2121 1332 2167 Georg.
1353 2121 1370 2156 I
1397 2126 1416 2157 7

213 2237 234 2268 5
266 2237 311 2268 ei'i
348 2244 414 2269 om.
449 2232 496 2268 P'
642 2240 662 2271 8
693 2236 868 2281 figuratio
907 2237 1137 2285 Cantabri9.:
1171 2239 1399 2285 significatio
1431 2240 1468 2274 P

121 2281 165 2314 20
189 2279 319 2316 inuitis
338 2280 387 2316 P'
463 2285 505 2316 31
534 2282 716 2327 eloquun‘i
744 2284 781 2319 P
