1526 2444
605 59 674 95 XII
701 62 838 94 14-22
1296 58 1381 100 451

39 184 128 213 non
152 170 298 212 domat
324 169 443 211 sitim
470 167 543 210 sed
569 167 710 223 magis
737 167 961 223 magisque
987 165 1232 222 cupidinem
1255 168 1383 221 potus

41 228 283 272 accenditP'

159 287 294 330 ‘Nota
331 286 419 329 est’
454 285 596 342 inquit
628 285 824 328 Disarius
863 285 1023 328 ‘causa
1085 299 1188 327 nam
1224 284 1383 339 liquori
1399 284 1453 326 19

41 346 210 401 quidem
242 346 350 388 nihil
376 345 529 400 officit,
562 344 664 400 quin
697 347 894 400 sumptus
927 344 981 386 ad
1014 357 1160 386 omnes
1192 343 1382 398 corporis

4 416 23 443 5
41 408 183 460 partes
214 419 383 460 quoquo
415 419 564 447 uersus
596 407 830 458 permanet,
862 406 906 445 et
936 417 1068 445 uenas
1100 403 1309 458 conpleat,
1342 405 1385 444 et

41 464 135 507 ideo
179 463 339 519 inedia,
383 477 491 518 quae
528 463 782 505 inanitatem
821 462 999 517 fecerat,
1043 463 1218 516 accepto
1255 463 1384 516 potus

41 523 229 565 remedio
280 523 402 578 quasi
445 523 530 564 iam
573 536 661 564 non
704 522 748 563 in
791 524 932 564 totum
975 535 1111 563 uacua
1154 522 1383 562 recreatur.

42 582 209 624 cibatus
246 596 347 623 uero
385 583 536 636 utpote
574 580 814 623 concretior
851 582 895 622 et
932 579 1137 635 grandior
1173 579 1219 621 in
1249 593 1384 622 uenas

41 654 130 683 non
176 640 261 682 nisi
297 641 506 695 paulatim
545 638 763 682 confectus
803 638 1054 681 admittitur.
1120 637 1215 680 ideo
1254 638 1385 693 sitim,

0 712 171 755 mquam
208 699 415 754 repperit,
452 699 573 740 nullo
612 697 803 740 subsidio
842 697 1057 750 subleuat,
1100 697 1232 739 immo
1272 697 1385 752 quic-

42 758 143 813 quid
173 758 279 800 foris
308 758 500 800 humoris
523 760 677 799 nactus
704 760 781 810 est,
813 756 989 798 exorbet
1014 757 1057 797 et
1082 755 1180 797 inde
1205 756 1385 810 penuria

43 818 146 872 eius,
178 831 286 872 quae
317 817 413 858 sitis
445 817 636 870 uocatur,
668 813 879 870 augetur.'

161 874 273 917 eNec
315 875 397 918 1100
440 874 569 916 mihi'
604 874 795 916 Auienus
841 873 903 916 ait
945 873 1214 928 ‘ignoratum
1258 872 1384 915 101111-
1400 874 1457 916 20

43 949 140 990 quo,
171 948 245 977 cur
275 934 413 976 maior
443 934 644 989 uoluptas
675 935 754 989 est,
785 947 880 974 cum
913 932 1007 974 sitis
1039 934 1146 987 potu
1177 932 1386 987 extingui-

0 1003 23 1032 ω
43 997 125 1045 tur,
156 1008 284 1048 quam
315 1007 411 1035 cum
442 992 578 1035 fames
611 992 786 1034 sedatur
814 991 961 1034 cibo?'
1018 994 1061 1033 et
1087 990 1284 1033 Disarius
1312 990 1386 1032 ‘ex

42 1051 274 1107 praedixtis
323 1051 406 1094 hoc
455 1066 624 1107 quoque
666 1051 815 1106 liquet.
888 1065 989 1092 nam
1033 1050 1223 1105 potionis
1267 1052 1386 1092 totus

42 1112 224 1154 haustus
261 1111 307 1153 in
345 1125 470 1152 omne
508 1124 663 1165 corpus
702 1110 831 1152 simul
866 1111 1081 1164 penetrat,
1119 1111 1161 1151 et
1193 1109 1386 1151 omnium

42 1170 231 1224 partium
276 1184 428 1212 sensus
471 1169 576 1211 facit
617 1184 748 1211 unam
789 1169 1021 1210 maximam
1060 1170 1103 1210 et
1140 1167 1387 1210 sensibilem

43 1229 332 1284 uoluptatem,
376 1229 497 1270 cibus
541 1230 686 1270 autem
723 1228 877 1283 exiguo
918 1227 1249 1270 subministratu
1285 1241 1388 1282 pau—

0 1287 165 1329 nlatim
195 1287 422 1342 penuriam
452 1287 708 1329 consolatur.
763 1286 857 1329 ideo
889 1287 1091 1341 uoluptas
1124 1286 1214 1328 eius
1241 1285 1388 1327 multi-

42 1346 197 1388 fariam
229 1345 559 1389 comminuitur?

163 1405 276 1448 ‘Hoc
309 1419 496 1460 quoque,
528 1404 564 1446 si
594 1404 776 1459 uidetur,
809 1403 917 1446 addo
950 1403 1172 1459 quaesitis,
1208 1417 1283 1446 cur
1315 1402 1458 1458 qui21

44 1464 210 1506 auidius
239 1467 406 1516 uorant‚
438 1463 607 1506 facilius
635 1463 766 1505 satias
793 1463 947 1517 capiat,
980 1477 1109 1518 quam
1136 1462 1208 1517 qui
1239 1461 1388 1504 eadem

45 1523 230 1578 quietius
262 1522 478 1565 ederint?
537 1522 702 1564 ‘breuis
735 1521 823 1564 est'
856 1521 999 1577 inquit
1031 1520 1126 1563 ‘illa
1151 1521 1388 1575 responsio.

0 1590 26 1619 ¹⁵
44 1597 146 1624 nam
177 1582 253 1624 ubi
285 1582 408 1624 auide
440 1582 689 1635 deuoratur,
729 1584 831 1623 tunc
862 1581 1025 1622 multus
1058 1595 1131 1622 aer
1162 1595 1257 1622 cum
1290 1579 1389 1622 edu-

45 1641 158 1683 libus
195 1640 378 1684 infertur
413 1643 590 1696 propter
626 1641 839 1682 hiantium
873 1640 1007 1682 rictus
1040 1641 1083 1680 et
1114 1638 1390 1681 crebritatem

44 1699 296 1754 respirandi.
356 1700 493 1756 igitur
534 1699 611 1742 ubi
649 1714 721 1742 aer
752 1713 883 1741 uenas
922 1698 1158 1753 conpleuit,
1203 1698 1257 1739 ad
1296 1698 1387 1740 obi-

45 1758 239 1801 ciendum
269 1758 491 1801 fastidium
522 1773 601 1813 pro
633 1759 728 1801 cibo
760 1756 993 1813 pensatur?

163 1816 242 1860 tNi
272 1818 479 1860 molestus
510 1818 593 1860 tibi
625 1832 732 1873 sum,
763 1816 921 1868 Disari,
951 1817 1099 1871 patere
1130 1816 1226 1871 plus
1252 1815 1462 1860 1111111022

0 1884 28 1918 5⁰
46 1890 96 1918 ex
128 1876 317 1919 discendi
349 1877 546 1933 cupidine
571 1877 847 1932 garrientem,
879 1877 922 1917 et
950 1875 1080 1929 dicas,
1111 1889 1283 1930 quaeso,
1315 1889 1390 1917 cur

47 1935 188 1978 edulia
237 1936 343 1978 satis
394 1935 534 1978 calida
575 1935 746 1978 facilius
791 1934 1097 1989 conprimimus
1142 1948 1215 1976 ore
1260 1948 1390 1989 quam

46 2009 180 2037 manu
217 1995 496 2049 sustinemus,
535 1997 579 2037 et
611 1994 753 2049 siquid
785 2008 932 2036 eorum
963 1993 1061 2048 plus
1092 1992 1233 2035 feruet
1263 2007 1390 2048 quam

46 2056 97 2094 ut
133 2052 293 2095 diutius
331 2053 471 2108 possit
507 2053 670 2108 mandi,
710 2053 810 2096 ilico
850 2052 1125 2107 deuoramus,
1163 2054 1206 2094 et
1244 2054 1392 2094 tamen

142 2161 162 2192 2
189 2158 333 2193 accedit
359 2157 409 2192 P'
514 2161 535 2193 3
563 2158 708 2202 liquore
736 2158 773 2192 P
873 2160 893 2191 5
919 2156 1045 2203 coplet
1070 2157 1106 2192 P
1206 2160 1226 2191 6
1252 2156 1394 2191 fecerat

42 2205 190 2249 praeter
221 2205 262 2239 at
291 2207 333 2240 in
362 2215 436 2241 ras.
468 2206 510 2241 in
544 2206 581 2240 P
706 2209 747 2240 11
782 2204 953 2251 0110111181
986 2204 1023 2238 ,Ρ
1141 2206 1185 2238 23
1217 2202 1332 2239 saclas
1360 2203 1397 2237 P

48 2250 175 2296 capiat
203 2252 351 2297 scripsi:
384 2253 549 2297 cappant
575 2253 611 2287 P
728 2255 773 2287 29
806 2253 844 2287 ni
874 2251 1072 2297 molestus]
1103 2250 1336 2286 Immolestus
1360 2250 1398 2284 P

49 2300 92 2334 31
120 2298 233 2346 edilia
259 2299 382 2335 calida
407 2299 494 2335 satis
511 2300 518 2346 Ι
539 2299 627 2335 satis
649 2299 798 2335 facilius
818 2299 855 2335 P

1041 2355 1113 2392 29*
