1526 2444
131 47 218 88 466
620 46 719 82 SAT.
745 46 873 82 LIBRI
899 45 965 81 VII

133 153 336 206 temperie
385 153 529 194 mollis
572 152 714 194 uentri
755 152 995 194 inferendus
1046 152 1121 205 sit,
1162 166 1332 194 necesse
1376 155 1454 207 est,

135 211 311 252 eandem
329 211 442 251 uiam
463 211 667 251 ambobus
688 213 844 264 patere,
866 213 915 251 ut
933 210 1050 252 cibus
1070 212 1174 264 potu
1192 212 1452 263 temperatus
1500 208 1507 259 ζ’

134 283 210 323 per
241 267 506 309 stomachum
536 268 582 308 in
612 271 759 309 uentre
791 268 1013 322 condatur,
1042 281 1119 309 nec
1149 268 1272 309 aliter
1301 269 1455 309 natura

96 327 409 380 9conponeret,
439 325 524 367 nisi
554 325 666 379 quod
698 326 884 367 salutare
914 328 1026 367 esset
1061 325 1247 367 animali.
1307 324 1454 366 deinde

138 398 232 425 cum
257 383 402 437 pulmo
434 386 476 424 et
502 383 662 425 solidus
693 386 735 424 et
759 384 969 437 leuigatus
1001 383 1070 435 sit,
1101 383 1240 437 siquid
1271 383 1455 437 spissum
1495 406 1501 435 3

137 442 184 482 in
225 441 365 495 ipsum
408 441 624 491 deciderit,
667 455 792 495 quem
836 441 889 481 ad
932 440 1101 482 modum
1146 443 1342 494 penetrat
1384 443 1458 482 aut

137 499 374 540 transmitti
409 501 550 553 potest
588 498 640 539 ad
677 499 816 540 locum
847 498 1113 552 digestionis,
1148 512 1243 540 cum
1283 501 1459 551 constet,

140 557 346 611 siquando
390 571 491 598 casu
534 556 693 610 aliquid
741 557 869 609 paulo
913 556 1082 597 densius
1128 555 1171 596 in
1215 556 1459 609 pulmonem
1502 608 1503 611 Ἴ

141 615 344 656 uiolentia
375 614 547 668 spiritus
573 614 770 655 trahente
801 613 1011 667 deciderit,
1041 627 1140 654 mox
1163 614 1282 656 nasci
1308 613 1461 655 tussim
1505 616 1507 618 ’

142 673 267 714 nimis
305 686 497 726 asperam
534 674 578 713 et
613 672 718 713 alias
750 672 1041 726 quassationes
1077 685 1208 724 usque
1244 672 1296 712 ad
1337 685 1461 712 uexa·
1490 689 1495 699 ·

76 731 131 772 10
143 731 302 772 tionem
352 729 529 771 salutis?
596 730 631 771 si
664 732 804 770 autem
851 730 1059 770 naturalis
1107 729 1178 770 uia
1224 731 1372 783 potum
1419 728 1465 769 in

143 788 386 842 pulmonem
416 787 617 838 traheret,
647 801 743 828 cum
772 788 995 840 poculenta
1025 786 1240 839 bibuntur,
1269 787 1340 827 uel
1370 800 1464 828 cum
1499 800 1501 802 ·

145 846 338 887 hauritur
381 848 507 899 potus
556 845 766 886 admixtus
815 845 977 899 granis,
1026 858 1098 885 seu
1147 858 1197 885 ex
1238 858 1283 885 re
1323 844 1466 897 aliqua
1493 865 1496 867 >

79 903 131 944 11
149 903 362 954 densiore,
399 903 499 957 quid
540 903 608 943 his
645 902 824 956 sumptis
865 902 1011 956 pulmo
1047 902 1290 955 pateretur?
1356 903 1465 942 unde

146 960 394 1015 ἐπιγλωττίς
437 976 462 1002 a
503 963 656 1002 natura
698 959 870 1013 prouisa
918 963 1000 1011 est,
1048 973 1154 1013 quae
1203 973 1298 1000 cum
1346 959 1465 1000 cibus
1497 1003 1500 1004 ⁷

147 1019 338 1072 sumitur,
371 1019 632 1073 operimento
664 1018 719 1059 sit
749 1018 939 1071 arteriae,
968 1017 1121 1071 nequid
1151 1030 1227 1071 per
1255 1017 1391 1070 ipsam
1423 1017 1468 1057 in
1501 1023 1502 1026 ’

147 1077 391 1130 pulmonem
429 1076 581 1130 spiritu
617 1076 775 1129 passim
805 1075 1001 1116 trahente
1037 1074 1216 1115 labatur.
1277 1075 1388 1116 sicut
1426 1077 1469 1115 et
1497 1089 1504 1096 ²

149 1149 244 1176 cum
276 1149 413 1176 sermo
445 1133 700 1174 emittendus
731 1135 813 1186 est,
850 1132 1078 1174 inclinatur
1114 1131 1167 1173 ad
1199 1131 1469 1185 operiendam
1498 1158 1501 1159 ν

82 1192 135 1233 12
150 1192 358 1234 stomachi
383 1192 512 1245 uiam,
535 1194 583 1232 ut
607 1190 817 1246 ἀρτηρίαν
842 1191 937 1232 uoci
962 1193 1106 1243 patere
1125 1189 1358 1243 permittat.
1406 1186 1499 1230 est*

150 1253 192 1292 et
220 1250 302 1291 hoc
326 1250 376 1290 de
401 1249 660 1303 experientia
689 1251 849 1299 notum,
880 1248 991 1302 quod
1017 1248 1088 1302 qui
1114 1248 1270 1288 sensim
1294 1247 1470 1289 trahunt

150 1311 311 1361 potum,
340 1310 511 1348 uentres
541 1307 702 1348 habent
725 1306 1016 1359 humectiores,
1048 1306 1235 1355 humore,
1266 1305 1337 1358 qui
1367 1319 1471 1358 pau·
1489 1302 1497 1324 ⁷

151 1366 271 1407 latim
318 1367 511 1419 sumptus
534 1366 630 1417 est,
667 1364 824 1405 diutius
861 1366 1151 1417 permanente,
1195 1362 1327 1417 siquis
1369 1359 1510 1410 uero]

152 1423 316 1465 auidius
353 1423 562 1475 hauserit,
591 1422 746 1464 humor
776 1421 922 1463 eodem
953 1422 1132 1475 impetu,
1163 1434 1245 1474 quo
1276 1419 1471 1473 trahitur,

152 1481 358 1536 praeterit
392 1481 439 1521 in
475 1482 677 1533 uesicam,
715 1482 757 1520 et
788 1479 952 1521 sicciori
989 1479 1083 1520 cibo
1118 1478 1316 1532 prouenit
1349 1477 1487 1534 tardam

154 1539 348 1594 digestio.
416 1539 520 1580 haec
557 1541 699 1579 autem
735 1537 972 1578 differentia
1012 1550 1099 1578 non
1137 1537 1399 1587 nasceretur,
1435 1534 1475 1576 si

86 1597 139 1637 13
155 1612 179 1638 a
209 1597 417 1651 principio
455 1596 538 1637 cibi
575 1598 617 1637 et
647 1598 773 1649 potus
805 1595 930 1636 diuisi
961 1596 1101 1636 essent
1130 1596 1304 1635 meatus.
1363 1592 1500 1647 quodj

158 1657 299 1697 autem
330 1655 511 1696 Alcaeus
542 1655 670 1708 poeta
700 1653 807 1694 dixit
838 1655 880 1694 et
909 1652 1039 1706 uulgo
1071 1652 1238 1694 canitur
1487 1663 1488 1666 ¹

232 1740 348 1792 ὀἴνῳ
379 1735 605 1789 πνεύμονα
636 1733 773 1788 τέγγε,
803 1735 852 1775 τὸ
883 1733 965 1788 γὰρ
997 1733 1156 1787 ἄστρον
1186 1730 1490 1787 περιτέλλεται

155 1817 248 1858 ideo
281 1816 439 1858 dictum
471 1818 552 1869 est,
589 1816 692 1871 quia
721 1815 866 1869 pulmo
897 1828 942 1855 re
973 1827 1074 1855 uera
1105 1813 1260 1868 gaudet
1289 1813 1477 1866 humore,

158 1874 228 1915 sed
265 1874 398 1914 trahit
429 1876 633 1928 quantum
663 1873 747 1914 sibi
778 1872 975 1914 aestimat
1003 1871 1296 1914 necessarium.
1356 1869 1488 1918 uidesj

251 1997 295 2027 28
320 1993 364 2028 fr.
390 1995 446 2036 39,
471 2004 506 2036 p.
534 1996 600 2028 163
625 1991 790 2037 (Bergkii
813 1993 944 2036 poetae
968 1990 1035 2036 lyr.
1060 1990 1120 2025 Gr.
1147 1990 1203 2025 ed.
1227 1992 1264 2034 4)

254 2107 296 2137 10
321 2102 444 2137 lnlmll'
465 2102 501 2137 P
616 2105 658 2135 12
683 2101 834 2146 polenta
864 2101 907 2143 P,
938 2100 1134 2145 poculenta
1160 2097 1503 2143 Cantabriyiensio

158 2149 369 2195 pultulenta
394 2149 529 2184 Iunius
631 2152 673 2182 13
699 2147 873 2182 admixtis
893 2147 929 2182 P
1020 2145 1079 2181 seu
1103 2157 1169 2182 om.
1194 2146 1232 2180 P
1323 2148 1366 2179 15
1390 2143 1460 2179 ΕΠΙ
1482 2147 1490 2180 ζ,

161 2195 338 2231 ΓΛωΓΓΙ(
362 2195 398 2229 Ρ
469 2199 510 2229 17
534 2193 650 2240 pasfso
674 2194 711 2229 P
777 2197 821 2228 27
848 2192 972 2228 alceus
986 2193 1022 2227 P
1088 2195 1132 2227 28
1150 2193 1258 2234 τέγγε
1275 2192 1476 2234 πνεύμονι

160 2243 249 2287 οἴνῳ
274 2242 454 2286 Berykius
527 2242 629 2276 ΟΙΝΟ
655 2240 692 2274 Ρ
756 2239 1077 2274 ΠΕΡΙΤΕΛΛΕΤΛΙΙ
1103 2239 1139 2274 Ρ
1463 2247 1480 2267 s
1525 2240 1526 2244 ’
