1526 2444
0 0 34 135 ἱ
598 79 703 116 x1111
727 84 843 117 5—12
1333 78 1418 121 201

0 156 13 185 s

0 184 15 237 ζ
69 190 355 234 miseritum
398 192 476 232 est
520 214 566 219 —
612 203 822 244 puerum
860 189 1134 245 bullatum,
1173 187 1420 244 petitoris

69 250 241 292 filium
265 263 365 292 non
397 249 646 291 minorem
678 248 824 291 annis
857 247 1137 303 duodecim,
1174 261 1281 290 cum
1314 261 1422 289 cro-

68 309 192 352 talis
218 309 415 351 saltare
448 322 596 363 quam
629 308 965 350 saltationem
997 306 1284 362 impudicus
1318 320 1420 348 ser-

0 376 10 406 i
68 368 219 410 uulus
257 367 472 410 honeste
511 365 708 409 saltare
745 381 844 409 non
880 368 1068 422 posset.
1138 366 1259 408 uides
1292 365 1462 421 quem8

0 412 49 474 ἶῡ
70 426 123 470 ad
161 427 335 469 modum
371 426 631 482 ingemuerit
667 425 917 481 Africanus,
956 426 1069 482 quod
1107 425 1287 468 uidisset
1323 439 1421 468 cum

2 515 5 517 -
70 486 243 529 crotalis
294 485 524 528 saltantem
573 485 712 528 filium
754 485 954 541 petitoris
998 485 1040 527 id
1085 487 1151 527 est
1195 483 1422 538 candidati,

70 559 195 601 quem
225 559 278 587 ne
309 547 402 587 tum
435 544 606 600 quidem
639 559 736 600 spes
770 547 813 587 et
843 545 955 587 ratio
989 542 1255 599 adipiscendi
1286 543 1421 598 magi-

4 603 13 645 i
70 606 251 659 stratus,
301 619 386 660 quo
435 607 630 660 tempore
681 618 725 646 se
771 618 956 659 suosque
1000 603 1054 646 ab
1099 603 1218 645 omni
1260 602 1421 658 probro

70 663 218 705 debuit
242 663 475 718 uindicare,
506 663 696 718 potuerit
721 677 928 717 coercere,
961 677 1045 718 quo
1071 662 1216 704 minus
1247 661 1422 716 faceret,

0 736 53 769 :uo
71 722 183 778 quod
216 721 382 765 scilicet
412 724 538 777 turpe
570 737 657 764 non
687 721 941 764 habebatur

3 830 7 838 .
191 780 393 824 Ceterum
449 781 641 837 superius
696 781 946 836 pleramque
995 780 1268 822 nobilitatem
1318 777 1463 821 haec9

0 860 2 863 ·
70 841 284 895 propudia
327 841 540 883 celebrare
582 842 839 896 conquestus
878 842 954 882 est.
1023 840 1084 882 sic
1121 839 1328 881 nimirum
1365 837 1424 882 Μ.

7 911 12 946 ᾗ
71 898 200 942 CATO
221 901 461 942 senatorem
486 913 572 941 non
598 899 835 955 ignobilem
858 897 1053 942 Caelium
1080 899 1423 954 spatiatorem

3 1003 7 1014 <
71 960 114 1000 et
155 957 487 1001 Fescennium
531 960 660 1001 uocat
709 972 902 1014 eumque·
940 959 1166 1001 staticulos
1210 957 1311 1000 dare
1354 957 1422 999 his

0 1015 53 1065 ἔξω
71 1017 212 1059 uerbis
257 1017 318 1060 ait
361 1017 626 1060 descendit
669 1017 726 1059 de
770 1017 1061 1071 cantherio,
1111 1017 1227 1058 inde
1273 1016 1424 1058 stati-

4 1091 10 1131 j
71 1076 212 1119 culos
240 1076 374 1132 dare,
399 1076 704 1119 ridicularia
729 1076 939 1119 fundere
966 1079 1010 1119 et
1034 1076 1139 1119 alibi
1164 1076 1210 1117 in
1239 1075 1423 1118 eundem

70 1137 341 1191 praeterea
367 1138 541 1178 cantat
571 1136 658 1178 ubi
690 1136 952 1192 collibuit,
983 1135 1242 1178 interdum
1269 1134 1422 1177 Grae-

72 1207 156 1236 cos
201 1209 380 1237 uersus
425 1195 551 1250 agit,
600 1195 740 1238 iocos
785 1195 931 1250 dicit,
980 1209 1131 1238 uoces
1176 1195 1424 1247 demutat,

12 1283 27 1314 5¹
73 1254 349 1296 staticulos
392 1254 487 1296 dat.
550 1254 656 1296 haec
689 1252 816 1310 Cato,
860 1255 946 1310 cui,
988 1258 1036 1296 ut
1077 1254 1252 1308 uidetis,
1293 1253 1424 1295 etiam
1443 1251 1499 1292 10

3 1315 247 1362 ,ωοαηὴατε
287 1327 375 1355 non
417 1312 517 1355 serii
553 1313 745 1356 hominis
782 1313 971 1368 uidetur,
1013 1313 1126 1368 quod
1165 1313 1278 1367 apud
1317 1312 1425 1354 alios

11 1371 25 1374 ’“
74 1371 178 1413 adeo
202 1386 288 1414 non
320 1372 433 1414 inter
465 1372 609 1426 turpia
639 1375 910 1414 numeratum
943 1375 1021 1428 est,
1052 1375 1100 1414 ut
1125 1371 1171 1414 L.
1198 1371 1329 1422 Sulla,
1361 1371 1427 1412 uir

72 1430 184 1472 tanti
203 1431 403 1485 nominis,
428 1430 590 1485 optime
617 1433 815 1473 cantasse
842 1431 1018 1474 dicatur.
1064 1433 1253 1472 ceterum
1277 1430 1424 1471 histri·
1443 1428 1497 1469 11

75 1502 177 1531 ones
208 1504 296 1531 non
326 1490 439 1532 inter
469 1492 616 1545 turpes
648 1490 823 1532 habitos
851 1488 1032 1532 Cicero
1064 1490 1314 1532 testimonio
1348 1491 1426 1540 est,

19 1565 22 1568 ⁴
75 1562 201 1603 quem
232 1548 378 1590 nullus
409 1548 585 1604 ignorat
616 1548 802 1591 Roscio
837 1551 879 1591 et
905 1548 1107 1604 Aesopo
1139 1548 1425 1590 histrionibus

14 1609 166 1653 (nutam
199 1606 470 1649 familiariter
501 1622 646 1660 usum,
683 1610 732 1650 ut
762 1622 829 1650 res
861 1609 1136 1663 rationesque
1169 1621 1317 1649 eorum
1351 1621 1428 1649 sua

77 1666 268 1708 sollertia
303 1668 508 1721 tueretur,
541 1665 656 1722 quod
690 1681 786 1709 cum
819 1667 916 1710 aliis
949 1667 1099 1710 multis
1130 1669 1223 1708 tum
1256 1681 1307 1708 ex
1340 1666 1426 1721 epi-

78 1725 201 1767 stulis
243 1740 412 1781 quoque
445 1726 536 1768 eius
568 1725 819 1768 declaratur.
895 1741 997 1769 nam
1029 1726 1149 1768 illam
1183 1725 1426 1768 orationem
1445 1723 1501 1764 12

78 1783 172 1839 quis
211 1787 277 1827 est
314 1784 387 1840 qui
417 1799 507 1827 non
538 1785 709 1841 legerit,
751 1785 796 1827 in
829 1800 913 1841 qua
943 1786 1151 1841 populum
1183 1785 1426 1827 Romanum

175 1927 216 1958 15
241 1923 373 1968 fragm.
399 1937 434 1970 p.
462 1927 506 1960 58
532 1925 667 1960 Iordan

172 2057 192 2088 2
218 2054 286 2089 XII
309 2055 346 2089 Β
431 2058 451 2090 3
478 2066 588 2099 quem
614 2054 650 2090 Β
735 2058 756 2090 5
781 2055 968 2100 ingemitu
993 2054 1047 2090 eft
1071 2055 1107 2089 Β
1198 2057 1219 2089 8
1245 2055 1364 2101 probo
1390 2055 1427 2090 Β

80 2115 100 2148 9
125 2111 290 2149 indicare
316 2114 337 2149 b
418 2116 460 2148 11
487 2113 631 2159 plerfiq.
659 2113 696 2149 P
771 2117 814 2149 12
839 2106 880 2148 Π
905 2114 1128 2161 senaltorem
1154 2114 1191 2149 Β
1266 2118 1307 2149 13
1336 2113 1427 2149 Cae-

27 2158 30 2163 ’
78 2157 169 2195 lium
198 2161 387 2197 Meursius
411 2171 456 2197 ea:
482 2161 599 2197 Gellio
623 2161 652 2195 I
672 2164 731 2205 15,
758 2165 797 2197 9:
831 2161 1027 2197 caecilium
1052 2161 1127 2196 BP
1221 2164 1265 2196 14
1290 2161 1427 2197 fescen-

78 2240 181 2265 nium
206 2231 242 2267 B
315 2233 454 2268 uocant
479 2232 516 2268 Β
590 2235 634 2269 15
660 2209 826 2268 canterio
851 2232 889 2267 P
956 2231 1151 2268 satticulos
1165 2233 1201 2267 B
1276 2236 1319 2268 16
1339 2233 1427 2267 r1d1-

79 2277 163 2313 cula
180 2278 217 2314 P
288 2282 331 2314 18
357 2278 483 2314 uersus
503 2280 557 2315 ait
575 2279 612 2314 B
684 2283 726 2315 21
756 2279 850 2316 adeo
876 2291 943 2316 om.
963 2279 1000 2314 P
1068 2279 1188 2315 lucius
1203 2280 1277 2315 BP
1346 2279 1428 2315 silla

83 2324 130 2370 P,
153 2324 244 2371 sylla
266 2326 303 2360 Β
376 2329 420 2362 22
445 2328 581 2362 *tanti
608 2327 645 2362 P
715 2330 761 2362 26
788 2326 955 2373 ep1stohs
975 2327 1050 2362 BP
