1526 2444
139 73 224 114 164
631 70 733 106 SAT,
757 69 885 104 LIBRI
907 69 962 104 III

138 351 362 405 omiserim,
393 351 438 391 in
470 364 551 404 quo
582 349 770 404 plerique
800 349 1008 390 falluntur

833 431 1011 484 extaque
1043 429 1180 471 salsos

414 488 643 543 porriciam
677 488 723 528 in
751 487 918 541 fluctus,

136 585 222 612 non
258 572 306 610 ut
342 569 513 623 quidam
549 568 814 622 proiciam,
852 567 1125 609 aestimantes
1164 566 1318 608 dixisse
1355 564 1462 607 Ver-
1498 563 1500 565 ’

137 629 288 684 gilium
312 627 556 682 proicienda
587 629 701 680 exta,
731 626 830 679 quia
860 625 1013 667 adiecit
1042 625 1094 666 in
1122 624 1329 666 fluctus.
1389 622 1462 664 sed
1501 644 1503 646 ·

97 689 221 730 3non
257 687 318 727 ita
353 687 430 726 est.
488 699 587 725 nam
625 688 667 726 et
698 698 749 725 ex
779 683 1006 737 disciplina
1034 682 1308 736 haruspicum
1338 683 1381 722 et
1411 695 1462 722 ex

137 745 362 798 praecepto
388 743 636 796 pontificum
667 741 843 783 uerbum
874 741 955 782 hoc
988 740 1191 782 sollemne
1222 739 1460 780 sacrificam·
1503 735 1510 751 ³

136 802 251 843 tibus
289 804 371 853 est,
410 800 519 841 sicut
549 799 786 842 VERAmvs
827 813 876 840 ex
906 809 1046 840 Pssmo
1077 809 1216 839 Lumo
1246 795 1460 838 Pmroms

138 860 201 901 ita
219 858 561 900 dissertationem
582 858 706 898 huius
731 857 850 898 uerbi
877 860 1096 897 exsecutus
1122 859 1186 896 est
1211 858 1327 896 exta
1349 868 1462 908 por·
1498 854 1515 898 ἦ,

138 918 380 969 riciunto,
405 915 480 956 dis
506 915 676 967 danto,
700 915 752 955 in
777 914 965 955 altaria
990 927 1190 955 aramue
1214 913 1462 965 sommae,
1509 919 1524 955 ti

99 977 260 1018 4eoue
304 987 397 1028 quo
435 976 549 1014 exta
580 973 686 1014 dari
726 972 989 1013 debebunt.
1059 970 1317 1025 porricere
1360 982 1462 1023 ergo
1502 999 1508 1013 .

139 1046 225 1074 non
272 1032 499 1086 proicere
553 1030 770 1085 proprium
820 1029 1016 1071 sacrificii
1063 1029 1239 1070 uerbum
1288 1029 1368 1080 est,
1421 1028 1464 1068 et
1511 1075 1513 1078 Ι

141 1091 239 1144 quia
276 1090 382 1131 dixit
414 1088 621 1130 Veranius
656 1087 707 1129 in
745 1101 880 1128 aram
919 1087 1168 1139 focumue,
1207 1099 1327 1126 eoue
1367 1098 1462 1139 quo
1499 1086 1504 1127 ζ

141 1151 256 1189 exta
293 1146 401 1188 dari
438 1145 709 1199 debebunt,
745 1159 856 1186 nunc
892 1158 968 1197 pro
1001 1158 1086 1185 ara
1117 1146 1159 1185 et
1189 1143 1300 1184 foco
1331 1155 1464 1184 mare
1501 1178 1503 1182 Α

143 1204 432 1260 accipiendum
475 1207 540 1245 est
582 1218 677 1245 cum
721 1202 972 1244 sacrificium
1015 1201 1078 1243 dis
1118 1201 1246 1242 maris
1290 1199 1464 1242 dicatur.
1500 1211 1503 1230 ³

102 1263 129 1305 5
143 1264 204 1305 ait
234 1264 345 1304 enim

201 1344 243 1385 di
281 1343 434 1397 quibus
477 1341 702 1396 imperium
746 1342 812 1382 est
853 1339 1013 1394 pelagi,
1061 1352 1239 1393 quorum
1285 1351 1464 1393 aequore
1499 1383 1502 1386 ,

1049 1410 1190 1450 curro,

201 1459 323 1501 uobis
361 1459 498 1499 laetus
536 1469 615 1511 ego
654 1456 737 1498 hoc
767 1455 1013 1497 candentem
1044 1455 1090 1496 in
1120 1455 1266 1495 littore
1295 1455 1467 1496 taurum
1494 1427 1503 1483 ¹?

202 1517 458 1559 constituam
490 1517 590 1556 ante
621 1528 718 1556 aras
749 1514 841 1555 uoti
871 1527 980 1568 reus,
1011 1516 1191 1567 extaque
1222 1511 1356 1553 salsos

202 1574 429 1629 porriciam
459 1573 505 1614 in
534 1573 700 1626 fluctus,
731 1574 773 1613 et
801 1572 901 1612 uiua
930 1570 1138 1625 liquentia
1167 1569 1356 1610 fundam.

146 1670 198 1697 ex
232 1655 300 1696 his
338 1654 511 1696 docetur
546 1653 590 1694 in
627 1666 743 1694 mare
781 1651 861 1693 rite
892 1651 1081 1706 potuisse
1111 1650 1301 1705 porrici
1332 1651 1464 1705 exta,
1496 1658 1507 1679 ⁵

146 1727 233 1755 non
263 1712 436 1766 proici.

107 1796 133 1837 6
355 1792 611 1834 constituam
643 1793 742 1833 ante
773 1805 867 1832 aras
897 1790 989 1831 uoti
1018 1803 1126 1831 reus.

241 1898 261 1929 5
287 1896 374 1928 Aen.
400 1893 435 1928 V
459 1897 524 1928 237
592 1896 636 1928 20
661 1892 711 1928 ib.
736 1892 769 1927 V
794 1895 862 1927 235

243 1991 260 2021 1
286 1987 434 2030 mrglho
458 1986 493 2021 Β
611 1989 631 2020 6
655 1985 808 2030 porilem]
833 1985 869 2019 Ρ
977 1988 997 2019 8
1023 1984 1109 2029 quia
1133 1983 1281 2019 salisb.-
1306 1994 1369 2027 qm
1392 1982 1468 2018 BP
1497 1988 1501 1999 ³

150 2037 194 2068 10
217 2034 282 2078 pto
306 2033 349 2067 in
372 2033 504 2077 pcepto
529 2033 570 2067 in
593 2042 666 2066 ras.
693 2033 732 2066 in
766 2031 801 2064 P
905 2029 1077 2076 solllepne
1106 2030 1144 2065 P
1245 2032 1287 2064 12
1319 2028 1467 2064 dm'era-
1488 2039 1490 2042 ·

148 2081 287 2115 tionem
311 2078 358 2112 B'
465 2078 518 2112 est
538 2080 544 2123 1
566 2077 753 2112 exsecutus
774 2076 828 2111 est
852 2077 899 2119 B,
923 2076 1141 2121 exsequutus
1163 2075 1198 2110 P
1305 2079 1348 2110 13
1373 2086 1468 2120 pon·

151 2126 252 2160 olunt
272 2126 278 2169 1
300 2125 337 2159 P
393 2125 526 2160 distato
549 2136 589 2158 m
608 2125 813 2159 altaramue
831 2124 877 2166 Β,
903 2122 1065 2158 distante
1085 2132 1233 2158 aramue
1252 2123 1284 2165 b,
1310 2121 1467 2157 dlstanto
1488 2146 1493 2153 -.

150 2183 190 2206 ln
215 2172 348 2206 altana
371 2172 436 2206 Bm
518 2171 638 2206 dando
663 2170 699 2205 P
779 2172 822 2204 14
847 2179 1010 2214 poricere
1034 2170 1079 2214 P,
1103 2178 1289 2212 proiecere
1313 2179 1403 2204 corr.
1427 2169 1488 2203 in„

149 2228 314 2262 promere
337 2219 380 2252 in
403 2218 438 2252 Β
538 2221 582 2252 22
608 2217 800 2251 cadentem
824 2216 860 2250 Β
957 2216 1065 2252 htorc
1089 2215 1125 2251 B
1220 2219 1263 2250 23
1289 2213 1402 2249 saltos
1419 2211 1468 2251 B'
1480 2256 1482 2258 ,

152 2268 198 2300 24
220 2268 361 2310 poncia
385 2264 422 2299 P
489 2267 534 2299 25
558 2267 633 2298 ritu
656 2261 702 2297 B'
773 2272 891 2307 ponci
917 2263 953 2298 P

1479 0 1526 176 ²]

137 179 258 220 liaris
284 180 361 231 est,
392 179 441 218 ut
464 177 564 218 talis
591 175 833 218 obseruatio
858 175 903 216 in
922 174 1113 229 Vergilio
1139 175 1231 216 laus
1256 188 1348 216 esse
1372 174 1458 216 iam
1510 182 1517 215 J

137 237 320 290 desinat,
362 235 493 276 nullis
531 238 673 276 tamen
710 234 849 289 magis
885 234 1057 288 proprie
1093 247 1195 274 usus
1232 234 1297 273 est
1332 246 1458 286 quam
1506 242 1518 266 -2‘

95 297 122 338 2
140 295 270 336 sacris
302 293 370 334 uel
402 292 702 334 sacrificalibus
733 291 887 333 uerbis.
912 316 917 319 -
949 298 992 332 et
1021 290 1206 345 primum
1237 289 1344 331 illud
1373 303 1460 332 non
1502 305 1509 336 ss
