1526 2444
632 38 666 74 V
691 41 830 74 25—33
1322 34 1408 78 605

17 170 22 172 f
59 148 201 190 instar
218 146 494 200 haberentur,
515 146 589 188 sed
611 146 710 202 quia
730 146 958 189 maculas
979 144 1083 187 dicit
1101 144 1180 186 has
1196 145 1409 199 quattuor,

12 203 15 204 ⁷
63 220 168 262 quas
193 206 239 248 in
277 205 443 247 duobus
481 208 621 247 terrae
653 205 980 260 hemisphaeriis
1018 203 1142 246 binas
1174 217 1266 245 esse
1297 203 1410 245 ratio

6 290 10 291 ν
61 263 342 319 monstrauit,
385 264 496 306 bene
540 264 696 307 adiecit
732 265 1041 306 interiectas
1085 262 1411 305 solitudines.

0 359 1 363 ,
61 338 163 366 nam
202 324 313 366 sicut
342 337 457 378 parS,
491 337 599 378 quae
637 323 877 378 habitatur,
916 338 940 365 a
977 322 1104 364 nobis
1142 322 1279 363 multa
1310 320 1409 363 soli·
1426 323 1483 366 30

12 396 44 424 2⁶
62 382 259 424 tudinum
296 381 596 424 interiectione
629 382 928 438 distinguitur,
966 380 1223 423 credendum
1261 381 1327 422 est
1366 380 1413 421 in

62 441 148 483 illis
192 455 360 495 quoque
396 441 536 483 tribus
588 441 684 483 aliis
729 440 1072 483 habitationibus
1118 439 1280 481 similes
1319 452 1413 481 esse

63 500 175 542 inter
206 500 375 541 deserta
413 502 456 542 et
487 500 605 542 culta
637 500 949 543 distinctiones.
1012 499 1086 541 sed
1127 502 1170 540 et
1207 500 1413 554 quattuor
1427 500 1481 543 31

0 554 17 604 ,ξ’
64 559 381 601 habitationum
407 559 569 600 incolas
603 563 646 601 et
676 559 885 601 relatione
913 559 1019 600 situs
1053 560 1097 599 et
1120 557 1218 612 ipsa
1244 571 1413 612 quoque

0 617 13 674 ξ
64 617 207 659 standi
251 617 461 673 qualitate
506 618 709 673 depinxit.
776 617 964 673 primum
1007 617 1121 658 enim
1167 616 1251 670 ait,
1305 616 1414 658 alios

0 676 46 726 §o
64 679 235 731 praeter
278 690 355 718 nos
399 677 462 718 ita
498 677 684 719 incolere
728 680 905 732 terram,
950 677 998 717 ut
1037 690 1061 717 a
1105 689 1150 717 se
1182 675 1415 728 interrupti

0 721 17 799 ἓ
64 735 229 777 nullam
255 735 524 777 commeandi
551 736 605 777 ad
632 750 676 777 se
702 735 892 777 habeant
916 734 1181 786 facultatem,
1213 736 1257 775 et
1281 733 1416 775 uerba

0 803 16 838 ῖς

0 0 22 586 ξ

0 799 3 804 ’
66 794 161 848 ipsa
187 793 419 848 declarant,
445 807 533 835 non
560 808 658 836 eum
678 794 728 835 de
755 808 839 836 uno
865 793 1090 836 hominum
1116 806 1271 847 genere
1297 793 1415 847 loqui

0 852 17 913 j}
65 852 112 894 in
141 852 224 894 hac
255 852 481 907 superficie
515 867 540 895 a
570 853 696 895 nobis
733 853 867 895 solius
898 851 1086 894 torridae
1117 850 1415 893 interiectione

66 911 215 954 diuiso.
289 912 349 953 sic
393 911 506 953 enim
555 912 694 966 magis
739 911 916 954 diceret:
965 911 1042 952 ita
1085 911 1415 965 interruptos

0 948 48 1107 ἰιε
66 972 120 1012 ut
173 970 307 1012 nihil
363 971 423 1012 ab
467 970 572 1012 illis
616 971 670 1012 ad
713 985 804 1013 uos
849 984 1054 1012 manare
1102 968 1295 1024 possit,
1343 969 1416 1011 sed

17 1060 19 1062 .
68 1029 245 1071 dicendo
278 1029 352 1070 ita
382 1030 724 1084 interruptos,
756 1032 811 1071 ut
840 1029 973 1071 nihil
1005 1029 1145 1070 inter
1180 1028 1323 1083 ipsos
1356 1028 1415 1070 ab

0 1102 19 1165 ξ
69 1088 188 1129 aliis
222 1087 281 1129 ad
308 1087 443 1131 alios
468 1103 672 1130 manare
698 1088 884 1144 possit,
915 1088 1101 1143 qualiter
1125 1087 1238 1129 inter
1264 1101 1309 1130 se
1340 1087 1417 1129 illa

0 1154 19 1208 Ξ
68 1146 293 1188 hominum
327 1160 486 1202 genera
519 1147 607 1188 sint
639 1148 796 1201 diuisa,
835 1147 1062 1203 significat.
1126 1145 1241 1201 quod
1274 1148 1415 1188 autem
1432 1149 1488 1191 32

0 1206 18 1262 {¹
69 1219 169 1247 uere
216 1205 269 1247 ad
306 1209 498 1248 nostram
542 1209 711 1262 partem
754 1206 1003 1261 referretur,
1042 1205 1198 1247 adiecit
1239 1205 1417 1247 dicendo

0 1276 53 1338 ἲο
72 1264 123 1306 de
154 1264 256 1318 illis,
295 1264 368 1318 qui
401 1267 444 1306 et
474 1279 499 1306 a
530 1265 656 1307 nobis
690 1267 733 1307 et
765 1280 790 1307 a
823 1279 867 1307 se
898 1265 943 1306 in
981 1265 1118 1307 uicem
1155 1264 1283 1306 diuisi
1321 1268 1419 1306 sunt

3 1339 20 1378 ³1?
69 1323 258 1378 partim
311 1323 553 1379 obliquos
603 1324 791 1378 partim
847 1326 1177 1366 transuersos
1229 1324 1418 1377 partim

2 1398 13 1430 τ
71 1381 229 1424 etiam
262 1382 506 1425 aduersos
539 1385 676 1425 stare
709 1383 875 1437 nobis,
907 1382 1165 1437 interruptio
1199 1396 1301 1437 ergo
1333 1396 1419 1423 non

3 1447 11 1467 ‘³
71 1440 197 1482 unius
229 1441 398 1496 generis
431 1456 456 1483 a
491 1441 615 1483 nobis
648 1442 721 1483 sed
753 1442 946 1483 omnium
982 1454 1187 1496 generum
1225 1456 1250 1483 a
1281 1455 1327 1483 se
1359 1440 1419 1482 di-

0 1509 18 1547 ,ζ.,;
71 1499 263 1542 uisorum
294 1499 490 1554 refertur,
522 1515 630 1555 quae
661 1501 725 1543 ita
751 1500 1052 1556 distinguenda
1083 1502 1162 1542 est.
1224 1500 1280 1554 hi,
1312 1514 1419 1556 quos
1434 1501 1489 1544 33

1 1558 55 1613 {25
75 1561 249 1612 separat
275 1573 300 1600 a
323 1559 448 1601 nobis
467 1562 657 1614 perusta,
683 1574 790 1614 quos
817 1558 971 1602 Graeci
997 1558 1229 1609 ἀντοίκους
1247 1561 1420 1614 uocant,

75 1617 274 1658 similiter
305 1618 359 1660 ab
392 1617 500 1672 illis,
537 1619 610 1674 qui
641 1618 888 1660 inferiorem
927 1632 1059 1660 zonae
1092 1633 1194 1660 suae
1225 1618 1421 1660 incolunt

72 1678 260 1731 partem,
298 1676 525 1719 interiecta
563 1676 745 1719 australi
783 1677 925 1733 gelida
963 1680 1235 1733 separantur3
1272 1692 1420 1719 rursus

72 1734 172 1777 illos
193 1735 247 1776 ab
269 1736 460 1778 antoecis
481 1735 583 1791 suis,
609 1736 654 1778 id
681 1738 747 1778 est
764 1751 841 1791 per
860 1736 999 1778 nostri
1030 1735 1192 1791 cinguli
1217 1736 1422 1778 inferiora

72 1793 337 1850 uiuentibus,
379 1795 624 1838 interiectio
668 1795 860 1837 ardentis
900 1797 1160 1850 sequestrat,
1203 1797 1246 1837 et
1288 1795 1354 1836 illi
1396 1810 1420 1837 a

171 1949 190 1980 1
216 1944 331 1980 instra
355 1948 397 1981 ut
421 1946 498 1982 uid.
524 1942 573 1980 P'
680 1945 735 1981 set
759 1946 797 1981 Β
898 1949 919 1981 2
944 1945 1178 1991 hemisperns
1198 1946 1234 1981 Β
1336 1950 1356 1982 7
1382 1948 1420 1983 et

75 1991 225 2028 occulta
249 1993 285 2027 Β
401 1996 422 2028 8
448 1992 592 2028 incolas
611 1992 887 2029 habitationum
912 1994 949 2028 Β
1060 1997 1101 2028 11
1128 1993 1232 2028 nulla
1255 1994 1422 2029 habeant

75 2040 123 2074 ad
147 2039 183 2074 se
208 2038 388 2075 facultate
414 2039 565 2075 meandi
589 2039 620 2074 Sc
644 2041 760 2076 uerba
787 2040 824 2075 P
937 2043 980 2076 12
1005 2051 1140 2086 genere
1166 2041 1360 2076 hommum
1384 2041 1421 2076 Β

77 2089 123 2120 14
147 2085 279 2122 (11111110
306 2087 344 2122 Β
434 2087 490 2122 ita
513 2098 579 2123 om.
605 2087 643 2122 P
732 2090 776 2123 15
801 2098 950 2124 manere
976 2089 1014 2124 Β
1103 2087 1156 2123 set
1179 2089 1217 2124 Β
1302 2092 1345 2124 17
1373 2089 1422 2124 ad

74 2132 163 2168 illos
183 2144 275 2170 corr.
300 2144 344 2169 ex
369 2133 417 2168 ad
443 2133 539 2169 ahos
558 2134 596 2170 P
697 2137 739 2169 19
764 2136 911 2180 pratem
934 2135 1134 2171 refreretur
1160 2134 1209 2170 P'
1308 2136 1420 2172 refer-

75 2182 137 2215 tur
161 2180 198 2215 Β
295 2184 341 2215 24
366 2180 427 2222 his
449 2178 498 2215 P'
597 2184 641 2216 25
668 2181 772 2228 repat
795 2182 832 2218 Β
922 2182 1099 2219 antoecos
1119 2182 1164 2227 P,
1189 2183 1366 2223 anteocos
1385 2183 1422 2218 Β

75 2230 120 2262 27
146 2226 282 2274 Γθραῃΐ
309 2228 346 2263 Β
418 2230 464 2263 28
483 2227 549 2264 1110
569 2228 615 2264 ab
637 2230 644 2274 Ι
666 2229 825 2266 antoicif
839 2230 876 2265 Β
948 2230 987 2265 ld
1013 2229 1067 2266 est
1085 2241 1151 2266 om.
1171 2230 1208 2264 Β
1281 2231 1422 2276 cmguh

74 2273 189 2310 nostri
213 2275 249 2309 B
321 2274 451 2310 circuli
475 2275 512 2310 P

0 1850 32 2444 mmfflt-Wamza,mssvwmw
3 1812 19 1830 ἐς·
2 1777 17 1791 ς,
5 1721 14 1751 π
14 1698 15 1701 Α
7 1671 10 1673 v
2 1615 15 1655 >we
