1526 2444
590 68 607 98 1
632 66 723 99 1—5
761 62 796 97 11
823 66 841 97 1
1307 60 1394 103 223

48 176 115 216 est
157 175 200 215 et
235 173 282 215 in
319 172 604 228 descriptione
641 171 863 227 languoris
901 170 1077 213 habitus
1115 172 1165 213 ut
1201 172 1266 213 est
1301 170 1436 213 tota3

49 232 281 288 descriptio
312 231 589 287 pestilentiae
622 231 734 286 apud
767 229 1044 285 Thucydiden
1075 232 1119 272 et

107 314 270 357 labitur
314 314 462 356 infelix
507 313 748 356 studiorum
793 315 922 369 atque
965 313 1194 356 immemor
1235 311 1396 355 herbae

106 374 248 416 uictor
279 388 411 429 equus

13 453 29 481 5
49 436 93 476 el:

322 492 532 534 demissae
564 505 703 546 aures,
733 490 920 533 incertus
951 490 1112 532 ibidem

110 551 240 593 sudor
272 553 315 593 et
344 551 420 592 ille
452 551 622 606 quidem
654 550 875 592 morituris
906 549 1103 606 frigidus.

51 635 116 675 est
146 633 261 676 inter
291 633 424 688 pathe
456 635 499 675 et
530 632 679 689 pudor,
709 635 759 674 ut
790 633 904 675 circa
935 632 1213 687 Deiphobum
1411 633 1440 673 4

0 770 2 772 v
222 775 250 816 l·
283 774 292 783 ·
322 717 594 771 pauitantem
626 718 669 757 et
699 715 794 757 dira
823 717 1044 770 tegentem

0 796 32 823 ιο
110 790 219 831 supp
239 790 334 818 leia.

1 870 3 872 ·
51 860 94 899 et
123 858 265 900 luctus
296 857 449 899 habitu
479 856 690 912 proditur,
721 858 770 898 ut
800 856 846 898 in
876 855 1058 912 Euryali
1090 857 1228 898 matre
1417 858 1445 899 ξ)

111 939 279 995 expulsi
310 939 509 982 manibus
542 939 653 982 radii
683 939 968 995 reuolutaque
999 953 1154 994 pensa:

110 999 255 1041 euolat
285 998 447 1041 infelix.

52 1083 95 1123 et
125 1081 316 1137 Latinus,
348 1081 448 1137 quia
479 1081 660 1124 miratur

0 1182 33 1211 15
322 1164 460 1206 defixa

113 1222 268 1265 obtutu
299 1225 420 1265 tenet
451 1237 526 1265 ora

53 1307 96 1347 et
126 1304 288 1359 Venus,
321 1305 423 1360 quia
453 1307 660 1361 rogatura
692 1308 787 1348 erat

112 1388 281 1430 tristior
312 1391 355 1430 et
385 1388 575 1431 lacrimis
609 1388 754 1431 oculos
788 1387 951 1431 suffusa
982 1388 1167 1431 nitentes

54 1473 98 1513 et
130 1469 310 1526 Sibylla,
342 1471 441 1526 quia
471 1471 634 1513 insanit

327 1554 470 1596 subito
501 1568 588 1596 non
620 1554 777 1610 uultus,
807 1567 893 1596 non
926 1553 1046 1598 color
1077 1568 1200 1608 unus,

112 1627 200 1655 non
231 1616 427 1667 comptae
459 1627 655 1655 mansere
688 1627 844 1655 comae.

171 1693 297 1738 Nunc
328 1695 549 1738 uideamus
580 1695 757 1751 pathos,
795 1709 878 1751 quo
909 1697 1061 1738 tenore
1094 1695 1304 1738 orationis
1336 1710 1405 1738 ex·
1418 1695 1462 1740 ΙΙ

22 1754 266 1810 7Ῑ)ι·ἰῐιιίί;ιιι·.
328 1769 377 1796 ac
419 1755 607 1809 primum
645 1769 920 1811 quaeramuS,
964 1754 1066 1810 quid
1105 1754 1155 1797 de
1191 1755 1273 1797 tali
1311 1769 1404 1797 ora-

53 1814 172 1857 tione
214 1813 432 1856 rhetorica
475 1816 567 1857 arte
609 1814 886 1870 praecipitur.
959 1816 1132 1870 oportet
1175 1814 1308 1870 enim,
1354 1817 1404 1856 ut

55 1873 192 1916 oratio
230 1872 451 1928 pathetica
489 1875 564 1915 aut
600 1873 655 1915 ad
692 1873 1035 1930 indignationem
1073 1875 1149 1916 aut
1189 1873 1243 1916 ad
1275 1874 1402 1916 mise-

53 1932 281 1975 ricordiam
325 1931 554 1988 dirigatur,
594 1947 701 1988 quae
746 1947 771 1975 a
808 1932 984 1976 Graecis
1022 1929 1167 1984 οἶκτος
1203 1931 1278 1975 καὶ
1316 1933 1404 1975 δεί-

150 2060 171 2091 3
196 2054 308 2101 Verg.
334 2055 467 2101 Georg.
492 2054 545 2090 ΙΙΙ
569 2058 638 2090 498
736 2060 756 2091 6
781 2055 832 2091 ib.
857 2055 910 2091 III
935 2058 1005 2091 500
1091 2059 1111 2091 9
1137 2055 1230 2092 Aen.
1257 2055 1308 2091 VI
1334 2058 1404 2091 498

53 2106 106 2185 &I
124 2102 173 2185 {bi
199 2102 304 2138 VIIII
329 2107 398 2139 476
506 2107 549 2138 16
574 2102 624 2137 ib.
650 2102 719 2138 VII
745 2106 813 2139 249
919 2106 962 2138 18
987 2103 1036 2139 ib.
1063 2103 1080 2138 I
1106 2106 1174 2139 228
1279 2106 1324 2138 20
1350 2102 1399 2138 ib.

63 2285 65 2287 -
152 2265 172 2297 2
198 2262 402 2308 tucydiden
429 2262 465 2297 P
523 2265 544 2297 8
571 2261 761 2298 deifebum
786 2262 823 2297 P
878 2267 920 2298 19
946 2262 1070 2298 sibilla
1089 2262 1125 2297 P
1182 2266 1226 2297 23
1249 2260 1349 2306 quod
1372 2260 1409 2295 P

60 2310 106 2344 25
131 2309 323 2347 orat10**
348 2310 382 2345 Ρ
453 2314 499 2344 26
526 2310 766 2346 ΔΕΙΝωΕΕΙΕ
790 2310 827 2345 Ρ
