1526 2444
604 63 690 99 XXI
716 67 832 98 5-14
1307 61 1395 104 573

45 173 306 229 respondeat
335 172 498 215 factum
530 172 732 226 referens,
764 185 848 227 quo
876 185 901 213 a
931 170 1151 213 ueteribus
1186 172 1228 212 et
1259 173 1394 225 temp-

45 236 138 275 tata
170 235 236 275 est
259 235 351 274 tam
382 231 570 273 difficilis
603 233 646 272 et
678 230 834 272 effecta
863 229 1032 272 diuisio.
1080 229 1435 285 Aegyptiorum9

45 292 157 334 enim
209 294 325 334 retro
375 290 579 344 maiores,
623 304 730 345 quos
773 291 945 332 constat
994 289 1158 344 primos
1202 289 1394 331 omnium

44 351 211 393 caelum
250 350 433 392 scrutari
471 351 515 391 et
546 349 688 391 metiri
719 363 865 403 ausos,
896 350 1127 404 postquam
1163 350 1395 403 perpetuae

6 421 25 448 ⁵
44 410 157 465 apud
196 423 240 451 se
271 408 518 451 serenitatis
551 408 755 464 obsequio
797 408 962 449 caelum
995 422 1164 462 semper
1195 409 1396 461 suspectu

43 469 178 511 libero
217 469 433 511 intuentes
472 467 861 522 deprehenderunt,
897 466 1109 508 uniuersis
1148 465 1219 508 uel
1258 466 1395 508 stellis

44 528 114 569 uel
166 527 378 569 sideribus
428 526 573 568 infixis
613 526 730 568 caelo
777 525 892 567 solas
937 540 1032 567 cum
1071 525 1162 567 sole
1206 527 1250 566 et
1293 525 1396 567 luna

48 587 235 642 quinque
262 586 410 628 stellas
437 589 599 641 uagari,
629 599 707 627 nec
732 584 812 627 has
838 587 983 627 tamen
1009 599 1086 639 per
1111 598 1261 627 omnes
1287 584 1396 626 caeli
1413 586 1467 628 10

44 648 189 701 partes
217 645 382 700 passim
407 659 456 687 ac
482 646 573 686 sine
600 647 717 686 certa
742 644 900 685 erroris
934 643 999 685 sui
1025 643 1119 699 lege
1145 643 1396 697 discurrere,

0 717 26 744 ιο
45 719 279 760 numquam
300 704 481 760 denique
507 703 560 745 ad
584 702 967 758 septentrionalem
986 703 1191 745 uerticem
1213 702 1397 753 deniare,

0 786 1 811 1
45 778 278 818 numquam
324 763 378 805 ad
416 762 620 804 australis
656 761 746 816 poli
789 761 878 803 ima
914 761 1121 816 demergi,
1165 761 1238 803 sed
1282 762 1398 803 intra

46 822 171 865 unius
215 822 380 878 obliqui
418 821 520 863 circi
555 820 739 862 limitem
780 835 928 863 omnes
970 820 1129 862 habere
1168 820 1398 876 discursus,

45 895 123 923 nec
156 895 305 923 omnes
338 884 481 922 tamen
515 880 576 922 ire
607 881 771 935 pariter
803 894 851 922 ac
883 879 1032 934 redire,
1065 879 1138 921 sed
1164 879 1271 921 alias
1297 879 1396 921 aliis

47 940 100 982 ad
139 940 322 982 eundem
358 940 502 982 locum
538 939 761 994 peruenire
805 938 1093 994 temporibus,
1129 953 1301 980 rursum
1346 952 1396 980 ex

13 1009 31 1036 ⁵
51 999 118 1041 his
145 1000 251 1041 alias
278 999 490 1052 accedere,
521 1001 637 1040 retro
665 998 737 1054 agi
762 997 884 1052 alias,
920 997 1142 1053 uiderique
1169 1000 1284 1039 stare
1309 1011 1398 1039 non

48 1072 302 1113 numquam:
353 1060 586 1113 postquam
635 1057 760 1110 haee,
809 1057 1002 1112 inquam,
1046 1058 1160 1099 inter
1210 1071 1281 1098 eas
1325 1056 1464 1112 agili

50 1117 269 1172 uiderunt,
301 1119 438 1159 certas
471 1117 553 1159 sibi
584 1119 730 1172 partes
763 1116 1043 1158 decreuerunt
1079 1117 1125 1158 in
1155 1116 1251 1171 ipso
1283 1116 1395 1158 circo

50 1177 315 1219 constituere
354 1178 397 1218 et
442 1175 724 1218 diuisionibus
764 1175 987 1230 adnotare,
1025 1177 1073 1217 ut
1105 1179 1222 1217 certa
1253 1177 1398 1217 essent

50 1235 243 1277 locorum
276 1235 464 1288 nomina,
495 1235 540 1276 in
572 1234 728 1289 quibus
760 1248 833 1276 eas
865 1234 1024 1276 morari
1054 1234 1126 1276 uel
1158 1234 1208 1276 de
1241 1234 1397 1289 quibus

52 1294 191 1335 exisse
218 1294 271 1336 ad
298 1307 460 1349 quaeue
484 1308 632 1335 rursus
659 1307 750 1335 esse
775 1296 980 1335 uenturas
1007 1296 1050 1335 et
1075 1293 1158 1335 sibi
1183 1294 1228 1334 in
1260 1293 1398 1335 uicem

47 1353 315 1407 nuntiarent,
365 1355 409 1395 et
452 1352 504 1394 ad
542 1355 740 1407 posteros
783 1352 998 1394 noscenda
1040 1352 1397 1395 transmitterent.
1415 1369 1448 1394 :a
1459 1364 1525 1414 ij-1³-

50 1412 216 1454 duobus
248 1412 382 1467 igitur
412 1412 531 1453 uasis
564 1412 706 1469 ae-n-ejs
739 1411 1023 1466 praeparatis,
1055 1426 1238 1466 quorum
1271 1410 1397 1453 alteri
1414 1410 1468 1454 12

50 1471 207 1513 fundus
239 1474 333 1513 erat
362 1472 408 1512 in
439 1467 613 1513 modum
645 1470 894 1526 clepsydrae
925 1471 1103 1526 foratus,
1134 1470 1252 1524 illud,
1283 1470 1397 1524 quod

50 1533 142 1572 erat
170 1531 401 1585 integrum,
431 1544 615 1572 uacuum
642 1529 918 1572 subiecerunt
943 1529 1071 1584 pleno
1098 1543 1233 1584 aquae
1259 1529 1396 1571 altero

13 1599 30 1626 5
50 1590 323 1644 superposito
362 1588 965 1645 sQfflaeanito,
997 1591 1040 1631 et
1077 1588 1315 1643 quamlibet
1345 1588 1396 1630 de

48 1647 193 1690 infixis
226 1663 356 1690 unam
382 1648 670 1690 clarissimam
702 1647 874 1690 stellam
906 1647 1127 1702 lucideque
1159 1647 1396 1690 notabilem

49 1707 257 1750 orientem
311 1707 662 1750 obseruauerunt.
735 1721 844 1762 quae
894 1706 969 1748 ubi
1017 1707 1204 1761 primum
1254 1706 1397 1762 coepit
1412 1707 1466 1749 13

49 1780 285 1822 emergere,
322 1781 423 1809 mox
455 1766 693 1808 munitione
726 1765 938 1808 subducta
968 1765 1259 1821 permiserunt
1297 1765 1397 1807 sub-

49 1826 158 1868 iecto
209 1825 303 1868 nasi
360 1839 520 1881 aquam
575 1825 810 1881 superioris
851 1824 1045 1876 influere,
1095 1824 1302 1880 fluxitque
1351 1825 1398 1866 in

48 1884 188 1927 noctis
225 1883 361 1939 ipsius
400 1886 443 1927 et
476 1884 612 1926 secuti
645 1883 729 1926 diei
759 1884 906 1935 finem,
945 1885 1074 1939 atque
1105 1883 1151 1925 in
1181 1883 1225 1926 id
1255 1883 1396 1926 noctis

50 1943 277 1998 secundae,
315 1958 443 1998 quam
489 1942 560 1984 diu
605 1942 753 1985 eadem
798 1943 928 1994 stella
965 1943 1017 1985 ad
1062 1945 1204 1985 ortum
1247 1957 1395 1985 rursus

48 2003 291 2044 reuertitur.
353 2016 463 2057 quae
499 2002 575 2043 ubi
607 2016 812 2058 apparere
842 2003 917 2044 uix
947 2002 1106 2057 coepit,
1147 2017 1248 2044 mox
1281 2016 1393 2058 aqua
1413 2003 1466 2044 14

144 2122 165 2153 2
190 2119 450 2164 Aeglptiorum
476 2118 512 2153 B
594 2121 615 2152 5
641 2119 733 2163 aput
760 2117 810 2152 P'
890 2118 1102 2162 obsequlo*
1131 2118 1165 2152 P
1243 2122 1264 2153 6
1290 2119 1396 2153 hum—

49 2164 164 2200 uersil'
184 2163 231 2200 B'
343 2169 386 2200 13
414 2165 467 2200 set
492 2165 527 2199 B
632 2168 675 2199 15
701 2164 795 2200 ahaf
812 2169 894 2210 post
919 2165 978 2200 hls
999 2176 1066 2200 om.
1095 2165 1142 2200 P'
1241 2176 1339 2211 agi*
1365 2165 1402 2200 Ρ

51 2215 95 2247 16
115 2217 229 2255 lnqua
248 2223 315 2249 om.
338 2212 388 2247 P'
450 2215 495 2247 23
517 2212 619 2257 cleps
622 2212 737 2260 hydr-9
757 2213 801 2256 P,
822 2212 1035 2260 clepshidre
1054 2213 1091 2247 B
1153 2215 1199 2247 24
1216 2213 1397 2257 integru*
1462 2222 1467 2227 ’

48 2259 86 2294 Ρ
173 2264 217 2294 25
243 2260 385 2296 monito
410 2258 459 2294 P'
551 2263 596 2295 26
622 2259 750 2294 stellas
769 2259 805 2294 Β
899 2263 942 2295 27
971 2263 1002 2295 et
1028 2263 1072 2294 32
1098 2261 1202 2306 cepit
1227 2261 1263 2295 B
1352 2263 1396 2294 30

50 2305 215 2351 seqfinus
238 2308 282 2352 P,
308 2309 326 2341 1
351 2307 427 2342 cuti
452 2308 536 2343 add.
551 2318 581 2353 p
653 2319 692 2341 1n
717 2306 755 2342 id
780 2306 894 2352 usque
915 2306 962 2342 ad
981 2317 1203 2352 principium
1223 2307 1345 2342 noctis
1363 2306 1400 2340 P
