1526 2444
573 107 642 144 VII
668 113 688 144 9
725 107 811 143 VIII
837 111 928 143 1-5
1328 105 1412 147 517

69 219 175 262 adeo
225 233 251 260 a
298 219 414 260 metu
463 216 671 272 praedicti
720 216 923 258 interitus
969 215 1175 271 cogitatio
1222 214 1413 256 uiuentis

69 280 217 332 erepta
242 279 318 331 est,
343 278 391 318 ut
416 276 467 319 ad
488 275 697 318 moriendi
723 274 982 318 desiderium
1006 273 1121 316 ultro
1149 274 1415 317 animaretur

68 337 292 379 maiestate
317 336 557 391 promissae
577 334 857 377 beatitudinis
885 336 927 376 et
946 333 1143 376 caelestis
1164 331 1416 375 habitaculi.

69 395 143 438 sed
169 395 219 437 de
245 394 465 448 beatitate,
491 408 599 449 quae
626 393 806 436 debetur
831 392 1210 436 conseruatoribus
1236 391 1414 447 patriae,

22 467 50 497 '5
69 468 206 509 pauca
243 453 420 496 dicenda
453 455 571 507 sunt,
606 455 656 494 ut
692 455 844 507 postea
881 452 1024 494 locum
1062 465 1250 506 omnem,
1289 464 1415 506 quem

69 513 140 555 hic
171 512 442 556 tractandum
474 512 729 567 recepimus,
760 511 1041 554 resoluamus.
1103 511 1219 553 solae
1251 509 1456 552 faciunt3

70 572 254 614 uirtutes
304 573 498 625 beatum,
548 571 751 625 nullaque
801 570 887 612 alia
937 570 1162 624 quisquam
1212 568 1286 610 uia
1334 568 1416 610 hoc

70 645 225 673 nomen
270 630 531 685 adipiscitur.
604 630 715 672 unde
765 629 837 684 qui
881 628 1112 671 aestimant
1155 628 1285 669 nullis
1331 627 1416 669 nisi

69 689 480 745 philosophantibus
512 689 653 730 inesse
691 689 893 742 uirtutes,
932 687 1076 729 nullos
1113 689 1285 742 praeter
1322 685 1417 740 phi-

20 764 55 791 ιο
72 749 276 803 losophos
313 748 466 790 beatos
505 761 597 789 esse
637 747 931 802 pronuntiant.
995 746 1262 801 agnitionem
1301 745 1416 787 enim

71 821 214 849 rerum
263 806 505 848 diuinarum
555 805 814 860 sapientiam
862 804 1036 859 proprie
1086 807 1292 846 uocantes
1343 817 1416 845 eos

71 867 242 908 tantum
279 865 407 908 modo
453 864 600 907 dicunt
637 878 729 907 esse
767 864 1001 919 sapientes,
1042 863 1114 918 qui
1153 877 1338 918 superna
1375 864 1418 904 et

42 948 54 966 s
71 924 162 967 acie
200 924 355 966 mentis
393 924 618 978 requirunt
655 925 698 965 et
735 922 966 978 quaerendi
1007 923 1154 978 sagaci
1193 922 1417 977 diligentia

0 970 424 1051 {conprehendunt
449 985 503 1035 et,
536 984 744 1038 quantum
775 981 952 1024 uiuendi
976 981 1263 1036 perspicuitas
1294 994 1417 1036 prae-

0 1055 53 1096 ξιτ»
72 1043 171 1097 stat,
215 1042 457 1084 imitantur:
502 1043 545 1083 et
583 1042 630 1083 in
671 1041 753 1084 hoo
792 1041 883 1083 sola
921 1054 1013 1082 esse
1052 1041 1174 1082 aiunt
1216 1039 1419 1082 exercitia

71 1101 301 1156 uirtutum,
341 1115 522 1155 quarum
560 1100 620 1142 sic
662 1100 804 1142 officia
841 1099 1104 1154 dispensant.
1165 1098 1461 1154 prudentiae4

0 1163 5 1192 s
72 1174 165 1202 esse
199 1160 402 1201 mundum
433 1159 567 1201 istum
598 1162 643 1202 et
673 1159 830 1214 omnia,
861 1173 969 1214 quae
1001 1159 1048 1200 in
1073 1158 1232 1200 mundo
1258 1158 1418 1210 insunt,

72 1218 316 1261 diuinorum
342 1218 703 1273 contemplatione
729 1218 946 1274 despicere
971 1231 1226 1273 omnemque
1252 1217 1419 1259 animae

72 1278 380 1333 cogitationem
427 1278 473 1319 in
516 1277 610 1319 sola
658 1276 804 1318 diuina
853 1276 1055 1332 dirigere:
1103 1275 1419 1331 temperantiae

3 1351 56 1381 120
74 1336 218 1379 omnia
260 1336 489 1391 relinqere,
532 1336 578 1378 in
624 1338 834 1391 quantum
877 1338 1033 1377 natura
1076 1336 1257 1390 patitur,
1311 1349 1418 1388 quae

19 1429 22 1437 ,
75 1395 266 1450 corporis
292 1410 395 1437 usus
427 1395 624 1449 requirit:
650 1394 915 1437 fortitudinis
940 1408 1027 1436 non
1052 1393 1204 1435 terreri
1230 1393 1420 1436 animam

75 1469 100 1496 a
131 1469 309 1510 corpore
341 1454 527 1509 quodam
564 1453 690 1496 modo
730 1453 859 1495 ductu
890 1452 1188 1507 philosophiae
1226 1451 1420 1494 receden-

74 1515 174 1567 tem,
206 1527 285 1555 neo
316 1513 586 1555 altitudinem
613 1511 829 1567 perfectae
860 1512 913 1554 ad
946 1526 1132 1566 superna
1157 1510 1420 1553 ascensionis

74 1571 267 1614 horrere:
304 1572 497 1614 iustitiae
538 1571 590 1614 ad
628 1586 758 1613 unam
797 1571 877 1613 sibi
909 1570 1035 1613 huius
1073 1570 1286 1626 propositi
1323 1584 1422 1612 con-

9 1642 57 1689 {⁸⁶
77 1631 236 1672 sentire
261 1631 378 1672 uiam
403 1631 531 1673 unius
557 1631 760 1686 cuiusque
785 1630 960 1672 uirtutis
982 1630 1246 1684 obsequium.
1292 1631 1420 1684 atque

16 1713 29 1739 η(-
74 1689 138 1731 ita
180 1690 247 1745 fit,
294 1692 343 1732 ut
390 1690 624 1732 secundum
673 1689 754 1732 hoc
803 1691 894 1731 tam
943 1688 1110 1744 rigidae
1161 1687 1420 1730 definitionis

11 1779 21 1803 4
76 1749 306 1803 abruptum
338 1763 479 1790 rerum
519 1749 791 1803 publicarum
822 1751 1010 1790 rectores
1048 1747 1167 1789 beati
1203 1761 1297 1789 esse
1333 1761 1420 1789 non

74 1802 290 1862 possint>
315 1807 390 1850 sed
414 1807 652 1850 PLOTINVS
684 1808 798 1849 inter
822 1806 1123 1862 philosophiae
1154 1806 1419 1860 professores
1436 1805 1463 1849 5

76 1880 172 1908 cum
203 1865 385 1908 Platone
425 1867 625 1921 princeps
663 1877 805 1908 LiBRo
844 1878 907 1907 DE
945 1876 1224 1908 vm'rv'rmvs
1262 1864 1422 1921 gradus

0 1931 59 1981 {so
77 1939 222 1966 earum
258 1939 362 1966 uera
401 1928 443 1967 et
479 1925 672 1967 naturali
709 1925 932 1967 diuisionis
969 1925 1136 1967 ratione
1175 1924 1423 1980 conpositos

77 1998 152 2038 per
173 1983 366 2026 ordinem
386 1983 555 2039 digerit.
587 1986 792 2039 quattuor
811 1985 927 2039 sunt,
945 1983 1097 2039 inquit,
1118 1986 1424 2039 quaternarum

175 2161 193 2192 1
218 2156 376 2192 interius
395 2157 443 2193 P'
566 2162 588 2194 3
612 2157 841 2194 habltaeulis
860 2157 906 2194 B‘
1028 2162 1049 2194 8
1076 2169 1164 2204 quia
1194 2157 1366 2193 estimant
1391 2158 1429 2192 P

81 2207 125 2240 14
150 2204 427 2248 comphendunt
451 2205 488 2240 P
588 2208 630 2241 17
658 2205 712 2240 est
736 2203 783 2241 B'
891 2209 976 2242 ante
1001 2216 1127 2242 omma
1151 2215 1258 2241 erasa
1283 2216 1298 2239 1
1322 2206 1364 2241 in
1389 2205 1426 2240 B

26 2253 38 2277 ἕ·
79 2255 126 2287 20
151 2262 189 2287 01
211 2253 253 2286 in
278 2251 340 2287 615,
362 2253 405 2288 in
423 2262 495 2288 ras.
516 2253 559 2288 in
577 2253 614 2288 B
685 2256 730 2288 21
750 2252 837 2289 usus
855 2253 1012 2298 rehquit
1029 2253 1065 2288 B
1137 2263 1213 2287 non
1230 2253 1371 2288 terrem
1389 2252 1426 2287 B

80 2301 127 2334 24
151 2298 321 2335 confitire
348 2295 400 2334 P'
485 2302 530 2335 26
555 2300 599 2334 ut
616 2310 658 2345 p,
682 2312 708 2335 u
733 2300 770 2335 P
851 2304 895 2336 27
921 2300 1244 2346 resspubhcarum
1271 2300 1326 2346 (in
1351 2310 1425 2335 ναε.

27 2348 49 2398 ἓ
80 2345 156 2390 fuit
180 2348 215 2391 x)
242 2345 279 2380 Β
353 2350 397 2381 30
423 2346 647 2392 cumpositos
667 2347 704 2383 P
772 2350 815 2383 31
843 2349 1003 2392 quatuor
1030 2347 1068 2382 P
