1526 2444
553 47 571 83 Ι
597 51 735 83 19—25
772 47 808 82 11
834 50 926 82 1-4
1326 46 1412 88 587

30 195 34 203 ,
63 173 146 203 nus
178 157 360 212 auditus,
391 156 506 199 ultro
534 158 677 199 autem
710 170 754 198 se
779 155 920 198 tendit
943 154 1193 198 harmoniae
1214 155 1412 197 caelestis

41 217 248 272 accesiO,
286 215 328 258 id
374 218 439 257 est
474 230 607 270 usque
646 214 700 257 ad
741 218 892 270 quater
930 215 1003 256 διὰ
1039 220 1192 257 πασῶν
1229 212 1302 256 καὶ
1340 214 1413 256 διὰ

65 275 205 319 πέντε.
259 289 371 317 nunc
402 274 576 316 interim
602 274 653 316 de
678 274 757 328 his,
791 288 897 329 quas
923 273 1256 329 nominauimus,
1281 273 1414 315 disse-

23 338 29 347 *
64 348 222 378 ramuS.
285 333 542 389 symphonia
582 333 655 375 διὰ
693 333 917 389 τεσσάρων
955 335 1126 375 constat
1164 333 1216 374 de
1247 332 1412 374 duobus
1427 332 1484 375 25

39 406 43 429 ῑ
65 395 180 437 tonis
206 395 249 435 et
268 392 518 447 hemitonio,
543 395 592 434 ut
612 392 830 447 minutias,
855 406 964 447 quae
985 391 1278 434 additamento
1301 394 1414 446 sunt,

34 451 42 458 ”’
63 453 380 508 relinquamus,
417 466 471 493 ne
503 451 799 493 difficultatem
834 465 1044 506 creemus,
1075 453 1119 492 et
1149 450 1200 492 fit
1238 464 1288 492 ex
1330 450 1414 506 epi-

4 550 6 555 ,
64 513 187 567 trito,
229 511 302 553 διὰ
332 510 461 553 πέντε
492 512 664 553 constat
695 525 745 552 ex
776 510 916 552 tribus
948 511 1063 552 tonis
1097 512 1140 552 et
1171 510 1412 552 hemitonio

65 573 109 613 et
138 571 189 612 fit
218 570 269 612 de
301 570 518 624 hemiolio,
551 569 624 611 διὰ
655 575 808 611 πασῶν
839 571 1012 612 constat
1043 569 1094 610 de
1122 583 1195 610 sex
1221 568 1338 611 tonis
1372 571 1415 610 et

4 627 33 689 ,ſss
64 630 116 672 fit
141 630 191 672 de
217 629 399 684 duplari,
431 643 580 671 uerum
607 628 681 670 διὰ
706 634 860 670 πασῶν
886 625 960 670 καὶ
987 628 1061 670 διὰ
1085 626 1216 670 πέντε
1242 630 1414 670 constat

3 687 41 748 ζ
66 704 117 731 ex
147 703 305 731 nouem
330 688 447 730 tonis
474 690 517 729 et
541 687 780 729 hemitonio
806 690 849 728 et
874 687 924 728 fit
949 687 1000 728 de
1026 687 1198 741 triplari
1223 701 1414 737 numero,

65 748 133 798 δίς
169 751 314 790 autem
347 747 422 789 διὰ
452 753 604 788 πασῶν
643 746 836 788 continet
866 749 993 788 tonos
1027 745 1251 787 duodecim
1289 748 1332 787 et
1365 745 1415 787 fit

2 787 25 852 [i]
65 822 116 849 ex
147 806 394 862 quadruplo.

18 878 38 957 ξ
181 888 294 931 Hinc
319 888 444 930 Plato
477 889 721 954 postquam
733 889 776 929 et
801 886 1116 941 Pythagoricae
1143 886 1410 929 successione
1422 888 1468 931 Π

19 933 282 991 doctrinae
313 950 356 989 et
387 946 549 1002 ingenii
573 946 740 1001 proprii
767 945 913 987 diuina
938 945 1230 1012 profunditate
1255 959 1414 1001 cogno·

67 1008 146 1062 uit,
188 1007 352 1049 nullam
391 1020 482 1048 esse
532 1019 661 1059 posse
706 1005 796 1047 sine
836 1005 903 1046 his
952 1005 1142 1047 numeris
1179 1004 1415 1060 iugabilem

65 1040 403 1122 conpetentiam,
453 1065 497 1106 in
548 1063 725 1106 Timaeo
777 1078 854 1106 suo
903 1063 1051 1105 mundi
1101 1063 1290 1105 animam
1339 1078 1416 1118 per

34 1126 249 1171 istorum
268 1138 545 1166 numerorum
566 1122 885 1165 contextionem
910 1122 1119 1165 ineffabili
1138 1122 1415 1177 prouidentia

65 1184 133 1226 dei
169 1182 443 1226 fabricatoris
475 1181 676 1224 instituit.
739 1182 858 1223 cuius
899 1196 1049 1223 sensus
1090 1182 1126 1222 si
1163 1181 1262 1224 huic
1294 1181 1415 1236 operi

11 1261 15 1275 τ
65 1242 197 1285 fuerit
222 1242 455 1297 adpositus,
481 1241 715 1295 plurimum
741 1255 821 1282 nos
848 1240 901 1282 ad
927 1241 1160 1283 uerborum
1182 1239 1414 1292 Ciceronis,

66 1316 175 1358 quae
212 1302 325 1343 circa
356 1300 627 1354 disciplinam
661 1299 849 1342 musicae
888 1299 1089 1341 uidentur
1121 1299 1321 1353 obscura,
1351 1300 1414 1341 in-

9 1361 286 1415 υξὺθ11001511111
311 1359 490 1401 iuuabit.
535 1359 608 1400 sed
633 1372 686 1400 ne
712 1358 862 1413 quod
850 1372 895 1399 in
921 1358 1208 1423 patrocinium
1234 1359 1412 1400 alterius
1428 1360 1482 1402 2

66 1419 351 1476 expositionis
379 1417 617 1471 adhibetur,
648 1417 791 1472 ipsum
817 1431 894 1471 per
926 1431 970 1459 se
981 1410 1171 1459 difficile
1203 1417 1414 1484 credatur,

9 1482 201 1562 {pauca
218 1477 344 1520 nobis
364 1476 681 1532 praemittenda
702 1478 814 1531 sunt,
834 1490 942 1532 quae
962 1476 1089 1517 simul
1109 1476 1365 1530 utriusque
1353 1491 1414 1518 111-

66 1537 356 1593 tellegentiam
382 1536 543 1578 faciant
568 1535 833 1577 lucidiorem.
878 1549 1003 1577 omne
1042 1534 1228 1577 solidum
1258 1537 1454 1590 corpus3

7 1482 180 1682 {trina
206 1595 471 1637 dimensione
497 1593 768 1645 distenditur,
799 1593 932 1636 habet
957 1594 1070 1635 enim
1095 1593 1413 1649 longitudinem

26 1654 334 1697 latitudinem
349 1653 702 1708 profunditatem,
712 1667 790 1694 nec
804 1653 972 1707 potest
960 1652 1146 1694 inueniri
1159 1653 1203 1694 in
1218 1653 1415 1708 quolibet

8 1726 25 1750 ⁴
67 1728 242 1768 corpore
275 1715 430 1769 quarta
461 1712 691 1766 dimensio,
723 1712 797 1753 sed
829 1711 897 1753 his
928 1711 1068 1753 tribus
1101 1726 1226 1754 omne
1258 1726 1412 1767 corpus

2 1761 26 1854 Ξ
67 1772 252 1815 solidum
272 1772 527 1815 continetur.
573 1772 818 1827 geometrae
837 1774 984 1812 tamen
1010 1770 1097 1813 alia
1122 1771 1206 1813 sibi
1232 1773 1455 1826 corpora4

8 1919 9 1922 ,
161 1891 180 1922 1
208 1897 398 1923 armoniae
422 1886 495 1922 ΡΒ
621 1889 642 1921 2
668 1886 895 1932 ΑΙΔΡΛΞΕΟΝ
922 1886 958 1921 Β
1086 1890 1106 1922 3
1127 1887 1308 1933 posterior
1333 1886 1352 1921 Γ
1371 1888 1414 1923 in

65 1934 284 1972 disseramus
302 1935 345 1970 in
367 1945 441 1970 ras.
467 1935 510 1969 in
534 1933 572 1969 P
646 1936 669 1967 4
694 1934 756 1969 dia
777 1933 939 1969 tessaron
966 1933 1038 1968 PB
1111 1937 1132 1968 5
1159 1935 1336 1970 emitomo
1363 1932 1412 1970 P'

0 1997 26 2027 s
64 1984 231 2020 ****ut
260 1981 297 2016 P
367 1991 463 2026 quae
488 1993 528 2016 in
553 1980 809 2016 additamento
835 1981 1008 2027 (itament
1033 1981 1074 2016 in
1093 1981 1182 2026 ras.)
1199 1981 1236 2017 B
1308 1981 1413 2017 addi-

0 2084 5 2085 γ
65 2055 190 2090 mento
216 2054 254 2089 P
323 2057 343 2088 6
370 2042 566 2097 οιεθωξΐ*
592 2051 629 2086 P
703 2056 723 2087 7
750 2053 818 2087 ΛΙΛ
843 2051 880 2086 Β
954 2052 1132 2087 emitonio
1158 2049 1206 2087 P‘
1282 2055 1303 2087 8
1329 2054 1414 2088 ΔΙΑ-

0 2128 2 2130 ,
64 2102 190 2137 ΠΕΟΝ
217 2101 254 2136 Β
399 2102 420 2134 9
450 2099 672 2134 ΑΙΔΠΑΕΟΝ
698 2098 736 2134 Β
882 2102 923 2134 11
950 2098 1018 2134 Dis
1044 2101 1092 2135 asi
1125 2100 1350 2136 ΑΙΑΠΑΕΟΝ
1377 2101 1414 2135 Β

26 2165 31 2182 τ
65 2147 176 2184 tenos
195 2145 241 2182 P'
318 2150 362 2182 13
388 2148 606 2194 pytagorice
632 2146 670 2181 B
743 2149 786 2182 16
812 2147 1102 2192 competentiam
1126 2147 1163 2182 P
1231 2149 1358 2193 tymeo
1377 2148 1414 2183 Β

68 2198 111 2231 1Ἷ
138 2195 391 2242 comixltio—em
416 2194 453 2229 Β
534 2195 576 2228 19
602 2192 794 2238 appositus
812 2194 848 2228 Β
922 2197 968 2229 20
993 2193 1166 2230 obscurat
1189 2198 1231 2231 ut
1255 2195 1333 2231 uid.
1362 2194 1412 2230 P'

67 2245 110 2278 21
137 2241 192 2324 fet
214 2253 299 2287 neq.
324 2253 364 2277 in
388 2242 425 2277 B
499 2243 544 2276 23
568 2241 902 2286 praetermittenda
924 2241 961 2277 B
1033 2244 1080 2277 24
1098 2240 1358 2287 intellegentia
1378 2243 1415 2278 B

67 2293 112 2326 27
153 2291 192 2326 et
216 2290 253 2325 B
