1526 2444
593 66 664 103 1111
691 69 829 103 15—23
1301 63 1385 107 381

100 194 230 236 porro
262 177 537 234 cleinopodas
569 175 852 231 lychnosque,
883 177 932 217 ut
964 174 1149 218 diximus
1181 180 1353 229 σεμνῶς

101 241 201 283 ante
231 237 361 295 pedes
391 235 494 280 lecti
526 237 654 290 atque
685 235 895 277 lucernas.

42 325 86 364 et
116 321 229 378 quod
263 319 372 363 dixit
840 358 846 362 s
1406 319 1459 361 19

324 416 404 444 nec
433 399 601 443 lucidus
635 399 786 442 aethra

8 475 25 502 ⁵
104 463 270 506 siderea
300 461 426 518 polus

43 545 211 588 Ennius
242 543 361 599 prior
392 543 558 585 dixerat
587 541 633 583 in
665 543 785 584 sexto
819 540 981 583 decimo

539 625 705 666 interea
734 623 807 666 fax

106 684 263 729 occidit
295 697 585 739 oceanumque
616 683 746 725 rubra
776 681 951 724 tractim
984 681 1127 724 obruit
1160 680 1311 724 aethra

48 770 91 811 et
122 768 259 811 Iulius
291 767 337 809 in
367 766 635 809 Teuthrante

0 858 33 885 ¹0
109 851 352 893 flammeam
388 863 466 903 per
502 847 694 890 aethram
732 847 820 889 late
857 846 1068 889 feruidam
1106 846 1211 889 ferri
1244 845 1395 889 facem.

542 942 737 985 Daedala
768 939 910 997 Circe,
1395 943 1468 986 ,20

0 1089 2 1108 s
51 1027 151 1084 quia
182 1026 406 1069 Lucretius
439 1025 607 1068 dixerat

0 1110 3 1166 ἰ
547 1107 728 1150 daedala
758 1108 899 1150 tellus.

110 1203 310 1246 Reboant
341 1203 559 1258 siluaeque
592 1204 635 1244 et
663 1203 821 1259 longus
853 1201 1082 1258 Olympus,
1414 1204 1468 1245 21

54 1286 154 1342 quia
184 1288 251 1328 est
281 1286 394 1342 apud
425 1285 672 1327 Lucretium

112 1382 191 1411 nec
223 1368 390 1411 cithara
420 1367 601 1410 reboant
631 1368 832 1423 laqueata
864 1370 1100 1424 aurataque
1130 1369 1258 1409 tecta.

57 1451 130 1494 sed
178 1451 260 1495 hac
305 1450 483 1494 licentia
524 1450 690 1506 largius
735 1450 804 1492 usi
848 1452 949 1492 sunt
991 1451 1181 1505 ueteres,
1229 1449 1402 1504 parcius
1416 1451 1474 1493 22

59 1510 194 1564 Maro,
233 1510 391 1566 quippe
428 1509 496 1551 illi
533 1508 732 1551 dixerunt
770 1511 814 1551 et
849 1523 1059 1564 pausam
1097 1511 1141 1550 et
1172 1508 1405 1551 machae-

58 1583 164 1612 ram
204 1571 248 1610 et
284 1568 505 1611 asotiam
542 1570 586 1610 et
622 1568 852 1610 malacen
890 1570 933 1610 et
970 1567 1057 1610 alia
1093 1567 1264 1610 similia.
1325 1569 1474 1612 nec23

57 1643 145 1671 non
166 1630 209 1669 et
227 1627 400 1670 Punicis
421 1626 626 1683 Oscisque
645 1627 789 1669 uerbis
809 1628 876 1669 usi
897 1629 1000 1669 sunt
1017 1628 1198 1682 ueteres,
1220 1640 1403 1682 quorum

58 1687 301 1729 imitatione
330 1685 552 1743 Vergilius
590 1687 820 1742 peregrina
856 1686 989 1729 uerba
1018 1701 1107 1729 11011
1138 1686 1319 1742 respuit,
1356 1687 1406 1728 ut

59 1746 103 1788 in
133 1746 211 1788 illo

156 1900 173 1931 1
200 1897 216 1931 Ι
241 1899 287 1931 43
313 1895 398 1932 Luc.
425 1896 598 1932 Muelleri
716 1899 739 1930 4
764 1896 857 1932 Aen.
883 1896 936 1931 III
962 1899 1031 1932 585
1153 1900 1174 1932 6
1199 1899 1268 1932 417
1294 1895 1406 1932 Vahl.

59 1946 128 1979 442
153 1944 242 1979 Luc.
268 1944 396 1979 Muell.
470 1947 490 1979 9
516 1943 648 1989 fragm.
674 1943 770 1989 trag.
797 1943 855 1980 ed.
878 1947 898 1979 2
918 1943 1029 1980 Ribb.
1049 1955 1085 1988 p.
1106 1947 1174 1979 228
1250 1947 1292 1979 11
1313 1943 1406 1979 Aen.

49 1990 129 2028 ‘VII
154 1993 222 2026 282
334 1994 377 2026 13
403 1991 420 2025 Ι
447 1993 466 2025 7
493 1992 530 2027 et
554 1994 623 2026 228
740 1994 784 2026 14
810 1990 944 2036 Georg.
968 1990 1021 2025 III
1047 1994 1114 2026 223
1233 1995 1276 2027 16
1301 1991 1336 2025 Π
1362 1994 1406 2026 28

158 2138 175 2167 1
210 2131 437 2177 Ketnopodac
473 2132 704 2179 chnopoldas
730 2132 907 2178 hchnofq.
938 2134 981 2168 ut
1011 2132 1173 2169 dmmus
1200 2144 1346 2169 cemnoc
1377 2133 1414 2168 P

53 2180 86 2214 ³⁹
109 2178 225 2214 Iulius
248 2179 379 2226 uulyo:
403 2178 491 2214 111vs
510 2179 548 2215 P
619 2192 659 2215 111
682 2181 873 2217 teutrante
898 2180 936 2216 P
1011 2184 1056 2216 10
1080 2181 1158 2216 late
1183 2180 1407 2217 Seriuerius:

54 2225 139 2266 zulte
162 2226 199 2261 P
278 2230 320 2261 11
347 2230 381 2262 et
406 2229 450 2262 13
475 2226 612 2264 dedalo.
635 2227 673 2263 P
754 2230 799 2263 14
825 2227 987 2274 ohmpur
1006 2228 1044 2264 P
1124 2231 1168 2263 16
1194 2228 1348 2273 cythara
1375 2228 1413 2262 P

64 2272 120 2356 :a
135 2283 271 2356 ᾳιιΙιξρθ
296 2277 339 2310 ut
362 2274 440 2310 uid.
467 2273 514 2309 P'
605 2275 782 2312 machera
806 2275 844 2311 P
925 2278 968 2310 19
994 2277 1119 2312 aeona
1144 2275 1182 2311 P
1258 2278 1304 2311 20
1329 2275 1409 2311 hos·

117 2331 152 2364 q.
