1526 2444
136 62 220 104 212
641 61 738 97 sAT.
764 62 891 102 mem
915 61 965 97 111
1516 67 1526 103 5

134 169 371 211 constituit!
434 168 571 210 ausim
612 167 765 221 dicere,
805 170 852 209 ut
888 168 1033 210 uilitas
1071 167 1258 209 edulium
1295 168 1458 210 animos
1524 164 1526 199 ἶ

133 227 355 269 hominum
380 226 434 267 ad
464 225 676 280 parandas
708 226 983 268 obsoniorum
1014 226 1159 280 copias
1190 225 1386 267 incitaret
1417 229 1460 268 et

135 286 259 340 gulae
303 284 462 325 seruire
505 284 650 339 etiam,
695 284 767 338 qui
808 284 950 338 paruis
993 286 1136 325 essent
1176 283 1462 334 facultatibus,

72 344 125 386 12
138 344 324 397 possent.
369 341 504 383 dicam
530 341 653 395 plane
679 341 791 396 quod
816 342 965 383 sentio.
1009 341 1197 395 adprime
1222 341 1462 383 luxuriosus

138 400 243 442 mihi
267 399 436 441 uidetur
460 401 502 440 et
526 399 742 454 prodigus,
772 400 838 440 cui
862 399 966 440 haec
997 402 1120 440 tanta
1149 399 1195 440 in
1226 399 1361 452 epulis
1391 399 1461 440 uel
1497 416 1513 442 ὅ

138 458 327 512 gratuita
376 460 602 511 ponantur.
679 457 824 511 itaque
866 459 989 498 tanto
1031 457 1112 498 hoc
1155 457 1368 498 saeculum
1411 456 1464 498 ad

139 530 306 557 omnem
346 515 650 556 continentiam
690 515 946 569 promptius,
988 517 1036 556 ut
1074 514 1275 568 pleraque
1314 515 1464 556 harum

138 588 298 627 rerum,
336 587 443 627 quae
476 571 649 614 Sullana
684 573 777 627 lege
815 575 858 613 et
894 573 1024 628 uulgo
1062 574 1165 614 nota
1194 572 1465 626 comprehen-

141 632 308 684 duntur,
338 645 463 673 nemo
495 632 690 672 nostrum
721 631 790 672 uel
820 630 948 672 fando
980 630 1244 684 compererit.

73 691 126 732 13
257 688 376 731 Sulla
417 691 584 730 mortuo
628 689 846 742 Lepidus
890 688 1038 730 consul
1079 688 1240 742 legem
1282 687 1381 729 tulit
1423 689 1466 729 et
1486 705 1526 732 101

139 747 232 801 ipse
262 746 510 788 cibariam
544 770 593 777 —
629 745 750 788 Cato
788 746 901 787 enim
939 746 1223 799 sumptuarias
1255 745 1371 800 leges
1402 746 1467 787 ci·
1524 761 1526 766 ¹

141 805 312 846 bariae
345 805 545 859 appellat.
1524 806 1526 846 ἶ

258 862 367 904 Dein
393 862 537 916 paucis
561 861 795 903 interiectis
821 861 944 902 annis
976 861 1061 902 alia
1091 861 1160 902 lex
1191 860 1386 914 peruenit
1415 860 1469 902 ad
1523 867 1526 910 j

142 921 346 975 populum
396 920 556 961 ferente
606 920 760 961 Antio
809 919 1063 960 Restione.
1146 933 1270 972 quam
1319 919 1470 972 legem,

145 978 340 1032 quamuis
380 981 493 1019 esset
529 978 710 1031 optima,
750 977 981 1019 obstinatio
1021 980 1167 1018 tamen
1203 977 1391 1018 luxuriae
1429 979 1472 1017 et
1490 993 1526 1020 1³

143 1036 345 1078 uitiorum
366 1036 488 1076 firma
513 1035 740 1078 concordia
765 1035 882 1077 nullo
910 1035 1143 1090 abrogante
1169 1034 1333 1075 irritam
1357 1034 1472 1075 fecit.

144 1094 251 1135 illud
294 1096 438 1135 tamen
477 1093 751 1135 memorabile
791 1092 841 1134 de
880 1092 1125 1134 Restione
1164 1092 1301 1134 latore
1338 1092 1472 1145 ipsius
1522 1116 1526 1150 3

146 1151 255 1206 legis
274 1151 421 1206 fertur,
449 1166 555 1206 eum,
582 1151 720 1206 quoad
739 1151 859 1201 uixit,
883 1151 987 1191 foris
1007 1151 1155 1204 postea
1179 1164 1266 1190 non
1290 1162 1475 1203 cenasse,
1522 1162 1526 1180 ε

145 1224 198 1251 116
223 1210 344 1251 testis
375 1209 496 1250 fieret
526 1211 795 1263 contemptae
826 1208 948 1263 legis,
980 1222 1106 1262 quam
1136 1207 1228 1262 ipse
1258 1208 1371 1249 bono
1402 1221 1474 1261 pu·
1507 1189 1526 1318 Δ

146 1268 259 1309 blico
290 1268 548 1321 pertulisset.
1485 1284 1506 1309 -2

79 1327 134 1369 14
262 1324 342 1366 His
382 1325 548 1380 legibus
581 1324 900 1366 adnumerarem
932 1323 1118 1365 edictum
1150 1323 1199 1364 de
1232 1323 1469 1377 sumptibus
1518 1323 1526 1372 ξ

147 1383 201 1424 ab
235 1383 454 1424 Antonio
485 1382 764 1437 propositum,
795 1382 865 1436 qui
896 1384 1046 1436 postea
1075 1380 1272 1422 triumuir
1302 1381 1395 1434 fuit,
1425 1380 1470 1421 ni
1518 1373 1526 1430 l

145 1441 366 1496 indignum
391 1441 603 1482 crederem
626 1441 738 1481 inter
762 1440 1008 1482 cohibentes
1041 1441 1256 1494 sumptum
1281 1438 1468 1480 Antonio
1520 1430 1526 1479 ἒ

147 1500 288 1541 10611111
324 1499 480 1553 facere,
522 1499 640 1541 cuius
678 1512 884 1553 expensae
920 1498 966 1538 in
1002 1511 1147 1539 cenam
1186 1497 1334 1538 solitae
1372 1510 1468 1538 con-

146 1556 250 1598 ferri
275 1558 365 1599 sola
390 1557 559 1599 unionis
585 1572 609 1598 a
629 1555 900 1610 Cleopatra
925 1569 1055 1597 uxore
1081 1554 1320 1608 consumpti
1345 1553 1471 1596 aesti-

83 1616 137 1659 15
150 1615 336 1657 matione
362 1618 583 1669 superatae
609 1617 717 1656 sunt.
777 1629 876 1656 nam
907 1627 1003 1655 cum
1030 1613 1243 1654 Antonius
1275 1612 1472 1667 quicquid

149 1674 258 1715 mari
283 1675 357 1715 aut
387 1675 502 1714 terra
533 1675 606 1715 aut
637 1672 766 1713 etiam
798 1673 911 1713 caelo
944 1671 1202 1726 gigneretur,
1234 1669 1286 1711 ad
1319 1670 1475 1711 satian-

151 1731 247 1773 dam
286 1731 520 1786 ingluuiem
561 1745 680 1772 suam
718 1732 866 1771 natum
905 1728 1154 1770 existimans
1193 1727 1387 1770 faucibus
1428 1741 1476 1769 ac
1514 1755 1515 1758 =

153 1789 349 1830 dentibus
391 1789 477 1830 suis
515 1789 730 1842 subderet,
770 1801 901 1842 eaque
938 1801 982 1828 re
1019 1788 1166 1841 captus
1204 1786 1254 1827 de
1284 1785 1476 1827 Romano
1509 1787 1517 1797 ⁶

151 1847 331 1901 imperio
372 1845 511 1888 facere
552 1847 683 1887 uellet
721 1845 981 1900 Aegyptium
1020 1858 1215 1899 regnum,
1255 1843 1478 1897 Cleopatra

152 1919 273 1958 uxor,
315 1919 422 1959 quae
462 1904 576 1946 uinci
612 1919 637 1945 a
666 1904 869 1946 Romanis
906 1917 982 1944 nec
1019 1902 1187 1944 luxuria
1223 1902 1480 1956 dignaretur,
1512 1916 1515 1917 ⁷

247 2035 266 2064 2
292 2029 479 2074 parandos
501 2027 548 2063 P'
646 2030 684 2063 et
709 2040 775 2064 om.
801 2029 836 2063 P
922 2032 942 2063 3
969 2039 1047 2063 esse
1072 2029 1092 2063 b
1182 2031 1203 2062 6
1229 2025 1411 2071 gratuitas
1432 2025 1478 2061 B'
1512 2023 1514 2027 ’

154 2080 176 2112 8
201 2076 330 2111 nnana
355 2077 399 2118 P,
424 2076 565 2120 syllana
590 2075 626 2110 B
694 2080 736 2110 10
758 2075 839 2109 silla
857 2075 900 2119 P,
926 2074 1018 2118 sylla
1035 2075 1070 2108 B
1139 2077 1180 2108 11
1201 2072 1420 2108 sumtuanas
1433 2071 1480 2107 B'

155 2126 199 2157 13
223 2123 403 2159 **ann1['
426 2122 462 2161 P
539 2125 582 2156 18
605 2122 791 2168 recenasse
815 2122 851 2156 B
930 2124 972 2155 19
998 2122 1183 2166 contemta}
1201 2117 1246 2154 B'
1319 2122 1363 2153 21
1389 2118 1481 2153 sum-

153 2169 256 2204 tibus
277 2169 322 2204 B'
431 2173 476 2204 23
501 2168 659 2204 sumtum
685 2167 730 2203 B'
838 2171 883 2202 24
908 2171 999 2214 66115,
1023 2168 1059 2202 P
1162 2170 1205 2202 25
1231 2165 1408 2201 consumti
1432 2164 1479 2200 B'

155 2219 199 2251 27
225 2218 292 2251 aut
316 2218 399 2251 ante
424 2217 536 2251 etiam
562 2226 627 2251 om.
654 2213 702 2250 P'
775 2215 895 2249 terrae
918 2214 963 2249 B'
1037 2214 1138 2249 caelo
1163 2224 1229 2248 om.
1248 2213 1285 2247 P
1350 2210 1477 2258 facien!

156 2263 203 2297 da
231 2262 276 2307 P,
301 2261 505 2298 fatoendam
529 2259 575 2297 B'
625 2266 668 2297 28
695 2261 837 2297 facibus
856 2261 902 2296 B'
970 2264 1014 2295 30
1040 2261 1183 2308 egiptu‘x
1209 2260 1245 2294 P
1505 2274 1508 2279 2
