1526 2444
159 51 214 95 68
665 53 764 89 sAT.
790 54 916 91 LIBRI
940 55 957 89 I

157 160 263 201 bant
303 159 694 201 intercalationibus
736 163 946 215 quattuor.
1014 163 1087 203 sed
1125 165 1277 204 octauo
1315 162 1503 219 quoque

159 231 270 259 anno
318 217 592 258 intercalares
641 219 736 259 octo
787 219 1019 261 affluebant
1061 220 1148 262 dies
1194 235 1245 262 ex
1289 221 1482 278 singulis,

159 275 311 329 quibus
342 275 546 316 uertentis
580 275 679 317 anni
709 290 930 318 numerum
965 278 1079 332 apud
1109 277 1326 320 Romanos
1358 294 1482 334 super

91 330 145 372 13
160 333 366 374 Graecum
398 332 634 374 abundasse
663 334 750 375 iam
782 335 977 377 diximus.
1035 335 1115 377 hoc
1147 350 1311 390 quoque
1343 351 1482 380 errore

159 391 245 432 iam
288 390 459 444 cognito
501 390 606 432 haec
649 392 808 444 species
852 393 1160 435 emendationis
1198 395 1371 436 inducta
1407 398 1481 438 est,

159 449 286 489 tertio
327 461 494 502 quoque
525 449 718 490 octennio
748 450 810 490 ita
840 450 1150 493 intercalandos
1181 452 1503 506 dispensabant*

160 506 262 556 dies,
292 509 340 546 ut
363 520 448 547 non
473 506 706 560 nonaginta
731 507 803 548 sed
830 508 1051 562 sexaginta
1076 523 1148 550 sex
1172 510 1483 560 intercalarent,

160 564 444 617 compensatis
486 564 643 617 uiginti
678 567 721 605 et
758 568 959 618 quattuor
995 566 1142 608 diebus
1178 581 1256 620 pro
1292 568 1376 610 illis
1414 569 1485 623 qui

159 636 236 675 per
253 621 431 663 totidem
452 635 586 663 annos
603 636 730 676 supra
743 621 1001 664 Graecorum
1017 638 1236 666 numerum
1254 630 1484 670 creuerant.

94 678 148 718 14
162 680 279 722 omni
303 683 445 721 autem
470 679 782 721 intercalationi
808 682 965 722 mensis
985 681 1238 724 Februarius
1259 683 1482 738 deputatus

163 740 246 793 est,
276 738 478 791 quoniam
509 737 546 778 is
577 738 751 779 ultimus
783 740 883 780 anni
914 742 1017 791 erat,
1047 741 1158 794 quod
1189 741 1315 782 etiam
1345 741 1483 796 ipsum
1511 751 1513 755 ⁴

161 796 212 837 de
243 794 503 838 Graecorum
535 795 776 838 imitatione
807 796 1031 839 faciebant.
1081 812 1196 840 nam
1227 802 1276 840 et
1306 798 1393 840 illi
1423 799 1476 841 ul

161 855 287 895 timo
325 853 444 894 anni
483 854 561 894 sui
597 854 758 894 mensi
795 855 1089 910 superfluos
1121 856 1476 899 interserebat]

162 911 298 964 dies,
322 914 371 952 ut
394 910 526 952 refert
545 910 850 966 GLAVCIPPVS,
876 914 947 967 qui
973 925 1035 954 DE
1063 924 1216 956 SAcms
1235 914 1504 957 ATHENIEN-

163 980 271 1011 SIVM
311 968 495 1022 scripsit.
560 983 707 1011 uerum
750 984 837 1011 una
878 985 922 1011 re
959 985 984 1011 a
1024 970 1196 1013 Graecis
1234 973 1484 1015 differebant

37 1038 42 1042 ·
97 1025 151 1066 15
165 1042 265 1068 nam
295 1027 360 1068 illi
390 1027 581 1069 confecto
613 1028 762 1069 ultimo
793 1042 948 1082 mense,
977 1028 1159 1070 Romani
1183 1044 1269 1071 non
1294 1030 1484 1073 confecto

161 1084 391 1127 Februario
433 1085 506 1126 sed
541 1087 640 1139 post
679 1085 922 1127 uicesimum
961 1089 1003 1127 et
1037 1088 1208 1128 tertium
1247 1087 1337 1130 eius
1374 1089 1484 1131 diem

159 1143 485 1197 intercalabant,
529 1143 824 1185 terminalibus
856 1145 1015 1185 scilicet
1044 1145 1130 1186 iam
1161 1146 1356 1199 peractis,
1417 1146 1507 1192 der

159 1201 258 1242 inde
282 1201 468 1255 reliquos
492 1200 711 1242 Februarii
737 1201 893 1245 mensis
919 1202 1020 1252 dies,
1045 1203 1117 1256 qui
1143 1206 1266 1245 erant
1291 1204 1484 1259 quinque,

160 1261 258 1312 post
294 1258 663 1301 intercalationem
694 1259 1025 1313 subiungebant‚
1063 1260 1185 1302 credo
1216 1265 1358 1303 uetere
1387 1263 1484 1303 reli-

162 1317 301 1371 gionis
333 1331 434 1358 suae
464 1331 594 1366 more,
623 1319 671 1357 ut
697 1316 972 1358 Februarium
1005 1318 1119 1359 omni
1149 1319 1275 1361 modo
1302 1319 1482 1362 Martius
1505 1342 1508 1346 ·

94 1371 147 1412 16
162 1377 496 1429 consequeretur.
556 1374 628 1415 sed
664 1389 759 1416 cum
797 1389 922 1428 saepe
954 1375 1159 1430 eueniret,
1195 1379 1243 1418 ut
1271 1377 1483 1420 nundinae

161 1432 285 1474 modo
317 1433 362 1473 in
392 1432 491 1473 anni
520 1432 756 1487 principem
787 1433 916 1487 diem,
952 1433 1077 1475 modo
1114 1434 1159 1475 in
1188 1433 1335 1476 Nonas
1366 1436 1483 1478 cade-

160 1494 256 1532 rent
296 1514 344 1520 —
385 1493 611 1544 utrumque
659 1493 801 1531 autem
849 1491 1134 1545 perniciosum
1180 1493 1242 1533 rei
1289 1493 1504 1547 publicae.

160 1548 392 1602 putabatur
427 1571 475 1578 -
508 1547 761 1602 remedium,
792 1562 875 1602 quo
905 1549 987 1590 hoc
1017 1552 1289 1604 auerteretur,
1320 1551 1483 1606 excogi-

160 1609 296 1648 tatum
327 1610 405 1661 est,
435 1606 547 1660 quod
579 1607 825 1660 aperiemus,
857 1606 894 1647 si
918 1607 1035 1660 prius
1061 1608 1381 1662 ostenderimus,
1411 1623 1484 1651 cur

161 1664 373 1705 nundinae
421 1664 489 1705 uel
539 1663 686 1717 primis
735 1663 937 1705 Kalendis
985 1665 1055 1706 uel
1100 1664 1236 1707 Nonis
1286 1667 1506 1708 omnibus>

95 1718 434 1763 170auebantur.
493 1735 594 1762 nam
625 1721 820 1776 quotiens
851 1721 1079 1776 incipiente
1117 1737 1228 1765 anno
1265 1723 1353 1766 dies
1391 1739 1484 1766 coe-

255 1839 275 1869 1
301 1834 649 1869 mterkalatiombus
670 1835 708 1869 P
776 1839 797 1869 2
822 1835 1066 1870 mterkalares
1083 1837 1120 1871 P
1188 1841 1209 1872 3
1236 1838 1414 1873 uertentis
1426 1849 1484 1875 *aa

161 1881 198 1916 Β
278 1891 320 1915 10
344 1882 386 1916 in
409 1880 594 1927 rolmanos
611 1881 654 1916 in
676 1892 748 1916 ras.
778 1882 821 1916 in
846 1882 883 1915 P
966 1887 987 1916 4
1011 1883 1175 1918 habuisse
1202 1884 1239 1918 P
1319 1889 1339 1919 6
1364 1895 1484 1929 qoque

162 1926 209 1963 P‘
283 1928 475 1962 octoenmo
500 1927 537 1961 P
600 1926 877 1962 mterkalandos
896 1928 976 1962 BP
1044 1933 1063 1964 7
1088 1929 1219 1965 LXVII
1236 1930 1273 1964 Β
1343 1934 1364 1965 8
1389 1942 1484 1966 com-

160 1973 361 2020 pensanltis
386 1977 427 2008 ut
456 1974 531 2009 uid.
558 1973 610 2007 B'
709 1977 751 2008 10
776 1984 899 2009 omma
929 1979 970 2010 ut
993 1976 1069 2011 uid.
1095 1976 1143 2010 P'
1215 1976 1419 2012 febroanus
1437 1975 1482 2012 B‘

164 2023 205 2054 12
232 2030 406 2066 gecorum
434 2019 482 2054 P‘
567 2023 610 2054 15
635 2019 760 2054 scnb1t
783 2020 820 2054 P
900 2024 943 2056 16
968 2021 1099 2057 ulfnmo
1124 2033 1189 2058 om.
1209 2022 1246 2056 P
1319 2027 1360 2058 17
1386 2023 1483 2058 (hem

162 2066 242 2101 ems
262 2066 325 2111 (P)
422 2070 465 2102 18
494 2065 770 2101 mterkalabant
799 2067 880 2101 BP
971 2069 1229 2103 termmahbus
1254 2089 1297 2094 -
1328 2069 1488 2114 peractis

161 2123 226 2147 om.
252 2112 289 2146 P
356 2116 399 2147 19
423 2112 598 2148 febroaru
621 2112 672 2146 B‘
746 2115 825 2147 erat
847 2112 895 2147 B'
967 2118 1011 2149 21
1036 2114 1258 2150 febroanum
1276 2115 1371 2150 B'P
1438 2119 1496 2155 23*

160 2158 270 2193 modo
291 2162 375 2203 post
398 2160 583 2194 nundinae
608 2169 673 2194 om.
700 2155 748 2193 P'
821 2159 931 2194 modo
956 2172 994 2195 m
1017 2161 1133 2197 nonai=
1146 2172 1211 2197 om.
1234 2159 1282 2195 P'
1355 2162 1496 2198 caede·v

161 2206 243 2239 rent
266 2205 302 2239 Β
374 2209 419 2240 25
445 2216 466 2240 o
491 2206 533 2240 in
557 2205 806 2248 excogitatum
830 2207 872 2240 in
894 2217 966 2241 ras.
991 2208 1032 2241 in
1057 2207 1094 2241 P
1158 2211 1203 2243 26
1231 2208 1415 2252 aperimus
1434 2204 1491 2244 B':

161 2250 302 2296 primus
321 2252 356 2286 Β
429 2256 472 2287 27
499 2251 662 2287 calendis
684 2251 720 2285 P
789 2255 833 2286 28
859 2253 1004 2296 quoties
1022 2253 1058 2287 Β
