1526 2444
483 82 552 119 VII
577 85 716 119 35—37
754 80 840 116 VIII
866 82 958 115 1-5
1341 76 1398 118 37

55 193 258 235 Tullum
289 190 572 234 Hostilium
605 204 714 232 cum
751 188 831 231 bis
863 187 920 230 de
952 185 1194 240 Albanis,
1233 185 1291 227 de
1324 184 1408 227 Sa-

0 246 2 262 *
54 251 192 295 binis
216 250 375 294 tertio
399 249 794 305 triumphasset,
826 247 998 289 inuenio
1034 245 1205 288 fanum
1232 242 1407 286 Satur-

0 345 2 348 >
53 325 116 353 no
158 325 215 353 ex
257 311 376 352 uoto
419 307 806 351 consecrauisse
851 308 901 348 et
946 304 1243 348 Saturnalia
1286 305 1407 345 tunc

54 369 272 425 primum
302 367 487 411 Romae
526 367 792 420 instituta,
830 365 1028 420 quamuis
1059 362 1227 406 VARRO
1259 362 1406 405 LIBRO

16 444 37 477 *⁵
56 439 224 483 saxro,
262 427 335 483 qui
373 429 439 469 est
479 438 543 468 DE
583 436 739 469 smms
777 435 994 478 Aamssvs,
1033 423 1196 466 scribat
1233 421 1408 464 aedem

8 536 9 539 Ἴ
57 486 269 530 Saturni
301 485 361 528 ad
387 485 552 528 forum
583 484 872 527 faciendam
898 483 1098 525 locasse
1124 481 1171 523 L.
1196 479 1407 535 Tarqui-

55 546 192 589 nium
229 559 415 600 regem‚
454 544 623 586 Titum
660 558 780 586 uero
819 542 1058 585 Larcium
1098 540 1409 582 dictatorem

57 604 422 648 Saturnalibus
451 618 557 646 eam
585 602 862 645 dedicasse.
904 615 983 643 nec
1008 615 1077 642 me
1101 599 1215 655 fugit
1240 597 1408 640 GELLI-

57 675 124 707 VM
155 663 339 706 scribere
371 665 613 705 senatum
645 661 896 714 decresse,
927 661 984 701 ut
1015 658 1164 701 aedes
1197 655 1411 699 Saturni

5 739 40 766 10
57 722 232 777 fieret,
271 722 415 777 eique
452 721 528 763 rei
565 720 611 762 L.
641 719 848 762 Furium
887 717 1150 760 tribunum
1187 715 1412 758 militum

58 781 363 837 praefuisse.
435 780 567 822 habet
609 793 729 821 aram
775 780 818 820 et
862 779 962 820 ante
999 775 1271 819 Senaculum.
1320 775 1453 817 illic2

59 841 224 883 Graeco
255 840 344 881 ritu
376 839 517 894 capite
543 840 693 893 aperto
724 851 795 879 res
822 836 969 879 diuina
999 835 1060 889 fit,
1093 834 1194 890 quia
1224 833 1413 890 primum

60 914 86 941 a
116 898 330 954 PelasgiS,
362 900 463 953 post
495 898 548 939 ab
581 897 767 939 Hercule
797 896 861 938 ita
892 909 986 937 eam
1025 909 1051 936 a
1081 893 1296 949 principio
1327 892 1413 935 fac-

58 958 231 1000 titatam
261 959 428 1012 putant,
460 956 633 999 aedem
663 970 765 998 uero
793 954 1005 998 Saturni
1037 953 1292 995 aerarium
1317 951 1454 995 izo-3

6 1032 40 1060 ιε
59 1017 195 1060 mani
239 1030 350 1058 esse
392 1016 639 1070 uoluerunt,
677 1014 790 1070 quod
842 1016 1057 1068 tempore,
1101 1026 1184 1067 quo
1229 1010 1414 1054 incoluit

58 1076 252 1130 Italiam,
295 1075 431 1117 fertur
472 1075 639 1117 nullum
683 1074 728 1116 in
772 1073 864 1115 eius
908 1072 1067 1114 finibus
1112 1070 1276 1112 furtum
1320 1083 1413 1111 esse

59 1135 358 1189 commissum,
395 1136 471 1176 aut
509 1134 608 1190 quia
646 1133 725 1175 sub
763 1132 839 1175 illo
878 1131 988 1174 nihil
1028 1132 1123 1173 erat
1160 1129 1413 1184 cuiusquam

58 1194 277 1249 priuatum

164 1289 242 1318 nec
274 1275 444 1330 signare
477 1275 616 1318 solum
649 1276 724 1317 aut
753 1273 908 1329 partiri
937 1272 1078 1315 limite
1111 1285 1311 1326 campum

9 1351 44 1376 20
162 1334 228 1376 fas
262 1336 373 1376 erat:
405 1334 451 1376 in
481 1334 669 1375 medium
702 1333 986 1388 quaerebant,

61 1416 174 1459 ideo
207 1415 338 1471 apud
369 1429 478 1458 eum
509 1416 774 1458 locaretur
804 1415 984 1470 populi
1020 1413 1244 1468 pecunia
1282 1426 1413 1454 com-

61 1475 244 1531 munis,
276 1475 366 1516 sub
399 1489 493 1530 quo
520 1474 746 1516 fuissent
774 1473 974 1516 cunctis
1006 1472 1250 1515 uniuersa
1281 1485 1413 1513 com-

61 1534 243 1576 munia.
314 1534 422 1575 illud
464 1548 552 1576 non
597 1533 813 1575 omiserim
858 1532 1061 1574 Tritonas
1106 1545 1203 1573 cum
1246 1528 1413 1572 bucinis
1429 1532 1459 1574 4

61 1593 238 1649 fastigio
271 1590 447 1634 Saturni
478 1592 595 1635 aedis
635 1590 950 1646 superpositos,
989 1590 1195 1645 quoniam
1233 1588 1288 1631 ab
1323 1588 1416 1630 eius

9 1667 44 1694 25
63 1651 470 1710 commemoratione
495 1651 548 1693 ad
579 1652 774 1693 nostram
801 1652 989 1692 aetatem
1020 1648 1206 1691 historia
1234 1648 1353 1690 clara
1374 1649 1419 1688 et

62 1711 184 1767 quasi
221 1710 386 1753 uocalis
418 1713 503 1763 est,
542 1712 642 1752 ante
678 1723 781 1751 uero
821 1711 943 1751 muta
988 1710 1032 1751 et
1063 1707 1249 1750 obscura
1282 1708 1325 1748 et
1355 1706 1418 1747 in-

62 1770 248 1826 cognita,
273 1769 387 1825 quod
413 1771 630 1812 testantur
656 1768 814 1810 caudae
840 1767 1071 1810 Tritonum
1096 1766 1219 1808 humi
1246 1778 1416 1807 mersae

0 1855 2 1892 1
61 1831 104 1870 et
136 1828 426 1871 absconditae.
487 1843 561 1870 cur
598 1830 742 1869 autem
781 1826 990 1870 Saturnus
1029 1826 1122 1881 ipse
1159 1825 1206 1867 in
1245 1826 1459 1878 compe—5

0 1916 2 1935 ς
61 1888 185 1930 dibus
221 1887 388 1930 uisatur
424 1886 630 1929 szmvs
667 1886 879 1929 FLAccvs
918 1899 1095 1928 causam
1133 1898 1178 1927 se
1210 1884 1414 1940 ignorare

157 2007 200 2038 19
225 2003 337 2049 Verg.
359 2002 492 2049 Georg.
517 2001 535 2036 I
560 2005 628 2038 126

160 2114 178 2146 1
205 2110 251 2146 de
275 2108 414 2146 sabinis
432 2109 475 2145 in
498 2119 571 2144 ras.
597 2109 639 2143 in
667 2108 704 2143 P
803 2111 823 2143 2
848 2118 976 2143 inueni
1003 2107 1039 2141 P
1134 2109 1154 2140 6
1180 2106 1321 2141 luc1um
1345 2104 1427 2139 BP

64 2162 85 2194 9
112 2157 312 2193 decreuisse
338 2157 382 2203 P,
409 2158 450 2190 a1
474 2155 633 2191 decresse
657 2166 738 2200 sup.
767 2155 833 2191 lin.
860 2155 945 2191 add.
966 2165 997 2200 p
1102 2156 1148 2188 10
1173 2152 1314 2188 lucium
1339 2152 1423 2187 BP

63 2227 106 2258 12
131 2216 247 2268 gresso
272 2222 310 2257 B
423 2221 473 2257 ad
498 2221 628 2266 aperto
654 2220 740 2256 add.
764 2221 782 2254 1
807 2230 828 2254 o
855 2220 875 2255 b
997 2222 1041 2253 14
1065 2228 1174 2254 roma
1199 2218 1244 2262 P,
1269 2229 1310 2252 m
1334 2227 1416 2261 sup.

62 2271 127 2306 lin.
153 2271 195 2306 in
218 2280 291 2306 ras.
318 2268 404 2306 add.
423 2279 453 2314 1²
528 2271 571 2303 15
596 2267 795 2303 uoluerunt
820 2266 892 2302 esse
920 2267 957 2302 B
1032 2269 1074 2301 17
1099 2265 1206 2301 cuius
1231 2293 1238 2300 .
1264 2265 1302 2300 P
1371 2267 1418 2299 20

62 2316 283 2362 querebam?-
307 2316 312 2364 Ι
334 2316 372 2351 P
439 2319 485 2351 23
510 2314 653 2351 butuur
675 2312 722 2350 P'
794 2318 841 2350 26
868 2315 976 2349 mutu
1001 2317 1044 2350 ut
1067 2313 1146 2349 uid.
