1526 2444
127 51 211 93 168
632 51 733 90 SAT.
750 51 880 87 LIBRI
903 52 956 88 111

125 157 229 199 item

405 214 484 256 tibi
515 215 638 271 enim,
667 215 747 257 tibi
777 217 963 258 maxima
992 216 1098 259 Iuno

406 275 565 314 mactat
593 287 714 315 sacra
744 273 894 315 ferens.

87 355 115 396 3
245 351 515 393 Profanum
564 367 709 395 omnes
757 368 890 408 paene
939 355 1212 397 consentiunt
1259 356 1300 397 id
1344 370 1445 411 esse,

128 410 239 463 quod
277 412 396 451 extra
431 410 662 452 fanaticam
694 425 863 453 causam
896 413 952 453 sit
982 413 1102 467 quasi
1133 428 1258 467 porro
1291 427 1315 454 a
1345 413 1443 455 fano

128 470 172 508 et
195 481 222 508 a
245 467 451 522 religione
482 472 703 510 secretum.
764 469 881 510 cuius
914 470 1175 522 significatus
1208 471 1446 525 exemplum
1487 467 1489 470 ’

128 527 348 566 exsecutus
387 528 470 577 est,
506 540 602 568 cum
639 527 688 567 de
719 527 813 568 luco
845 529 888 567 et
918 527 1036 569 aditu
1066 528 1296 570 inferorum
1327 542 1446 570 sacro

127 585 306 637 utroque
336 583 578 637 loqueretur

405 664 552 717 procul
584 678 607 705 o
639 665 784 718 procul
816 667 905 706 este
938 665 1122 720 profani,

186 721 427 763 conclamat
456 725 598 775 uates,
628 725 804 777 totoque
836 722 1032 764 absistite
1061 723 1168 765 luco.
1464 745 1478 771 1

85 804 178 844 4eo
216 802 395 856 accedit,
435 803 544 856 quod
578 802 835 845 TREBATIVS
870 803 1137 858 profanum
1168 805 1215 845 id
1246 805 1447 859 proprie

127 860 227 901 dici
253 860 313 901 ait
338 860 466 914 quod
491 874 548 900 ex
574 861 817 915 religioso
844 862 921 902 uel
948 875 1090 903 sacro
1115 862 1167 903 in
1191 862 1446 904 hominum
1492 868 1494 870 '

126 932 268 959 usum
322 917 789 972 proprietatemque
844 933 1138 960 conuersum
1188 924 1281 974 est,
1335 921 1448 975 quod
1496 938 1498 940 ·

127 975 393 1030 apertissime
424 978 552 1029 poeta
584 977 785 1029 seruauit,
815 991 909 1018 cum
941 977 1003 1018 ait

184 1055 328 1097 Faune
354 1070 503 1109 precor
527 1056 736 1110 miserere,
765 1057 915 1110 inquit,
944 1060 1072 1111 tuque
1099 1057 1262 1112 optima
1290 1057 1447 1100 ferrum

184 1113 317 1154 Terra
346 1117 453 1166 tene,
485 1114 596 1155 colui
626 1116 791 1156 uestros
824 1115 861 1155 si
893 1129 1058 1168 semper
1087 1115 1288 1169 honores,

185 1186 291 1226 quos
323 1173 471 1213 contra
503 1171 725 1213 Aeneadae
755 1172 868 1214 bello
898 1173 1035 1214 fecere
1065 1172 1279 1226 profanos.

127 1252 291 1294 dixerat
320 1252 434 1292 enim

186 1334 259 1375 sed
290 1332 466 1386 stirpem
496 1331 647 1374 Teucri
677 1333 795 1374 nullo
826 1333 1068 1375 discrimine
1101 1348 1265 1376 sacrum

186 1391 464 1444 sustulerant,

126 1473 238 1515 unde
264 1471 451 1514 ostendit
474 1471 646 1526 proprie
671 1471 956 1526 profanatum,
987 1472 1099 1526 quod
1126 1486 1176 1513 ex
1201 1486 1322 1514 sacro
1353 1487 1447 1527 pro-

128 1532 336 1573 miscuum
367 1529 566 1570 humanis
597 1529 761 1570 actibus
793 1529 1105 1571 commodatum
1136 1532 1211 1571 est.

86 1590 114 1632 5
245 1587 480 1629 Sanctum
506 1589 599 1640 est,
634 1589 680 1628 ut
704 1587 814 1628 idem
833 1587 1092 1629 TREBA'nvs
1115 1599 1250 1629 Lumo
1274 1599 1448 1631 Dncmo

126 1647 427 1689 RELIGIONVM
457 1645 605 1699 refert,
634 1645 885 1686 interdum
915 1645 1046 1686 idem
1077 1645 1205 1699 quod
1237 1660 1448 1701 sacrum,
1488 1650 1489 1653 ’

129 1706 357 1758 idemque
383 1702 511 1756 quod
542 1702 858 1757 religiosum,
888 1702 1137 1744 interdum
1170 1703 1323 1757 aliud,
1353 1703 1447 1745 hoc

88 1765 207 1805 6est
246 1775 336 1802 nec
379 1774 575 1802 sacrum
613 1774 702 1801 nec
740 1760 1056 1815 religiosum,
1095 1763 1183 1802 est.
1243 1761 1353 1815 quod
1396 1760 1447 1802 ad

129 1820 355 1863 secundam
387 1818 568 1871 speciem
597 1819 784 1872 pertinet

126 2015 196 2050 XII
221 1972 242 2003 2
267 1967 358 2048 gen.
383 1965 468 2000 VIII
494 1969 539 2001 84
617 1970 637 2000 9
662 1965 711 2000 ib.
737 1965 788 2000 VI
812 1968 880 2000 258
958 1968 1001 2000 15
1025 1965 1075 2000 ib.
1099 1965 1167 1999 XII
1193 1970 1258 2002 777
1331 1969 1374 2002 19
1397 1966 1446 2002 ib.
1482 1959 1483 1962 ’

223 2019 264 2049 77
1480 2027 1483 2030 ·

221 2152 240 2183 ’1
267 2150 470 2192 exequutus
490 2151 526 2185 P
616 2154 657 2185 12
683 2149 860 2194 religione
887 2146 936 2183 P'
1028 2151 1071 2183 15
1096 2150 1242 2194 pptima
1266 2148 1312 2185 P'
1404 2154 1447 2187 17
1467 2156 1469 2158 ’

126 2194 304 2240 profanus
322 2194 371 2230 P'
455 2201 497 2231 19
523 2195 622 2231 sacro
647 2193 695 2231 P'
777 2199 819 2230 21
843 2195 1026 2243 &mireum
1051 2195 1087 2229 B
1170 2199 1213 2230 22
1240 2197 1447 2232 commada-

125 2244 206 2277 tum
231 2241 275 2277 B‘
349 2245 393 2277 25
417 2242 469 2287 qd
492 2247 575 2279 omte
597 2241 807 2288 rehgmfum
831 2252 896 2278 om.
922 2240 969 2277 B'
1040 2242 1155 2277 alium
1174 2241 1222 2277 13'
1471 2259 1472 2262 ¹
