1526 2444
609 66 680 101 1111
704 69 797 102 3—8
1294 63 1380 107 377

93 175 305 220 horrescit
334 175 433 218 telis
466 175 678 218 exercitus
712 188 838 230 asper
870 174 1101 230 utrimque,

34 262 78 302 et
109 259 155 301 in
185 257 429 301 Erechtheo

94 356 215 384 arma
247 340 459 397 arrigunt,
489 340 745 383 horrescunt
776 340 876 382 tela.

36 427 80 467 et
109 424 156 466 in
189 423 389 479 Scipione

0 522 18 549 5
95 507 259 562 sparsis
290 505 430 548 hastis
461 505 602 562 longis
634 520 809 560 campus
842 505 1038 561 splendet
1069 506 1111 547 et
1142 505 1302 548 horret.

36 589 111 632 sed
143 591 186 631 et
217 591 318 631 ante
351 602 498 631 omnes
529 587 745 630 Homerus

95 670 271 728 ἔφριξεν
302 668 351 714 δὲ
382 670 495 726 μάχη
526 672 852 726 φθισίμβροτος
885 668 1087 726 ἐγχείῃσι.

96 764 302 821 Splendet
333 765 518 808 tremulo
551 765 630 807 sub
662 764 824 807 lumine
855 765 1026 820 pontus.
1349 830 1351 832 q
1401 768 1426 809 7

38 847 311 891 tremulum
348 848 516 890 lumen
552 847 604 889 de
640 847 830 900 imagine
866 847 930 889 rei
965 846 1103 902 ipsius
1137 860 1387 902 expressum

0 922 22 948 ,ο
41 909 118 950 est.
179 907 253 949 sed
284 906 402 961 prior
433 905 599 949 Ennius
631 906 676 948 in
706 904 954 961 Melanippe

96 989 259 1031 lumine
298 989 358 1031 sic
395 989 579 1031 tremulo
616 991 733 1031 terra
770 991 814 1032 et
851 1003 959 1032 caua
997 990 1169 1032 caerula
1203 988 1388 1031 candent

38 1073 83 1114 et
113 1070 335 1114 Lucretius
366 1071 414 1113 in
445 1075 565 1114 sexto

96 1155 320 1209 praeterea
352 1154 455 1196 solis
486 1153 616 1196 radiis
648 1154 835 1196 iactatur
866 1154 994 1210 aquai

97 1213 253 1255 humor
284 1214 327 1254 et
356 1213 402 1254 in
432 1213 571 1255 lucem
602 1213 786 1255 tremulo
818 1213 999 1256 rarescit
1030 1213 1083 1256 ab
1115 1215 1250 1257 aestu,

0 1321 22 1351 5
324 1305 408 1348 Hic
440 1306 620 1348 candida
650 1307 834 1362 populus
867 1309 990 1350 antro
1402 1312 1431 1354 8

97 1365 293 1408 imminet
324 1367 367 1407 et
396 1366 539 1408 lentae
570 1368 724 1407 texunt
754 1366 1008 1409 umbracula
1039 1366 1163 1409 uites.

39 1450 141 1490 sunt
172 1448 245 1504 qui
277 1448 508 1491 aestiment
536 1447 619 1491 hoc
650 1448 831 1490 uerbum
863 1448 1164 1491 umbracula
1190 1448 1386 1506 Vergilio

40 1509 215 1550 auctore
252 1507 544 1562 conpositum,
581 1522 678 1550 cum
714 1507 882 1550 VARRO
919 1507 1087 1550 RERVM
1121 1520 1389 1552 DIVINARVM

38 1566 152 1609 libro
178 1577 358 1609 DEOIMO
391 1565 549 1608 dixerit
578 1580 678 1608 non
708 1566 872 1609 nullis
903 1566 1303 1622 magistratibus
1335 1568 1388 1611 in

0 1625 227 1680 »oppido
254 1625 303 1667 id
329 1638 488 1680 genus
514 1625 806 1668 umbraculi
831 1640 1129 1668 concessum
1151 1629 1193 1668 et
1213 1625 1389 1670 CICERO

39 1684 86 1726 in
123 1695 298 1735 QVINTO
337 1695 399 1726 DE
438 1695 637 1727 LEGIBVS
675 1684 823 1727 uisne
861 1685 1028 1741 igitur
1059 1709 1115 1715 —
1148 1687 1389 1741 quoniam

41 1743 118 1786 sol
154 1742 420 1798 paululum
458 1758 484 1786 a.
520 1743 735 1786 meridie
771 1744 871 1786 iam
908 1744 1130 1787 deuexus
1166 1745 1390 1799 uidetur,

40 1815 201 1858 neque
253 1801 366 1844 dum
416 1802 546 1845 satis
597 1803 657 1844 ab
707 1802 788 1845 his
838 1803 1063 1846 nouellis
1114 1803 1390 1847 arboribus

43 1861 204 1904 omnis
246 1860 330 1904 hic
373 1861 516 1904 locus
560 1863 808 1917 opacatur
848 1886 904 1893 —-
943 1862 1286 1905 descendatur
1329 1864 1390 1907 ad

0 1918 219 1974 mLirim,
263 1934 440 1975 eaque,
484 1934 611 1976 quae
655 1923 878 1977 restant,
922 1921 975 1964 in
1010 1921 1118 1963 illis
1157 1923 1389 1965 alnorum

136 2028 156 2060 1
187 2027 257 2060 385
282 2023 393 2059 Vahl.
424 2027 494 2059 416
525 2023 612 2060 Luc.
646 2025 770 2062 Muell.
910 2030 932 2061 3
964 2038 999 2061 u.
1036 2028 1100 2061 131
1135 2026 1191 2062 ed.
1225 2030 1246 2062 2
1278 2027 1389 2063 Ribb.

42 2074 63 2107 ὅ
89 2072 158 2107 sat.
186 2074 230 2107 15
255 2070 366 2107 Vahl.
394 2073 439 2106 14
464 2072 552 2107 Luc.
579 2071 706 2108 Muell.
788 2077 807 2108 7
833 2072 876 2108 ΙΙ.
905 2074 932 2109 Ν
959 2077 1028 2109 339
1109 2077 1130 2108 8
1154 2073 1246 2110 Aen.
1274 2074 1342 2109 VII
1368 2078 1389 2109 9

44 2123 85 2154 ll
117 2131 152 2155 u.
184 2121 252 2154 251
285 2118 342 2154 ed.
375 2122 397 2154 2
427 2117 538 2154 Ribb.
662 2123 704 2155 13
732 2119 782 2155 VI
808 2123 877 2156 874
1000 2123 1042 2156 15
1070 2120 1188 2167 eclog.
1214 2121 1318 2158 VIIII
1343 2125 1388 2157 41

41 2169 88 2202 20
113 2165 188 2201 Cic.
212 2178 250 2212 p.
276 2168 346 2201 924
370 2165 428 2202 ed.
456 2165 568 2202 Orell.
594 2166 629 2201 11

135 2263 157 2295 2
182 2260 329 2296 erecteo
355 2259 391 2295 P
459 2263 480 2295 3
499 2260 532 2295 ri
534 2263 624 2305 gent
642 2262 796 2307 Aldina,
818 2261 1033 2308 arriguntur
1053 2262 1192 2299 lanius
1264 2267 1283 2298 7
1305 2263 1393 2299 ΦΕΙ-

44 2306 296 2344 (ΙΜΒΡΟΤΟΕ
321 2306 358 2341 Ρ
427 2309 471 2342 17
497 2306 672 2355 estimant
695 2309 733 2344 P
801 2314 846 2346 25
871 2309 936 2345 hri
960 2310 998 2345 P
