1526 2444
162 88 246 130 632
458 87 606 124 COMM.
631 87 683 124 IN
708 89 849 125 SOMN.
875 88 986 124 SCIP.
1011 88 1137 124 LIBRI
1155 88 1190 124 II

164 196 212 235 et
259 193 591 236 constitutam
631 197 843 236 naturae
884 195 1245 237 necessitatem
1287 193 1478 236 referri.

96 252 150 293 14
163 252 268 294 haee
311 253 410 292 sunt
452 253 494 292 et
536 251 601 292 his
645 251 816 305 similia,
859 253 1009 306 quibus
1051 252 1301 294 Aristoteles
1345 266 1480 307 omne,

164 309 276 363 quod
312 310 523 363 mouetur,
565 308 617 349 ab
655 309 738 351 alio
774 310 937 352 moueri
974 310 1176 364 probasse
1213 324 1257 350 se
1294 309 1480 351 credidit.

165 367 237 408 sed
257 366 478 416 Platonici,
502 367 550 407 ut
574 366 703 420 paulo
722 369 820 420 post
840 367 1209 420 demonstrabitur,
1234 369 1481 421 argumenta.

97 424 150 466 15
164 424 266 465 haec
303 426 455 489 3ζέζὲἓῂρα
492 424 628 479 magis
661 438 787 478 quam
817 438 918 466 uera
948 439 1038 466 esse
1069 424 1309 467 docuerunt.
1368 438 1478 466 nune
1515 441 1526 466 ε

165 495 342 535 sequens
373 481 559 523 eiusdem
590 482 802 536 iungenda
832 482 984 524 diuisio
1016 485 1099 537 est,
1131 497 1214 536 qua
1242 496 1327 524 non
1358 496 1480 536 posse

165 540 349 580 animam
386 553 435 580 ex
473 553 516 580 se
554 540 730 593 moueri,
766 540 894 581 etiam
932 540 968 582 si
1003 540 1084 581 hoe
1121 540 1205 581 alia
1242 554 1308 581 res
1345 539 1480 581 facere

163 599 324 650 posset,
361 596 529 638 laborat
568 597 798 639 ostendere.
860 599 903 639 et
930 597 1055 639 huius
1085 597 1146 639 rei
1175 597 1357 651 primam
1386 610 1480 652 pro-

92 690 94 692 ,
163 654 420 707 positionem
451 655 504 695 ab
535 655 620 696 illis
651 657 880 710 mutuatur,
911 669 1018 710 quae
1050 655 1131 696 sibi
1161 655 1357 697 aestimat
1386 668 1481 696 con-

99 711 340 754 lssstitisse.
414 712 473 753 sie
521 713 631 753 enim
680 712 756 754 ait:
805 727 910 754 eum
952 713 1110 768 igitur
1153 727 1310 763 omne,
1353 711 1480 766 quod
1501 729 1526 754 ι(

165 772 410 822 mouetur,
452 771 650 811 constet
691 771 750 811 ab
794 771 892 812 alio
936 771 1142 825 moueri,
1185 770 1290 812 sine
1333 769 1481 811 dubio

165 827 230 878 id,
286 827 413 881 quod
467 826 677 881 primum
729 832 912 879 mouet,
967 828 1081 882 quia
1128 841 1227 869 non
1275 828 1333 869 ab
1383 827 1482 869 alio

165 887 394 926 mouetur
414 908 469 914 —
488 899 645 938 neque
677 885 804 926 enim
834 885 1109 927 haberetur
1132 886 1228 927 iam
1253 885 1481 940 primum,

166 942 207 983 si
251 942 309 983 ab
355 942 452 983 alio
489 945 774 984 moueretur
810 966 867 972 ——
902 957 1107 985 neeesse
1145 944 1222 984 est
1257 943 1395 997 inquit
1430 945 1484 983 ut

99 1000 150 1042 17
168 1002 253 1041 aut
289 1001 426 1040 stare
464 999 661 1040 dicatur
699 1002 785 1041 aut
822 1014 871 1041 se
908 1001 1071 1054 ipsum
1101 1014 1310 1042 mouere.
1370 1013 1526 1040 namu

165 1058 207 1098 si
246 1058 303 1098 ab
337 1057 438 1098 alio
469 1058 659 1098 moueri
691 1057 906 1109 dicatur,
942 1057 1072 1099 illud
1103 1071 1318 1112 quoque,
1355 1057 1483 1111 quod

165 1115 215 1156 id
263 1117 446 1167 mouet,
501 1115 694 1156 dicetur
743 1116 801 1156 ab
851 1115 1205 1168 aliomoueri,
1259 1118 1307 1156 et
1354 1115 1483 1155 illud

164 1187 336 1214 rursus
374 1173 433 1213 ab
471 1173 590 1226 alio,
627 1175 674 1213 et
710 1173 760 1213 in
790 1172 1053 1215 infinitum
1083 1173 1353 1226 inquisitio
1383 1172 1484 1214 ista

166 1244 344 1271 casura
375 1232 469 1285 est,
497 1244 762 1284 numquam
793 1230 996 1272 exordia
1020 1232 1180 1285 prima
1205 1230 1484 1285 reperiens,

168 1288 207 1329 si
263 1302 453 1341 semper
508 1287 645 1328 aliud
699 1301 769 1342 ea,
825 1302 948 1342 quae
997 1289 1258 1342 putaueris
1306 1288 1526 1342 primast«

100 1345 438 1400 18praecedit.
516 1347 678 1386 restat
732 1345 894 1400 igitur
947 1346 1086 1401 inquit
1139 1349 1211 1399 ut,
1266 1346 1308 1387 si
1355 1344 1485 1399 quod

166 1403 379 1457 primum
422 1405 604 1455 mouet,
651 1417 749 1444 non
793 1403 988 1445 dicatur
1031 1406 1182 1458 stare,
1230 1404 1391 1458 ipsum
1434 1415 1484 1443 se

167 1474 366 1502 mouere
406 1461 614 1502 dicatur.
674 1463 722 1501 et
759 1461 830 1502 sio
867 1463 965 1503 erit
1000 1461 1051 1502 in
1087 1475 1183 1503 uno
1216 1461 1484 1514 eodemque

168 1518 319 1570 aliud,
369 1518 497 1572 quod
545 1521 726 1572 mouet,
775 1518 928 1573 aliud,
978 1519 1105 1573 quod
1148 1522 1394 1572 mouetur,
1443 1517 1484 1558 si

168 1576 364 1630 quidem
394 1576 445 1616 in
476 1576 610 1617 omni
638 1576 699 1617 ait
723 1579 861 1618 motu
884 1577 985 1618 tria
1010 1577 1130 1619 haec
1155 1577 1258 1618 sint
1282 1589 1484 1617 neeesse
1504 1587 1526 1616 ει

168 1636 261 1688 est,
309 1634 357 1675 id
406 1634 535 1687 quod
583 1637 766 1687 mouet,
814 1637 862 1675 et
904 1649 995 1688 quo
1037 1636 1220 1688 mouet,
1269 1636 1316 1675 et
1358 1632 1486 1687 quod

100 1691 153 1732 19
170 1693 406 1733 mouetur.
474 1706 529 1732 ex
565 1691 660 1746 his,
703 1691 832 1746 quod
872 1695 1118 1746 mouetur,
1154 1694 1349 1732 tantum
1385 1704 1486 1732 mo·
1523 1703 1526 1742 j

168 1751 330 1802 uetur,
376 1763 475 1790 non
518 1749 668 1790 etiam
712 1751 893 1801 mouet,
941 1764 1048 1791 oum
1090 1749 1238 1803 illud,
1282 1762 1378 1802 quo
1420 1747 1487 1788 fit

167 1810 346 1859 motus,
372 1808 420 1847 et
444 1809 704 1848 moueatur
730 1809 778 1848 et
802 1810 1015 1862 moueat,
1042 1807 1170 1848 illud
1195 1820 1330 1861 uero,
1355 1805 1486 1860 quod
1520 1802 1526 1846 ‘1

168 1867 352 1918 mouet,
394 1878 493 1906 non
536 1865 687 1906 etiam
729 1867 975 1919 mouetur,
1017 1867 1070 1906 ut
1113 1879 1169 1906 ex
1210 1864 1378 1905 tribus
1417 1863 1486 1904 sit

168 1936 442 1975 commune,
490 1922 618 1975 quod
660 1922 889 1976 medium,
938 1922 1030 1964 duo
1073 1935 1190 1964 uero
1234 1922 1332 1963 sibi
1373 1935 1486 1962 oon·

262 2051 279 2080 1
306 2047 436 2092 nature
461 2056 526 2081 om.
553 2045 600 2080 P'
725 2050 746 2082 3
771 2046 805 2082 se
829 2057 895 2082 om.
921 2047 958 2082 P
1075 2051 1098 2082 4
1122 2046 1175 2082 set
1198 2046 1234 2081 Β
1349 2045 1427 2081 *ut
1453 2044 1490 2079 P
1511 2067 1513 2069 ·

167 2096 188 2128 6
220 2091 349 2127 d1u111o
379 2091 431 2126 est
460 2092 644 2136 iungenda
673 2092 710 2126 B
874 2096 916 2127 12
948 2096 972 2127 ᾖ
1002 2093 1043 2128 in
1072 2095 1194 2137 pr1m1'1
1224 2092 1267 2127 in
1289 2102 1359 2126 ras.
1385 2092 1427 2126 in
1453 2090 1490 2124 P

168 2141 213 2172 14
237 2138 364 2182 mqmd
389 2139 431 2172 ut
455 2138 614 2173 austrare
641 2138 690 2172 P'
805 2142 848 2174 16
875 2149 1014 2174 moueri
1038 2139 1084 2174 ab
1111 2139 1182 2174 aho
1208 2137 1277 2173 PB
1388 2135 1487 2182 quod
1507 2154 1512 2160 ,

168 2188 213 2220 εὖ
239 2184 364 2219 mouet
390 2185 426 2219 P
521 2188 562 2220 18
587 2184 774 2229 requ1s1t1o
799 2184 836 2219 B
924 2188 967 2219 21
993 2185 1188 2230 *ικῇοεᾱιίς
1214 2184 1250 2218 P
1335 2182 1430 2218 resta
1453 2181 1490 2217 P

167 2232 296 2276 mquid
321 2229 369 2265 P'
499 2234 545 2265 24
568 2231 736 2266 mouetur
759 2234 842 2266 ante
865 2230 968 2266 ahud
992 2229 1038 2266 B'
1175 2235 1219 2266 26
1243 2229 1283 2265 id
1308 2229 1361 2264 est
1385 2231 1430 2273 qo
1454 2227 1506 2274 Ρ,

167 2281 212 2312 29
237 2278 358 2312 motus
377 2288 416 2322 p,
441 2287 547 2312 moue
574 2274 619 2312 P'
1472 2311 1474 2313 ,
