1526 2444
126 66 211 108 442
621 68 719 103 SAT.
739 67 866 103 LIBRI
889 68 957 103 VII

126 173 274 226 faciat,
310 173 543 214 indicatum
581 175 655 215 est.
714 175 875 228 reliqua
909 188 1008 228 pars
1041 174 1171 216 debiti
1201 176 1283 217 mei
1314 174 1363 216 de
1394 189 1442 217 eo

127 234 210 286 est,
247 246 320 272 cur
356 231 592 285 cerebrum,
629 245 724 272 cum
762 246 929 274 sensum
966 246 1051 274 non
1086 233 1261 286 habeat,
1297 246 1443 274 sensus

127 290 344 344 gubernet.
407 288 478 329 sed
518 288 568 330 de
610 289 692 331 hoc
729 304 893 344 quoque
929 291 1166 344 temptabo,
1210 291 1246 332 si
1282 292 1445 344 potero,

60 349 113 390 16
127 361 218 388 esse
256 346 470 388 soluendo.
537 360 683 388 sensus
722 347 770 388 de
808 348 958 402 quibus
995 349 1223 402 loquimur,
1261 348 1444 402 quinque

127 408 242 446 sunt:
271 404 390 446 uisus
423 403 590 446 auditus
622 405 823 446 odoratus
857 408 1004 459 gustus
1037 409 1079 447 et
1101 408 1252 448 tactus.
1301 406 1444 447 biaut
1479 422 1495 447 5

126 462 317 516 corporei
354 464 455 503 sunt
491 464 565 503 aut
601 462 711 504 circa
748 477 901 517 corpus
933 463 1115 517 solisque
1147 466 1246 505 sunt
1277 463 1443 504 caducis

126 520 373 575 corporibus
396 520 639 561 familiares.
688 520 796 561 nulli
817 520 928 562 enim
947 521 1088 563 diuino
1109 521 1277 575 corpori
1297 535 1444 562 sensus

124 578 252 628 inest,
290 578 430 619 anima
465 592 565 619 uero
605 579 719 619 omni
757 592 947 633 corpore,
983 579 1052 620 uel
1086 579 1123 620 si
1155 579 1344 620 diuinum
1376 578 1443 629 sit,

125 635 219 689 ipsa
261 635 446 677 diuinior
488 638 564 677 est.
625 650 725 691 ergo
769 636 806 678 si
849 636 1037 691 dignitas
1081 637 1319 678 diuinorum
1355 650 1443 678 cor-

124 707 275 747 porum
307 696 474 735 sensum
501 694 754 748 dedignatur
783 695 902 748 quasi
928 697 1074 748 aptum
1100 694 1277 748 caducis,
1308 694 1442 735 multo
1463 710 1495 735 1ο

124 752 260 806 magis
298 752 438 793 anima
475 751 647 792 maioris
685 754 749 793 est
786 752 1037 806 maiestatis,
1075 767 1201 806 quam
1238 754 1286 793 ut
1317 765 1443 793 sensu

56 811 107 851 17
124 812 257 864 egeat.
317 811 365 851 ut
400 811 541 850 autem
578 809 706 851 homo
744 812 910 851 constet
940 811 982 851 et
1012 811 1155 851 uiuum
1188 810 1346 850 animal
1377 809 1443 863 sit,

125 868 265 908 anima
289 869 490 921 praestat,
516 881 622 920 quae
648 881 798 920 corpus
823 867 1060 909 inluminat.
1113 882 1242 921 porro
1268 867 1443 908 inlumi-

123 927 199 966 nat
246 924 523 966 inhabitando
573 927 616 965 et
661 924 871 966 habitatio
921 925 1010 966 eius
1058 925 1102 966 in
1150 925 1321 966 cerebro
1364 927 1441 966 est.

124 982 359 1036 sphaeralis
400 983 509 1023 enim
552 984 707 1024 natura
750 985 791 1023 et
834 982 886 1024 ad
928 997 1005 1024 nos
1048 983 1220 1024 ueniens
1263 983 1312 1024 de
1354 983 1440 1024 alto
1462 998 1494 1023 15

123 1043 288 1094 partem
325 1040 371 1081 in
406 1040 576 1081 homine
614 1043 657 1082 et
693 1040 825 1081 altam
863 1043 904 1081 et
938 1040 1202 1094 sphaeralem
1231 1040 1370 1081 tenuit
1401 1043 1443 1081 et
1524 1044 1526 1047 ’

125 1111 231 1152 quae
275 1113 399 1140 sensu
443 1100 600 1151 careat,
638 1098 710 1153 qui
745 1112 831 1139 non
869 1100 934 1139 est
970 1098 1134 1139 animae
1170 1097 1444 1139 necessarius.
1523 1146 1526 1150 ,

58 1160 108 1202 18
124 1156 196 1198 sed
240 1157 340 1211 quia
381 1157 644 1197 necessarius
682 1155 858 1196 animali
895 1158 975 1209 est,
1018 1156 1133 1197 locat
1168 1156 1210 1196 in
1250 1155 1440 1197 cauernis
1520 1153 1526 1188 ἶ

123 1214 283 1255 cerebri
320 1214 625 1268 spiramentum
663 1213 712 1254 de
750 1212 967 1254 effectibus
1006 1214 1108 1254 suis:
1152 1214 1270 1254 cuius
1308 1213 1439 1267 spira-

123 1272 256 1313 menti
287 1276 441 1313 natura
471 1272 574 1313 haec
606 1273 682 1323 est,
711 1273 759 1312 ut
790 1285 937 1312 sensus
966 1275 1008 1312 et
1032 1271 1200 1326 ingerat
1225 1276 1268 1312 et
1293 1271 1441 1325 guber·
1459 1285 1493 1310 20

57 1335 108 1375 19
123 1333 206 1371 net.
255 1330 304 1371 de
335 1330 401 1371 his
427 1343 528 1384 ergo
554 1329 758 1383 cauernis,
789 1343 893 1383 quas
917 1331 1085 1370 uentres
1111 1329 1270 1370 cerebri
1294 1331 1442 1370 nostra

122 1388 293 1429 uocauit
327 1387 574 1441 antiquitas,
609 1389 838 1428 nascuntur
868 1401 1093 1428 neruorum
1126 1388 1285 1440 septem
1316 1388 1441 1436 συζυ-

122 1447 224 1498 γίαι.
285 1446 352 1487 0111
377 1446 439 1486 rei
464 1459 628 1498 nomen,
659 1444 771 1499 quod
797 1445 889 1498 ipse
914 1445 1046 1499 uoles,
1075 1444 1274 1486 Latinum
1299 1444 1440 1486 facito.

121 1518 199 1545 nos
226 1504 336 1544 enim
363 1505 570 1556 συζυγίαν
594 1516 822 1544 neruorum
846 1516 1062 1556 uocamus,
1086 1517 1181 1544 cum
1206 1503 1295 1544 bini
1319 1502 1439 1543 nerui
1505 1550 1507 1552 ,

53 1568 109 1608 20
121 1561 283 1615 pariter
308 1563 531 1616 emergunt
552 1563 594 1602 et
618 1561 662 1601 in
681 1561 822 1602 locum
842 1563 1002 1602 certum
1023 1561 1229 1602 desinunt.
1279 1562 1439 1614 septem
1458 1571 1493 1599 25

123 1633 224 1675 ergo
255 1634 482 1661 neruorum
522 1619 719 1671 συζυγίαι
757 1619 806 1659 (10
843 1619 1003 1660 cerebri
1037 1620 1184 1660 uentre
1217 1621 1439 1660 nascentes
1503 1623 1505 1626 ’

121 1677 259 1719 uicem
290 1677 470 1731 implent
499 1677 750 1730 fistularum,
781 1677 1085 1730 spiramentum
1118 1676 1356 1718 sensificum
1388 1675 1440 1716 ad
1502 1723 1503 1726 Ἴ

123 1750 198 1776 sua
236 1749 424 1789 quaeque
461 1735 554 1776 loca
589 1734 778 1776 naturali
814 1734 907 1788 lege
946 1734 1158 1787 ducentes,
1188 1736 1237 1774 ut
1269 1747 1439 1775 sensum

121 1793 273 1834 uicinis
312 1796 354 1834 et
390 1793 517 1847 longe
554 1792 706 1846 positis
743 1791 944 1833 membris
977 1792 1171 1833 animalis
1201 1791 1440 1834 infundant.

52 1858 105 1898 21
121 1850 259 1904 prima
288 1851 422 1904 igitur
453 1851 633 1903 συζυγία
663 1864 887 1891 neruorum
919 1851 1068 1891 talium
1094 1850 1203 1903 petit
1227 1849 1370 1891 oculos
1398 1851 1440 1891 et
1457 1861 1494 1887 30⁷

122 1908 194 1949 dat
229 1908 315 1949 illis
354 1909 615 1962 agnitionem
653 1908 885 1962 specierum
922 1911 964 1948 et
1001 1908 1294 1949 discretionem
1327 1907 1438 1950 colo-

121 1980 233 2020 rum,
271 1966 453 2007 secunda
489 1966 532 2006 in
570 1980 691 2007 aures
723 1965 987 2019 diffunditur,
1023 1980 1099 2020 per
1130 1979 1254 2020 quam
1286 1965 1346 2006 eis
1376 1965 1439 2006 in-

120 2024 312 2065 nascitur
337 2023 492 2065 notitia
518 2037 729 2076 sonorum,
759 2023 889 2064 tertia
913 2024 1087 2065 naribus
1112 2023 1322 2076 inseritur,
1353 2023 1438 2064 uim
1490 2075 1491 2078 Ἴ

216 2130 256 2159 11
277 2124 490 2170 magestatis
506 2124 542 2159 P
613 2127 654 2158 12
674 2123 816 2171 uiuum]
838 2135 950 2158 unum
969 2124 1005 2158 P
1066 2128 1109 2158 13
1129 2125 1184 2159 bis
1201 2124 1386 2159 illuminat
1405 2124 1442 2159 P

122 2175 165 2205 15
190 2171 344 2215 sperahs
363 2171 399 2206 P
495 2181 591 2205 enim
617 2182 681 2206 om.
706 2171 743 2205 P
836 2174 878 2205 16
904 2169 1041 2214 spei-ale
1070 2170 1106 2204 P
1200 2174 1241 2206 18
1267 2170 1325 2204 sed
1352 2182 1439 2215 quia

119 2217 337 2253 necessarius
357 2228 421 2253 om.
450 2218 486 2251 P
589 2220 632 2252 22
658 2221 690 2253 et
714 2221 758 2251 26
785 2218 957 2252 (ΥΖΙΓΙΔΙ
984 2217 1020 2251 Ρ
1116 2219 1161 2251 24
1187 2217 1380 2252 (ΥΖΙΠΔΝ
1406 2217 1443 2252 Ρ

120 2268 164 2299 30
189 2269 220 2300 et
243 2267 322 2306 443,
350 2267 369 2298 7
395 2264 558 2299 (ΥΖΙΓΙΑ
586 2264 622 2297 P
700 2266 743 2297 33
768 2263 959 2298 inferiatur
983 2263 1019 2297 P
