<?xml version="1.0" encoding="UTF-8"?>
<!DOCTYPE html PUBLIC "-//W3C//DTD XHTML 1.0 Transitional//EN"
    "http://www.w3.org/TR/xhtml1/DTD/xhtml1-transitional.dtd">
<html xmlns="http://www.w3.org/1999/xhtml" xml:lang="en" lang="en">
 <head>
  <title>
</title>
<meta http-equiv="Content-Type" content="text/html;charset=utf-8" />
  <meta name='ocr-system' content='tesseract 3.04.00' />
  <meta name='ocr-capabilities' content='ocr_page ocr_carea ocr_par ocr_line ocrx_word'/>
</head>
<body>
  <div class='ocr_page' id='page_1' title='image "./macrobiusfrancis00macruoft_0413.png"; bbox 0 0 1526 2444; ppageno 0'>
   <div class='ocr_carea' id='block_1_1' title="bbox 506 47 1404 90">
    <p class='ocr_par' dir='ltr' id='par_1_1' title="bbox 506 47 1404 90">
     <span class='ocr_line' id='line_1_1' title="bbox 506 47 1404 90; baseline -0.002 -6"><span class='ocrx_word' id='word_1_1' title='bbox 506 47 595 84; x_wconf 86' lang='lat' dir='ltr'>V111</span> <span class='ocrx_word' id='word_1_2' title='bbox 621 51 759 84; x_wconf 82' lang='lat'>14-23</span> <span class='ocrx_word' id='word_1_3' title='bbox 795 47 898 83; x_wconf 87' lang='lat' dir='ltr'>V1111</span> <span class='ocrx_word' id='word_1_4' title='bbox 925 51 944 83; x_wconf 92' lang='lat'><strong>1</strong></span> <span class='ocrx_word' id='word_1_5' title='bbox 1320 49 1404 90; x_wconf 81' lang='lat'>401</span> 
     </span>
    </p>
   </div>
   <div class='ocr_carea' id='block_1_2' title="bbox 0 155 1489 1972">
    <p class='ocr_par' dir='ltr' id='par_1_2' title="bbox 59 155 1479 332">
     <span class='ocr_line' id='line_1_2' title="bbox 59 155 1410 217; baseline -0.004 -14"><span class='ocrx_word' id='word_1_6' title='bbox 59 175 188 217; x_wconf 88' lang='lat' dir='ltr'>porro</span> <span class='ocrx_word' id='word_1_7' title='bbox 231 159 332 202; x_wconf 88' lang='lat' dir='ltr'>huic</span> <span class='ocrx_word' id='word_1_8' title='bbox 374 157 587 201; x_wconf 87' lang='lat' dir='ltr'>uocabulo</span> <span class='ocrx_word' id='word_1_9' title='bbox 625 156 738 199; x_wconf 88' lang='lat' dir='ltr'>ratio</span> <span class='ocrx_word' id='word_1_10' title='bbox 779 156 836 198; x_wconf 89' lang='lat' dir='ltr'>sit</span> <span class='ocrx_word' id='word_1_11' title='bbox 874 156 1022 211; x_wconf 88' lang='lat' dir='ltr'>quaeri</span> <span class='ocrx_word' id='word_1_12' title='bbox 1058 155 1246 198; x_wconf 87' lang='lat' dir='ltr'>multum</span> <span class='ocrx_word' id='word_1_13' title='bbox 1285 156 1410 209; x_wconf 86' lang='lat' dir='ltr'>solet,</span> 
     </span>
     <span class='ocr_line' id='line_1_3' title="bbox 61 214 1409 274; baseline -0.004 -12"><span class='ocrx_word' id='word_1_14' title='bbox 61 220 135 262; x_wconf 88' lang='lat' dir='ltr'>sed</span> <span class='ocrx_word' id='word_1_15' title='bbox 172 233 281 274; x_wconf 84' lang='lat' dir='ltr'>quae</span> <span class='ocrx_word' id='word_1_16' title='bbox 321 218 482 273; x_wconf 79' lang='lat' dir='ltr'>scripta</span> <span class='ocrx_word' id='word_1_17' title='bbox 518 215 630 271; x_wconf 85' lang='lat' dir='ltr'>apud</span> <span class='ocrx_word' id='word_1_18' title='bbox 661 215 838 258; x_wconf 88' lang='lat' dir='ltr'>idoneos</span> <span class='ocrx_word' id='word_1_19' title='bbox 871 217 1067 258; x_wconf 75' lang='lat' dir='ltr'>auctores</span> <span class='ocrx_word' id='word_1_20' title='bbox 1098 215 1185 271; x_wconf 85' lang='lat' dir='ltr'>legi</span> <span class='ocrx_word' id='word_1_21' title='bbox 1215 214 1409 270; x_wconf 86' lang='lat' dir='ltr'>proferre</span> 
     </span>
     <span class='ocr_line' id='line_1_4' title="bbox 59 274 1479 332; baseline -0.001 -11"><span class='ocrx_word' id='word_1_22' title='bbox 59 280 105 321; x_wconf 90' lang='lat' dir='ltr'>in</span> <span class='ocrx_word' id='word_1_23' title='bbox 136 278 322 320; x_wconf 89' lang='lat' dir='ltr'>medium</span> <span class='ocrx_word' id='word_1_24' title='bbox 353 291 442 319; x_wconf 89' lang='lat' dir='ltr'>non</span> <span class='ocrx_word' id='word_1_25' title='bbox 472 275 651 332; x_wconf 85' lang='lat' dir='ltr'>pigebit.</span> <span class='ocrx_word' id='word_1_26' title='bbox 701 288 759 316; x_wconf 93' lang='lat' dir='ltr'>ue</span> <span class='ocrx_word' id='word_1_27' title='bbox 788 274 1012 329; x_wconf 88' lang='lat' dir='ltr'>particula,</span> <span class='ocrx_word' id='word_1_28' title='bbox 1045 274 1172 316; x_wconf 88' lang='lat' dir='ltr'>sicuti</span> <span class='ocrx_word' id='word_1_29' title='bbox 1197 274 1407 329; x_wconf 84' lang='lat' dir='ltr'>quaedam</span> <span class='ocrx_word' id='word_1_30' title='bbox 1425 277 1479 319; x_wconf 84' lang='lat'>18</span> 
     </span>
    </p>

    <p class='ocr_par' dir='ltr' id='par_1_3' title="bbox 0 333 1408 392">
     <span class='ocr_line' id='line_1_5' title="bbox 0 333 1408 392; baseline -0.004 -12"><span class='ocrx_word' id='word_1_31' title='bbox 0 341 4 346; x_wconf 83' lang='lat'>&#39;</span> <span class='ocrx_word' id='word_1_32' title='bbox 62 337 160 392; x_wconf 85' lang='lat' dir='ltr'>alia,</span> <span class='ocrx_word' id='word_1_33' title='bbox 186 338 279 379; x_wconf 87' lang='lat' dir='ltr'>tum</span> <span class='ocrx_word' id='word_1_34' title='bbox 304 335 590 378; x_wconf 87' lang='lat' dir='ltr'>intentionem</span> <span class='ocrx_word' id='word_1_35' title='bbox 611 334 942 388; x_wconf 82' lang='lat' dir='ltr'>significat‘tum</span> <span class='ocrx_word' id='word_1_36' title='bbox 961 333 1258 375; x_wconf 87' lang='lat' dir='ltr'>minutionem.</span> <span class='ocrx_word' id='word_1_37' title='bbox 1306 348 1408 375; x_wconf 86' lang='lat' dir='ltr'>nam</span> 
     </span>
    </p>

    <p class='ocr_par' dir='ltr' id='par_1_4' title="bbox 6 392 1480 686">
     <span class='ocr_line' id='line_1_6' title="bbox 6 392 1410 449; baseline -0.003 -11"><span class='ocrx_word' id='word_1_38' title='bbox 6 407 38 438; x_wconf 63' lang='lat'>*5</span> <span class='ocrx_word' id='word_1_39' title='bbox 61 399 208 439; x_wconf 88' lang='lat' dir='ltr'>uetus</span> <span class='ocrx_word' id='word_1_40' title='bbox 241 398 284 437; x_wconf 88' lang='lat' dir='ltr'>et</span> <span class='ocrx_word' id='word_1_41' title='bbox 313 395 607 449; x_wconf 86' lang='lat' dir='ltr'>uehemens,</span> <span class='ocrx_word' id='word_1_42' title='bbox 639 394 821 435; x_wconf 86' lang='lat' dir='ltr'>alterum</span> <span class='ocrx_word' id='word_1_43' title='bbox 848 393 903 434; x_wconf 90' lang='lat' dir='ltr'>ab</span> <span class='ocrx_word' id='word_1_44' title='bbox 931 392 1085 435; x_wconf 86' lang='lat' dir='ltr'>aetatis</span> <span class='ocrx_word' id='word_1_45' title='bbox 1111 392 1410 448; x_wconf 76' lang='lat' dir='ltr'>magnitudine</span> 
     </span>
     <span class='ocr_line' id='line_1_7' title="bbox 61 451 1470 510; baseline -0.004 -12"><span class='ocrx_word' id='word_1_46' title='bbox 61 455 332 510; x_wconf 88' lang='lat' dir='ltr'>conpositum</span> <span class='ocrx_word' id='word_1_47' title='bbox 365 454 600 508; x_wconf 88' lang='lat' dir='ltr'>elisumque</span> <span class='ocrx_word' id='word_1_48' title='bbox 632 454 709 507; x_wconf 92' lang='lat' dir='ltr'>est,</span> <span class='ocrx_word' id='word_1_49' title='bbox 741 452 926 494; x_wconf 90' lang='lat' dir='ltr'>alterum</span> <span class='ocrx_word' id='word_1_50' title='bbox 958 467 984 494; x_wconf 89' lang='lat' dir='ltr'>a</span> <span class='ocrx_word' id='word_1_51' title='bbox 1013 451 1150 494; x_wconf 87' lang='lat' dir='ltr'>nimio</span> <span class='ocrx_word' id='word_1_52' title='bbox 1176 451 1343 507; x_wconf 88' lang='lat' dir='ltr'>impetu</span> <span class='ocrx_word' id='word_1_53' title='bbox 1367 454 1412 493; x_wconf 89' lang='lat' dir='ltr'>et</span> <span class='ocrx_word' id='word_1_54' title='bbox 1467 507 1470 509; x_wconf 8' lang='grc' dir='ltr'>μ</span> 
     </span>
     <span class='ocr_line' id='line_1_8' title="bbox 60 513 1409 556; baseline -0.003 0"><span class='ocrx_word' id='word_1_55' title='bbox 60 515 106 556; x_wconf 92' lang='lat' dir='ltr'>ui</span> <span class='ocrx_word' id='word_1_56' title='bbox 147 514 306 556; x_wconf 82' lang='lat' dir='ltr'>mentis</span> <span class='ocrx_word' id='word_1_57' title='bbox 349 514 618 555; x_wconf 88' lang='lat' dir='ltr'>instructum.</span> <span class='ocrx_word' id='word_1_58' title='bbox 685 525 866 554; x_wconf 90' lang='lat' dir='ltr'>uecors</span> <span class='ocrx_word' id='word_1_59' title='bbox 915 513 1059 553; x_wconf 89' lang='lat' dir='ltr'>autem</span> <span class='ocrx_word' id='word_1_60' title='bbox 1104 513 1147 553; x_wconf 88' lang='lat' dir='ltr'>et</span> <span class='ocrx_word' id='word_1_61' title='bbox 1190 525 1409 553; x_wconf 85' lang='lat' dir='ltr'>uesanus</span> 
     </span>
     <span class='ocr_line' id='line_1_9' title="bbox 61 569 1480 629; baseline -0.001 -14"><span class='ocrx_word' id='word_1_62' title='bbox 61 573 352 629; x_wconf 87' lang='lat' dir='ltr'>priuationem</span> <span class='ocrx_word' id='word_1_63' title='bbox 403 571 617 628; x_wconf 86' lang='lat' dir='ltr'>significat</span> <span class='ocrx_word' id='word_1_64' title='bbox 660 570 858 612; x_wconf 85' lang='lat' dir='ltr'>sanitatis</span> <span class='ocrx_word' id='word_1_65' title='bbox 903 572 947 612; x_wconf 91' lang='lat' dir='ltr'>et</span> <span class='ocrx_word' id='word_1_66' title='bbox 991 570 1146 612; x_wconf 90' lang='lat' dir='ltr'>cordis.</span> <span class='ocrx_word' id='word_1_67' title='bbox 1220 569 1407 612; x_wconf 82' lang='lat' dir='ltr'><strong>diximus</strong></span> <span class='ocrx_word' id='word_1_68' title='bbox 1425 572 1480 615; x_wconf 85' lang='lat'>19</span> 
     </span>
     <span class='ocr_line' id='line_1_10' title="bbox 62 629 1410 686; baseline -0.003 -12"><span class='ocrx_word' id='word_1_69' title='bbox 62 634 208 674; x_wconf 88' lang='lat' dir='ltr'>autem</span> <span class='ocrx_word' id='word_1_70' title='bbox 253 631 467 686; x_wconf 89' lang='lat' dir='ltr'>superius,</span> <span class='ocrx_word' id='word_1_71' title='bbox 512 644 603 684; x_wconf 86' lang='lat' dir='ltr'>eos,</span> <span class='ocrx_word' id='word_1_72' title='bbox 647 630 719 684; x_wconf 91' lang='lat' dir='ltr'>qui</span> <span class='ocrx_word' id='word_1_73' title='bbox 761 629 930 683; x_wconf 87' lang='lat' dir='ltr'>amplas</span> <span class='ocrx_word' id='word_1_74' title='bbox 975 629 1126 671; x_wconf 91' lang='lat' dir='ltr'>domos</span> <span class='ocrx_word' id='word_1_75' title='bbox 1171 629 1410 684; x_wconf 87' lang='lat' dir='ltr'>antiquitus</span> 
     </span>
    </p>

    <p class='ocr_par' dir='ltr' id='par_1_5' title="bbox 10 688 1483 980">
     <span class='ocr_line' id='line_1_11' title="bbox 10 688 1411 744; baseline -0.003 -11"><span class='ocrx_word' id='word_1_76' title='bbox 10 705 45 733; x_wconf 79' lang='grc' dir='ltr'>ιο</span> <span class='ocrx_word' id='word_1_77' title='bbox 61 690 297 744; x_wconf 83' lang='lat' dir='ltr'>faciebant,</span> <span class='ocrx_word' id='word_1_78' title='bbox 352 691 494 732; x_wconf 90' lang='lat' dir='ltr'>locum</span> <span class='ocrx_word' id='word_1_79' title='bbox 550 691 650 731; x_wconf 87' lang='lat' dir='ltr'>ante</span> <span class='ocrx_word' id='word_1_80' title='bbox 704 691 879 730; x_wconf 88' lang='lat' dir='ltr'>ianuam</span> <span class='ocrx_word' id='word_1_81' title='bbox 934 702 1131 730; x_wconf 14' lang='lat' dir='ltr'>uacuum*</span> <span class='ocrx_word' id='word_1_82' title='bbox 1169 688 1411 743; x_wconf 87' lang='lat' dir='ltr'>relinquere</span> 
     </span>
     <span class='ocr_line' id='line_1_12' title="bbox 63 746 1412 805; baseline -0.002 -13"><span class='ocrx_word' id='word_1_83' title='bbox 63 750 234 805; x_wconf 88' lang='lat' dir='ltr'>solitos,</span> <span class='ocrx_word' id='word_1_84' title='bbox 272 749 346 804; x_wconf 88' lang='lat' dir='ltr'>qui</span> <span class='ocrx_word' id='word_1_85' title='bbox 383 750 496 791; x_wconf 89' lang='lat' dir='ltr'>inter</span> <span class='ocrx_word' id='word_1_86' title='bbox 532 748 645 790; x_wconf 86' lang='lat' dir='ltr'>fores</span> <span class='ocrx_word' id='word_1_87' title='bbox 684 747 835 789; x_wconf 92' lang='lat' dir='ltr'>domus</span> <span class='ocrx_word' id='word_1_88' title='bbox 868 749 911 788; x_wconf 84' lang='lat' dir='ltr'>et</span> <span class='ocrx_word' id='word_1_89' title='bbox 941 748 1056 789; x_wconf 87' lang='lat' dir='ltr'>uiam</span> <span class='ocrx_word' id='word_1_90' title='bbox 1089 746 1255 788; x_wconf 89' lang='lat' dir='ltr'>medius</span> <span class='ocrx_word' id='word_1_91' title='bbox 1287 749 1412 790; x_wconf 88' lang='lat' dir='ltr'>esset.</span> 
     </span>
     <span class='ocr_line' id='line_1_13' title="bbox 61 805 1483 863; baseline -0.001 -12"><span class='ocrx_word' id='word_1_92' title='bbox 61 809 107 850; x_wconf 91' lang='lat' dir='ltr'>in</span> <span class='ocrx_word' id='word_1_93' title='bbox 139 823 189 851; x_wconf 90' lang='lat' dir='ltr'>eo</span> <span class='ocrx_word' id='word_1_94' title='bbox 222 809 317 850; x_wconf 91' lang='lat' dir='ltr'>loco</span> <span class='ocrx_word' id='word_1_95' title='bbox 352 808 424 863; x_wconf 90' lang='lat' dir='ltr'>qui</span> <span class='ocrx_word' id='word_1_96' title='bbox 456 807 676 849; x_wconf 89' lang='lat' dir='ltr'>dominum</span> <span class='ocrx_word' id='word_1_97' title='bbox 709 806 799 848; x_wconf 90' lang='lat' dir='ltr'>eius</span> <span class='ocrx_word' id='word_1_98' title='bbox 832 805 984 848; x_wconf 89' lang='lat' dir='ltr'>domus</span> <span class='ocrx_word' id='word_1_99' title='bbox 1017 805 1253 848; x_wconf 88' lang='lat' dir='ltr'>salutatum</span> <span class='ocrx_word' id='word_1_100' title='bbox 1285 819 1408 848; x_wconf 88' lang='lat' dir='ltr'>uene·</span> <span class='ocrx_word' id='word_1_101' title='bbox 1424 808 1483 850; x_wconf 76' lang='lat'>20</span> 
     </span>
     <span class='ocr_line' id='line_1_14' title="bbox 62 865 1425 924; baseline -0.003 -14"><span class='ocrx_word' id='word_1_102' title='bbox 62 870 174 924; x_wconf 86' lang='lat' dir='ltr'>rant,</span> <span class='ocrx_word' id='word_1_103' title='bbox 203 867 453 922; x_wconf 87' lang='lat' dir='ltr'>priusquam</span> <span class='ocrx_word' id='word_1_104' title='bbox 485 865 828 920; x_wconf 87' lang='lat' dir='ltr'>admitterentur,</span> <span class='ocrx_word' id='word_1_105' title='bbox 859 865 1166 920; x_wconf 66' lang='lat' dir='ltr'>consistebam,</span> <span class='ocrx_word' id='word_1_106' title='bbox 1199 867 1242 907; x_wconf 90' lang='lat' dir='ltr'>et</span> <span class='ocrx_word' id='word_1_107' title='bbox 1271 879 1425 921; x_wconf 90' lang='lat' dir='ltr'>neque.</span> 
     </span>
     <span class='ocr_line' id='line_1_15' title="bbox 62 923 1412 980; baseline -0.001 -12"><span class='ocrx_word' id='word_1_108' title='bbox 62 927 110 969; x_wconf 89' lang='lat' dir='ltr'>in</span> <span class='ocrx_word' id='word_1_109' title='bbox 140 926 213 968; x_wconf 87' lang='lat' dir='ltr'>uia</span> <span class='ocrx_word' id='word_1_110' title='bbox 244 926 419 968; x_wconf 87' lang='lat' dir='ltr'>stabant</span> <span class='ocrx_word' id='word_1_111' title='bbox 449 939 586 980; x_wconf 88' lang='lat' dir='ltr'>neque</span> <span class='ocrx_word' id='word_1_112' title='bbox 618 925 733 966; x_wconf 82' lang='lat' dir='ltr'>intra</span> <span class='ocrx_word' id='word_1_113' title='bbox 765 923 892 966; x_wconf 88' lang='lat' dir='ltr'>aedes</span> <span class='ocrx_word' id='word_1_114' title='bbox 925 926 1057 966; x_wconf 80' lang='lat' dir='ltr'>erant.</span> <span class='ocrx_word' id='word_1_115' title='bbox 1112 924 1166 965; x_wconf 87' lang='lat' dir='ltr'>ab</span> <span class='ocrx_word' id='word_1_116' title='bbox 1199 924 1275 967; x_wconf 89' lang='lat' dir='ltr'>illo</span> <span class='ocrx_word' id='word_1_117' title='bbox 1308 937 1412 979; x_wconf 82' lang='lat' dir='ltr'>ergo</span> 
     </span>
    </p>

    <p class='ocr_par' dir='ltr' id='par_1_6' title="bbox 11 983 1482 1277">
     <span class='ocr_line' id='line_1_16' title="bbox 11 983 1413 1041; baseline -0.001 -14"><span class='ocrx_word' id='word_1_118' title='bbox 11 998 45 1027; x_wconf 69' lang='grc' dir='ltr'>ιε)</span> <span class='ocrx_word' id='word_1_119' title='bbox 66 985 240 1041; x_wconf 85' lang='lat' dir='ltr'>grandis</span> <span class='ocrx_word' id='word_1_120' title='bbox 272 985 357 1028; x_wconf 89' lang='lat' dir='ltr'>loci</span> <span class='ocrx_word' id='word_1_121' title='bbox 388 984 648 1028; x_wconf 78' lang='lat' dir='ltr'>consistione</span> <span class='ocrx_word' id='word_1_122' title='bbox 681 986 725 1025; x_wconf 94' lang='lat' dir='ltr'>et</span> <span class='ocrx_word' id='word_1_123' title='bbox 755 983 879 1038; x_wconf 86' lang='lat' dir='ltr'>quasi</span> <span class='ocrx_word' id='word_1_124' title='bbox 911 983 1095 1038; x_wconf 87' lang='lat' dir='ltr'>quadam</span> <span class='ocrx_word' id='word_1_125' title='bbox 1122 983 1413 1026; x_wconf 83' lang='lat' dir='ltr'>stabulatione</span> 
     </span>
     <span class='ocr_line' id='line_1_17' title="bbox 63 1042 1413 1099; baseline -0.001 -12"><span class='ocrx_word' id='word_1_126' title='bbox 63 1044 327 1087; x_wconf 89' lang='lat' dir='ltr'>uestibula</span> <span class='ocrx_word' id='word_1_127' title='bbox 364 1043 582 1099; x_wconf 87' lang='lat' dir='ltr'>appellata</span> <span class='ocrx_word' id='word_1_128' title='bbox 619 1045 721 1085; x_wconf 88' lang='lat' dir='ltr'>sunt</span> <span class='ocrx_word' id='word_1_129' title='bbox 760 1042 920 1097; x_wconf 87' lang='lat' dir='ltr'>spatia,</span> <span class='ocrx_word' id='word_1_130' title='bbox 956 1043 1002 1084; x_wconf 85' lang='lat' dir='ltr'>in</span> <span class='ocrx_word' id='word_1_131' title='bbox 1041 1042 1196 1097; x_wconf 86' lang='lat' dir='ltr'>quibus</span> <span class='ocrx_word' id='word_1_132' title='bbox 1227 1043 1413 1085; x_wconf 89' lang='lat' dir='ltr'>multum</span> 
     </span>
     <span class='ocr_line' id='line_1_18' title="bbox 65 1101 1415 1157; baseline -0.002 -11"><span class='ocrx_word' id='word_1_133' title='bbox 65 1105 255 1146; x_wconf 85' lang='lat' dir='ltr'>staretur</span> <span class='ocrx_word' id='word_1_134' title='bbox 286 1103 339 1145; x_wconf 88' lang='lat' dir='ltr'>ab</span> <span class='ocrx_word' id='word_1_135' title='bbox 367 1101 709 1157; x_wconf 87' lang='lat' dir='ltr'>aduenientibus,</span> <span class='ocrx_word' id='word_1_136' title='bbox 739 1102 993 1157; x_wconf 88' lang='lat' dir='ltr'>priusquam</span> <span class='ocrx_word' id='word_1_137' title='bbox 1018 1101 1415 1144; x_wconf 82' lang='lat' dir='ltr'>intromitterentur</span> 
     </span>
     <span class='ocr_line' id='line_1_19' title="bbox 65 1161 1482 1214; baseline 0.001 -10"><span class='ocrx_word' id='word_1_138' title='bbox 65 1163 110 1204; x_wconf 89' lang='lat' dir='ltr'>in</span> <span class='ocrx_word' id='word_1_139' title='bbox 148 1163 335 1205; x_wconf 89' lang='lat' dir='ltr'>domum.</span> <span class='ocrx_word' id='word_1_140' title='bbox 399 1162 491 1214; x_wconf 86' lang='lat' dir='ltr'>alii,</span> <span class='ocrx_word' id='word_1_141' title='bbox 529 1161 846 1204; x_wconf 86' lang='lat' dir='ltr'>consentientes</span> <span class='ocrx_word' id='word_1_142' title='bbox 883 1161 1101 1203; x_wconf 90' lang='lat' dir='ltr'>uestibula</span> <span class='ocrx_word' id='word_1_143' title='bbox 1139 1161 1288 1203; x_wconf 90' lang='lat' dir='ltr'>eadem</span> <span class='ocrx_word' id='word_1_144' title='bbox 1321 1175 1415 1204; x_wconf 85' lang='lat' dir='ltr'>esse</span> <span class='ocrx_word' id='word_1_145' title='bbox 1429 1164 1482 1205; x_wconf 80' lang='lat'>21</span> 
     </span>
     <span class='ocr_line' id='line_1_20' title="bbox 66 1219 1415 1277; baseline -0.001 -14"><span class='ocrx_word' id='word_1_146' title='bbox 66 1236 175 1277; x_wconf 87' lang='lat' dir='ltr'>quae</span> <span class='ocrx_word' id='word_1_147' title='bbox 219 1221 424 1276; x_wconf 84' lang='lat' dir='ltr'>diximus,</span> <span class='ocrx_word' id='word_1_148' title='bbox 466 1221 513 1262; x_wconf 91' lang='lat' dir='ltr'>in</span> <span class='ocrx_word' id='word_1_149' title='bbox 557 1235 684 1262; x_wconf 84' lang='lat' dir='ltr'>sensu</span> <span class='ocrx_word' id='word_1_150' title='bbox 720 1222 866 1262; x_wconf 85' lang='lat' dir='ltr'>tamen</span> <span class='ocrx_word' id='word_1_151' title='bbox 903 1219 1105 1262; x_wconf 87' lang='lat' dir='ltr'>uocabuli</span> <span class='ocrx_word' id='word_1_152' title='bbox 1142 1219 1415 1263; x_wconf 83' lang='lat' dir='ltr'>dissentiunt.</span> 
     </span>
    </p>

    <p class='ocr_par' dir='ltr' id='par_1_7' title="bbox 14 1278 1416 1395">
     <span class='ocr_line' id='line_1_21' title="bbox 14 1278 1416 1335; baseline -0.001 -13"><span class='ocrx_word' id='word_1_153' title='bbox 14 1295 50 1330; x_wconf 57' lang='grc' dir='ltr'>,ιο</span> <span class='ocrx_word' id='word_1_154' title='bbox 70 1281 263 1322; x_wconf 87' lang='lat' dir='ltr'>referunt</span> <span class='ocrx_word' id='word_1_155' title='bbox 294 1281 406 1322; x_wconf 89' lang='lat' dir='ltr'>enim</span> <span class='ocrx_word' id='word_1_156' title='bbox 435 1294 524 1323; x_wconf 90' lang='lat' dir='ltr'>non</span> <span class='ocrx_word' id='word_1_157' title='bbox 549 1279 602 1321; x_wconf 91' lang='lat' dir='ltr'>ad</span> <span class='ocrx_word' id='word_1_158' title='bbox 630 1293 716 1333; x_wconf 90' lang='lat' dir='ltr'>eos,</span> <span class='ocrx_word' id='word_1_159' title='bbox 747 1279 820 1334; x_wconf 90' lang='lat' dir='ltr'>qui</span> <span class='ocrx_word' id='word_1_160' title='bbox 846 1278 1094 1334; x_wconf 87' lang='lat' dir='ltr'>adueniunt,</span> <span class='ocrx_word' id='word_1_161' title='bbox 1126 1279 1199 1321; x_wconf 88' lang='lat' dir='ltr'>sed</span> <span class='ocrx_word' id='word_1_162' title='bbox 1226 1279 1278 1321; x_wconf 87' lang='lat' dir='ltr'>ad</span> <span class='ocrx_word' id='word_1_163' title='bbox 1303 1279 1416 1335; x_wconf 93' lang='lat' dir='ltr'>illos,</span> 
     </span>
     <span class='ocr_line' id='line_1_22' title="bbox 68 1337 1415 1395; baseline -0.001 -14"><span class='ocrx_word' id='word_1_164' title='bbox 68 1340 141 1395; x_wconf 90' lang='lat' dir='ltr'>qui</span> <span class='ocrx_word' id='word_1_165' title='bbox 189 1340 234 1381; x_wconf 89' lang='lat' dir='ltr'>in</span> <span class='ocrx_word' id='word_1_166' title='bbox 285 1339 412 1381; x_wconf 91' lang='lat' dir='ltr'>domo</span> <span class='ocrx_word' id='word_1_167' title='bbox 460 1340 751 1391; x_wconf 88' lang='lat' dir='ltr'>commanent,</span> <span class='ocrx_word' id='word_1_168' title='bbox 801 1338 1006 1392; x_wconf 90' lang='lat' dir='ltr'>quoniam</span> <span class='ocrx_word' id='word_1_169' title='bbox 1049 1337 1137 1379; x_wconf 89' lang='lat' dir='ltr'>illic</span> <span class='ocrx_word' id='word_1_170' title='bbox 1179 1352 1415 1393; x_wconf 90' lang='lat' dir='ltr'>numquam</span> 
     </span>
    </p>

    <p class='ocr_par' dir='ltr' id='par_1_8' title="bbox 0 1395 1415 1453">
     <span class='ocr_line' id='line_1_23' title="bbox 0 1395 1415 1453; baseline -0.002 -12"><span class='ocrx_word' id='word_1_171' title='bbox 0 1395 2 1427; x_wconf 35' lang='grc' dir='ltr'>ἰ</span> <span class='ocrx_word' id='word_1_172' title='bbox 67 1398 329 1453; x_wconf 87' lang='lat' dir='ltr'>consistunt,</span> <span class='ocrx_word' id='word_1_173' title='bbox 361 1398 435 1440; x_wconf 87' lang='lat' dir='ltr'>sed</span> <span class='ocrx_word' id='word_1_174' title='bbox 467 1397 602 1440; x_wconf 90' lang='lat' dir='ltr'>solius</span> <span class='ocrx_word' id='word_1_175' title='bbox 634 1396 847 1439; x_wconf 86' lang='lat' dir='ltr'>transitus</span> <span class='ocrx_word' id='word_1_176' title='bbox 879 1411 1008 1438; x_wconf 87' lang='lat' dir='ltr'>causa</span> <span class='ocrx_word' id='word_1_177' title='bbox 1044 1396 1098 1438; x_wconf 87' lang='lat' dir='ltr'>ad</span> <span class='ocrx_word' id='word_1_178' title='bbox 1128 1396 1242 1439; x_wconf 89' lang='lat' dir='ltr'>hunc</span> <span class='ocrx_word' id='word_1_179' title='bbox 1272 1398 1415 1439; x_wconf 90' lang='lat' dir='ltr'>locum</span> 
     </span>
    </p>

    <p class='ocr_par' dir='ltr' id='par_1_9' title="bbox 1 1455 1487 1511">
     <span class='ocr_line' id='line_1_24' title="bbox 1 1455 1487 1511; baseline 0.001 -11"><span class='ocrx_word' id='word_1_180' title='bbox 1 1465 3 1468; x_wconf 77' lang='grc'>’</span> <span class='ocrx_word' id='word_1_181' title='bbox 67 1457 247 1500; x_wconf 90' lang='lat' dir='ltr'>ueniunt</span> <span class='ocrx_word' id='word_1_182' title='bbox 278 1457 468 1500; x_wconf 87' lang='lat' dir='ltr'>exeundo</span> <span class='ocrx_word' id='word_1_183' title='bbox 501 1457 593 1499; x_wconf 89' lang='lat' dir='ltr'>siue</span> <span class='ocrx_word' id='word_1_184' title='bbox 624 1455 853 1498; x_wconf 89' lang='lat' dir='ltr'>redeundo.</span> <span class='ocrx_word' id='word_1_185' title='bbox 902 1455 993 1498; x_wconf 89' lang='lat' dir='ltr'>siue</span> <span class='ocrx_word' id='word_1_186' title='bbox 1022 1455 1158 1511; x_wconf 85' lang='lat' dir='ltr'>igitur</span> <span class='ocrx_word' id='word_1_187' title='bbox 1183 1456 1415 1498; x_wconf 89' lang='lat' dir='ltr'>secundum</span> <span class='ocrx_word' id='word_1_188' title='bbox 1429 1459 1487 1501; x_wconf 79' lang='lat'>22</span> 
     </span>
    </p>

    <p class='ocr_par' dir='ltr' id='par_1_10' title="bbox 17 1514 1416 1572">
     <span class='ocr_line' id='line_1_25' title="bbox 17 1514 1416 1572; baseline -0.002 -13"><span class='ocrx_word' id='word_1_189' title='bbox 17 1527 20 1530; x_wconf 83' lang='grc'>’</span> <span class='ocrx_word' id='word_1_190' title='bbox 67 1517 230 1572; x_wconf 88' lang='lat' dir='ltr'>priores</span> <span class='ocrx_word' id='word_1_191' title='bbox 267 1531 344 1571; x_wconf 90' lang='lat' dir='ltr'>per</span> <span class='ocrx_word' id='word_1_192' title='bbox 381 1518 663 1571; x_wconf 85' lang='lat' dir='ltr'>augmentum</span> <span class='ocrx_word' id='word_1_193' title='bbox 701 1514 792 1557; x_wconf 90' lang='lat' dir='ltr'>siue</span> <span class='ocrx_word' id='word_1_194' title='bbox 830 1529 906 1569; x_wconf 90' lang='lat' dir='ltr'>per</span> <span class='ocrx_word' id='word_1_195' title='bbox 946 1514 1153 1557; x_wconf 89' lang='lat' dir='ltr'>secundos</span> <span class='ocrx_word' id='word_1_196' title='bbox 1185 1529 1261 1570; x_wconf 85' lang='lat' dir='ltr'>per</span> <span class='ocrx_word' id='word_1_197' title='bbox 1292 1514 1416 1557; x_wconf 90' lang='lat' dir='ltr'>dimi-</span> 
     </span>
    </p>

    <p class='ocr_par' dir='ltr' id='par_1_11' title="bbox 0 1573 1416 1631">
     <span class='ocr_line' id='line_1_26' title="bbox 0 1573 1416 1631; baseline -0.001 -13"><span class='ocrx_word' id='word_1_198' title='bbox 0 1585 49 1623; x_wconf 65' lang='lat' dir='ltr'>,m</span> <span class='ocrx_word' id='word_1_199' title='bbox 68 1575 289 1618; x_wconf 88' lang='lat' dir='ltr'>nutionem</span> <span class='ocrx_word' id='word_1_200' title='bbox 314 1575 653 1631; x_wconf 84' lang='lat' dir='ltr'>intellegendum</span> <span class='ocrx_word' id='word_1_201' title='bbox 679 1575 757 1629; x_wconf 87' lang='lat' dir='ltr'>est,</span> <span class='ocrx_word' id='word_1_202' title='bbox 782 1576 928 1616; x_wconf 88' lang='lat' dir='ltr'>tamen</span> <span class='ocrx_word' id='word_1_203' title='bbox 952 1573 1217 1616; x_wconf 89' lang='lat' dir='ltr'>uestibulum</span> <span class='ocrx_word' id='word_1_204' title='bbox 1243 1576 1416 1616; x_wconf 86' lang='lat' dir='ltr'>constat</span> 
     </span>
    </p>

    <p class='ocr_par' dir='ltr' id='par_1_12' title="bbox 68 1632 1415 1689">
     <span class='ocr_line' id='line_1_27' title="bbox 68 1632 1415 1689; baseline -0.001 -12"><span class='ocrx_word' id='word_1_205' title='bbox 68 1649 212 1677; x_wconf 86' lang='lat' dir='ltr'>aream</span> <span class='ocrx_word' id='word_1_206' title='bbox 244 1634 340 1689; x_wconf 87' lang='lat' dir='ltr'>dici,</span> <span class='ocrx_word' id='word_1_207' title='bbox 371 1648 479 1689; x_wconf 89' lang='lat' dir='ltr'>quae</span> <span class='ocrx_word' id='word_1_208' title='bbox 506 1649 532 1676; x_wconf 90' lang='lat' dir='ltr'>a</span> <span class='ocrx_word' id='word_1_209' title='bbox 555 1634 628 1676; x_wconf 87' lang='lat' dir='ltr'>uia</span> <span class='ocrx_word' id='word_1_210' title='bbox 654 1633 827 1676; x_wconf 91' lang='lat' dir='ltr'>domum</span> <span class='ocrx_word' id='word_1_211' title='bbox 853 1633 1020 1675; x_wconf 83' lang='lat' dir='ltr'>diuidit.</span> <span class='ocrx_word' id='word_1_212' title='bbox 1069 1632 1244 1675; x_wconf 88' lang='lat' dir='ltr'>fauces</span> <span class='ocrx_word' id='word_1_213' title='bbox 1271 1637 1415 1676; x_wconf 88' lang='lat' dir='ltr'>autem</span> 
     </span>
    </p>

    <p class='ocr_par' dir='ltr' id='par_1_13' title="bbox 66 1692 1417 1750">
     <span class='ocr_line' id='line_1_28' title="bbox 66 1692 1417 1750; baseline 0 -15"><span class='ocrx_word' id='word_1_214' title='bbox 66 1695 149 1735; x_wconf 87' lang='lat' dir='ltr'>iter</span> <span class='ocrx_word' id='word_1_215' title='bbox 192 1696 425 1750; x_wconf 85' lang='lat' dir='ltr'>angustum</span> <span class='ocrx_word' id='word_1_216' title='bbox 469 1695 551 1747; x_wconf 88' lang='lat' dir='ltr'>est,</span> <span class='ocrx_word' id='word_1_217' title='bbox 594 1707 671 1748; x_wconf 89' lang='lat' dir='ltr'>per</span> <span class='ocrx_word' id='word_1_218' title='bbox 709 1692 820 1748; x_wconf 89' lang='lat' dir='ltr'>quod</span> <span class='ocrx_word' id='word_1_219' title='bbox 859 1692 911 1734; x_wconf 87' lang='lat' dir='ltr'>ad</span> <span class='ocrx_word' id='word_1_220' title='bbox 949 1692 1214 1734; x_wconf 89' lang='lat' dir='ltr'>uestibulum</span> <span class='ocrx_word' id='word_1_221' title='bbox 1257 1692 1308 1734; x_wconf 91' lang='lat' dir='ltr'>de</span> <span class='ocrx_word' id='word_1_222' title='bbox 1345 1693 1417 1735; x_wconf 87' lang='lat' dir='ltr'>uia</span> 
     </span>
    </p>

    <p class='ocr_par' dir='ltr' id='par_1_14' title="bbox 8 1750 1489 1810">
     <span class='ocr_line' id='line_1_29' title="bbox 8 1750 1489 1810; baseline 0.002 -16"><span class='ocrx_word' id='word_1_223' title='bbox 8 1768 9 1810; x_wconf 42' lang='grc' dir='ltr'>ξ</span> <span class='ocrx_word' id='word_1_224' title='bbox 66 1752 263 1796; x_wconf 89' lang='lat' dir='ltr'>flectitur.</span> <span class='ocrx_word' id='word_1_225' title='bbox 325 1766 427 1808; x_wconf 87' lang='lat' dir='ltr'>ergo</span> <span class='ocrx_word' id='word_1_226' title='bbox 460 1750 630 1794; x_wconf 89' lang='lat' dir='ltr'>Aeneas</span> <span class='ocrx_word' id='word_1_227' title='bbox 669 1766 765 1794; x_wconf 88' lang='lat' dir='ltr'>cum</span> <span class='ocrx_word' id='word_1_228' title='bbox 796 1751 915 1793; x_wconf 86' lang='lat' dir='ltr'>uidet</span> <span class='ocrx_word' id='word_1_229' title='bbox 944 1750 1090 1793; x_wconf 85' lang='lat' dir='ltr'>fauces</span> <span class='ocrx_word' id='word_1_230' title='bbox 1123 1753 1250 1806; x_wconf 88' lang='lat' dir='ltr'>atque</span> <span class='ocrx_word' id='word_1_231' title='bbox 1281 1752 1411 1794; x_wconf 89' lang='lat' dir='ltr'>uesti-</span> <span class='ocrx_word' id='word_1_232' title='bbox 1430 1754 1489 1797; x_wconf 81' lang='lat'>23</span> 
     </span>
    </p>

    <p class='ocr_par' dir='ltr' id='par_1_15' title="bbox 10 1809 1417 1866">
     <span class='ocr_line' id='line_1_30' title="bbox 10 1809 1417 1866; baseline -0.001 -12"><span class='ocrx_word' id='word_1_233' title='bbox 10 1846 11 1862; x_wconf 45' lang='lat'>2</span> <span class='ocrx_word' id='word_1_234' title='bbox 68 1811 216 1854; x_wconf 90' lang='lat' dir='ltr'>bulum</span> <span class='ocrx_word' id='word_1_235' title='bbox 259 1810 410 1854; x_wconf 91' lang='lat' dir='ltr'>domus</span> <span class='ocrx_word' id='word_1_236' title='bbox 455 1810 705 1866; x_wconf 87' lang='lat' dir='ltr'>impiorum,</span> <span class='ocrx_word' id='word_1_237' title='bbox 742 1825 828 1854; x_wconf 87' lang='lat' dir='ltr'>non</span> <span class='ocrx_word' id='word_1_238' title='bbox 867 1812 934 1852; x_wconf 89' lang='lat' dir='ltr'>est</span> <span class='ocrx_word' id='word_1_239' title='bbox 972 1809 1090 1851; x_wconf 87' lang='lat' dir='ltr'>intra</span> <span class='ocrx_word' id='word_1_240' title='bbox 1127 1810 1302 1852; x_wconf 93' lang='lat' dir='ltr'>domum</span> <span class='ocrx_word' id='word_1_241' title='bbox 1339 1825 1417 1853; x_wconf 88' lang='lat' dir='ltr'>nec</span> 
     </span>
    </p>

    <p class='ocr_par' dir='ltr' id='par_1_16' title="bbox 10 1869 1418 1927">
     <span class='ocr_line' id='line_1_31' title="bbox 10 1869 1418 1927; baseline -0.001 -14"><span class='ocrx_word' id='word_1_242' title='bbox 10 1879 52 1927; x_wconf 68' lang='lat' dir='ltr'>{no</span> <span class='ocrx_word' id='word_1_243' title='bbox 70 1872 270 1913; x_wconf 87' lang='lat' dir='ltr'>contactu</span> <span class='ocrx_word' id='word_1_244' title='bbox 303 1870 471 1912; x_wconf 87' lang='lat' dir='ltr'>aedium</span> <span class='ocrx_word' id='word_1_245' title='bbox 505 1883 633 1912; x_wconf 84' lang='lat' dir='ltr'>saeuo</span> <span class='ocrx_word' id='word_1_246' title='bbox 668 1869 982 1924; x_wconf 85' lang='lat' dir='ltr'>execrabilique</span> <span class='ocrx_word' id='word_1_247' title='bbox 1013 1869 1234 1925; x_wconf 85' lang='lat' dir='ltr'>polluitur,</span> <span class='ocrx_word' id='word_1_248' title='bbox 1267 1870 1340 1912; x_wconf 88' lang='lat' dir='ltr'>sed</span> <span class='ocrx_word' id='word_1_249' title='bbox 1366 1870 1418 1912; x_wconf 91' lang='lat' dir='ltr'>de</span> 
     </span>
    </p>

    <p class='ocr_par' dir='ltr' id='par_1_17' title="bbox 12 1927 1137 1972">
     <span class='ocr_line' id='line_1_32' title="bbox 12 1927 1137 1972; baseline -0.002 0"><span class='ocrx_word' id='word_1_250' title='bbox 12 1962 13 1965; x_wconf 19' lang='grc' dir='ltr'>η</span> <span class='ocrx_word' id='word_1_251' title='bbox 68 1929 141 1972; x_wconf 85' lang='lat' dir='ltr'>uia</span> <span class='ocrx_word' id='word_1_252' title='bbox 171 1930 288 1972; x_wconf 89' lang='lat' dir='ltr'>uidet</span> <span class='ocrx_word' id='word_1_253' title='bbox 318 1930 414 1972; x_wconf 86' lang='lat' dir='ltr'>loca</span> <span class='ocrx_word' id='word_1_254' title='bbox 443 1929 557 1970; x_wconf 86' lang='lat' dir='ltr'>inter</span> <span class='ocrx_word' id='word_1_255' title='bbox 588 1929 704 1970; x_wconf 90' lang='lat' dir='ltr'>uiam</span> <span class='ocrx_word' id='word_1_256' title='bbox 736 1931 779 1970; x_wconf 92' lang='lat' dir='ltr'>et</span> <span class='ocrx_word' id='word_1_257' title='bbox 810 1928 935 1970; x_wconf 89' lang='lat' dir='ltr'>aedes</span> <span class='ocrx_word' id='word_1_258' title='bbox 967 1927 1137 1971; x_wconf 68' lang='lat' dir='ltr'>locata?</span> 
     </span>
    </p>
   </div>
   <div class='ocr_carea' id='block_1_3' title="bbox 0 1660 60 2444">
    <p class='ocr_par' dir='ltr' id='par_1_18' title="bbox 0 1660 60 2444">
     <span class='ocr_line' id='line_1_33' title="bbox 0 1660 60 2444; baseline 0 -488"><span class='ocrx_word' id='word_1_259' title='bbox 0 1660 60 2444; x_wconf 95' lang='lat' dir='ltr'>   </span> 
     </span>
    </p>
   </div>
   <div class='ocr_carea' id='block_1_4' title="bbox 15 2009 1492 2244">
    <p class='ocr_par' dir='ltr' id='par_1_19' title="bbox 15 2009 1492 2244">
     <span class='ocr_line' id='line_1_34' title="bbox 188 2009 1492 2066; baseline 0 -12"><span class='ocrx_word' id='word_1_260' title='bbox 188 2011 454 2054; x_wconf 74' lang='lat' dir='ltr'>‘Bidentes</span> <span class='ocrx_word' id='word_1_261' title='bbox 485 2011 687 2054; x_wconf 87' lang='lat' dir='ltr'>hostiae</span> <span class='ocrx_word' id='word_1_262' title='bbox 720 2010 822 2066; x_wconf 88' lang='lat' dir='ltr'>quid</span> <span class='ocrx_word' id='word_1_263' title='bbox 854 2009 1011 2053; x_wconf 86' lang='lat' dir='ltr'>essent&#39;</span> <span class='ocrx_word' id='word_1_264' title='bbox 1042 2010 1182 2066; x_wconf 88' lang='lat' dir='ltr'>inquit</span> <span class='ocrx_word' id='word_1_265' title='bbox 1212 2010 1492 2066; x_wconf 80' lang='lat' dir='ltr'>Auie-VIIH</span> 
     </span>
     <span class='ocr_line' id='line_1_35' title="bbox 69 2069 1418 2126; baseline -0.001 -13"><span class='ocrx_word' id='word_1_266' title='bbox 69 2084 149 2113; x_wconf 88' lang='lat' dir='ltr'>nus</span> <span class='ocrx_word' id='word_1_267' title='bbox 183 2069 466 2126; x_wconf 75' lang='lat' dir='ltr'>‘interrogaui</span> <span class='ocrx_word' id='word_1_268' title='bbox 498 2069 710 2126; x_wconf 86' lang='lat' dir='ltr'>quendam</span> <span class='ocrx_word' id='word_1_269' title='bbox 742 2069 793 2112; x_wconf 91' lang='lat' dir='ltr'>de</span> <span class='ocrx_word' id='word_1_270' title='bbox 822 2069 1203 2125; x_wconf 86' lang='lat' dir='ltr'>grammaticorum</span> <span class='ocrx_word' id='word_1_271' title='bbox 1229 2070 1418 2125; x_wconf 88' lang='lat' dir='ltr'>cohorte,</span> 
     </span>
     <span class='ocr_line' id='line_1_36' title="bbox 15 2128 1420 2189; baseline 0.001 -18"><span class='ocrx_word' id='word_1_272' title='bbox 15 2149 18 2189; x_wconf 59' lang='lat'>¹}</span> <span class='ocrx_word' id='word_1_273' title='bbox 72 2131 116 2171; x_wconf 90' lang='lat' dir='ltr'>et</span> <span class='ocrx_word' id='word_1_274' title='bbox 169 2129 242 2171; x_wconf 91' lang='lat' dir='ltr'>ille</span> <span class='ocrx_word' id='word_1_275' title='bbox 298 2129 534 2172; x_wconf 88' lang='lat' dir='ltr'>bidentes</span> <span class='ocrx_word' id='word_1_276' title='bbox 585 2143 687 2172; x_wconf 87' lang='lat' dir='ltr'>oues</span> <span class='ocrx_word' id='word_1_277' title='bbox 737 2143 830 2171; x_wconf 84' lang='lat' dir='ltr'>esse</span> <span class='ocrx_word' id='word_1_278' title='bbox 880 2128 1121 2184; x_wconf 87' lang='lat' dir='ltr'>respondit,</span> <span class='ocrx_word' id='word_1_279' title='bbox 1176 2129 1420 2186; x_wconf 88' lang='lat' dir='ltr'>idcircoque</span> 
     </span>
     <span class='ocr_line' id='line_1_37' title="bbox 17 2187 1421 2244; baseline 0.001 -14"><span class='ocrx_word' id='word_1_280' title='bbox 17 2229 19 2239; x_wconf 27' lang='lat' dir='ltr'><em>A</em></span> <span class='ocrx_word' id='word_1_281' title='bbox 73 2187 334 2244; x_wconf 85' lang='lat' dir='ltr'>lanigeras</span> <span class='ocrx_word' id='word_1_282' title='bbox 361 2188 588 2241; x_wconf 87' lang='lat' dir='ltr'>adiectum,</span> <span class='ocrx_word' id='word_1_283' title='bbox 614 2190 662 2231; x_wconf 91' lang='lat' dir='ltr'>ut</span> <span class='ocrx_word' id='word_1_284' title='bbox 688 2202 790 2231; x_wconf 91' lang='lat' dir='ltr'>oues</span> <span class='ocrx_word' id='word_1_285' title='bbox 815 2188 986 2243; x_wconf 87' lang='lat' dir='ltr'>planius</span> <span class='ocrx_word' id='word_1_286' title='bbox 1008 2188 1421 2233; x_wconf 80' lang='lat' dir='ltr'>demonstrarentur.</span> 
     </span>
    </p>
   </div>
   <div class='ocr_carea' id='block_1_5' title="bbox 144 2292 1137 2387">
    <p class='ocr_par' dir='ltr' id='par_1_20' title="bbox 144 2292 1137 2387">
     <span class='ocr_line' id='line_1_38' title="bbox 167 2292 624 2329; baseline 0 -1"><span class='ocrx_word' id='word_1_287' title='bbox 167 2297 213 2328; x_wconf 81' lang='lat'>20</span> <span class='ocrx_word' id='word_1_288' title='bbox 237 2303 311 2328; x_wconf 90' lang='lat' dir='ltr'>non</span> <span class='ocrx_word' id='word_1_289' title='bbox 336 2292 385 2329; x_wconf 83' lang='lat' dir='ltr'>ad</span> <span class='ocrx_word' id='word_1_290' title='bbox 410 2292 474 2328; x_wconf 84' lang='lat' dir='ltr'>eos</span> <span class='ocrx_word' id='word_1_291' title='bbox 493 2304 560 2329; x_wconf 86' lang='lat' dir='ltr'>om.</span> <span class='ocrx_word' id='word_1_292' title='bbox 586 2293 624 2328; x_wconf 89' lang='lat' dir='ltr'><strong><em>P</em></strong></span> 
     </span>
     <span class='ocr_line' id='line_1_39' title="bbox 144 2355 1137 2387; baseline 0.003 -3"><span class='ocrx_word' id='word_1_293' title='bbox 144 2358 334 2386; x_wconf 71' lang='lat' dir='ltr'>MAcnomvs</span> <span class='ocrx_word' id='word_1_294' title='bbox 1093 2355 1137 2387; x_wconf 79' lang='lat'>26</span> 
     </span>
    </p>
   </div>
  </div>
 </body>
</html>
