1474 2482
134 123 203 158 IIII
663 124 932 160 PRAEFATIO

136 229 328 283 margine
358 229 556 271 inferiore
587 229 636 271 P.
655 229 805 272 Pithou
836 229 929 287 (sed
950 232 1063 274 linea
1082 234 1326 275 transuersa
1346 234 1456 276 dele-

133 297 257 354 tum),
282 298 367 342 Iac.
387 298 493 352 Auq.
515 299 692 354 Thuany,
717 301 760 340 in
786 301 937 342 ultimo
963 300 1065 343 folio
1085 316 1206 345 uerso
1226 303 1274 345 P.
1292 303 1461 346 Pithon.

134 367 318 422 scriptus
340 371 405 409 est
425 368 469 408 in
488 367 625 410 forma
644 369 851 423 quadrata
870 370 1028 412 maiore
1048 372 1216 416 saeculo
1231 373 1453 416 undecimo

133 437 286 478 litteris
325 438 509 490 primum
546 437 716 491 quidem
753 439 857 480 satis
895 439 1079 494 magnis,
1114 441 1158 482 in
1197 441 1279 483 fine
1317 442 1456 484 multo

136 506 371 547 minoribus
417 507 488 547 sed
533 507 678 548 eodem
722 510 836 550 certe
878 510 1084 564 tempore:
1135 524 1234 551 nam
1280 511 1458 552 eundem

134 575 351 616 hominem
394 578 533 618 totum
575 576 731 618 librum
781 591 974 620 exarasse
1023 580 1096 620 uix
1146 579 1458 622 affirmauerim.

139 644 302 686 scholia
333 645 540 699 quaedam
571 647 887 688 commentariis
926 648 970 689 in
1008 648 1218 690 somnium
1250 647 1459 703 Scipionis

138 737 187 743 —-
217 715 407 755 continet
437 714 550 755 enim
582 715 660 756 hos
693 718 735 757 et
766 716 914 758 deinde
941 716 1183 759 Saturnalia
1207 718 1375 773 integra
1405 743 1450 748 -—

137 781 282 823 addita
311 783 471 836 pariter
501 783 623 824 omisi
657 786 781 839 atque
813 785 1095 838 capitulorum
1126 786 1285 828 indices
1323 786 1460 841 (uelut

134 853 182 894 de
213 850 436 908 commum)
469 854 510 893 et
542 853 646 895 alias
677 855 846 895 notulas
876 868 1033 907 paucas
1064 853 1207 909 (uelut
1235 855 1458 912 hypbaton)

133 921 322 976 margini
348 921 525 963 additas.
578 922 831 977 scripturam
857 924 1104 978 primariam
1131 925 1279 966 eadum
1305 940 1456 968 manus

134 994 370 1033 atramento
386 992 529 1045 paullo
542 992 756 1046 uegetiore
773 993 966 1047 correxit,
981 1007 1087 1047 quae
1101 996 1321 1047 praeterea
1333 996 1458 1037 raris-

134 1060 239 1102 sime
264 1074 413 1102 manus
439 1061 687 1103 recentioris
714 1064 940 1103 occurrunt
959 1062 1288 1117 emendationes,
1314 1063 1458 1106 littera

130 1127 183 1170 P2
209 1130 454 1184 significaui.
491 1130 594 1171 folia
614 1132 712 1172 sunt
731 1132 949 1186 octoginta
968 1123 1167 1186 quattuor
1187 1133 1274 1173 siue
1295 1135 1458 1187 quater-

133 1200 284 1241 niones
321 1202 498 1254 septem,
528 1200 667 1241 ternio
699 1214 825 1253 unus,
856 1201 1000 1254 quinio
1031 1215 1157 1255 unus,
1190 1202 1304 1243 senio
1335 1217 1458 1257 unus,

134 1269 252 1310 cuius
283 1271 425 1311 tamen
456 1283 584 1310 unum
616 1269 765 1310 folium
797 1270 924 1311 deest.
974 1272 1194 1324 praeterea
1223 1273 1323 1324 post
1341 1272 1457 1313 tertii

134 1338 423 1393 quaternionis
449 1339 632 1392 primum
657 1338 806 1380 folium
831 1339 1024 1380 chartula
1054 1339 1258 1381 minutior
1282 1341 1456 1394 ingluti—

132 1410 235 1450 nata
260 1411 326 1449 est
342 1408 531 1462 picturas
552 1407 785 1449 continens,
834 1407 906 1462 qui
930 1407 1052 1449 lanio
1078 1408 1264 1450 codicem
1283 1409 1456 1452 Parisiis

131 1477 314 1519 contulit
343 1491 421 1518 nec
451 1477 619 1530 plenam
651 1476 844 1518 lectionis
875 1477 1127 1518 uarietatem
1163 1479 1384 1533 exscripsit
1413 1481 1457 1520 et

133 1547 367 1588 innumeris
404 1546 509 1588 Iocis
545 1546 671 1600 plane
708 1546 882 1600 falsam3
925 1560 1003 1601 ego
1046 1546 1119 1587 ubi
1163 1547 1286 1588 aliter
1328 1550 1455 1602 atque

132 1615 277 1658 Ianius
317 1616 479 1670 rettuli,
519 1629 585 1656 me
630 1617 672 1655 et
712 1615 851 1657 codice
892 1617 935 1655 et
971 1614 1090 1656 Ianio
1126 1617 1326 1669 inspectis
1367 1618 1455 1660 siue

132 1685 288 1726 referre
321 1685 410 1727 siue
434 1687 573 1726 tacere
599 1684 814 1726 sciendum
840 1686 922 1725 est:
952 1684 1058 1725 nihil
1078 1685 1187 1725 enim
1208 1686 1454 1739 cuiusquam

131 1755 335 1796 interesse
367 1754 532 1808 putaui,
571 1755 619 1795 ut
656 1753 756 1794 data
792 1768 920 1807 opera
955 1756 1021 1795 tot
1056 1754 1160 1795 locis
1193 1754 1304 1808 apud
1333 1755 1454 1796 illum

130 1837 214 1865 non
245 1825 361 1864 recta
385 1823 471 1877 legi
496 1824 687 1864 testarer.
727 1823 876 1864 notaui
902 1822 1044 1864 omnia
1069 1825 1112 1864 et
1131 1837 1181 1864 ex
1200 1821 1392 1865 Parisino
1413 1827 1454 1865 et

133 1905 184 1934 ex
202 1891 591 1946 Bambergensibus
616 1894 784 1946 praeter
801 1892 993 1945 uiryilius
1015 1892 1217 1933 semema
1235 1893 1455 1945 impaciens

130 1963 235 2004 uicio
279 1962 412 2003 rethor
447 1961 645 2003 rethorica
686 1962 833 2003 sillaba
873 1961 1118 2003 simmachus
1153 1961 1365 2004 choruscus
1406 1975 1455 2004 ae

132 2034 176 2072 et
214 2045 235 2073 e
271 2032 478 2073 elementa
517 2033 704 2083 mutata,
744 2031 991 2086 plerumque
1026 2032 1151 2072 omisi
1178 2033 1198 2072 t
1231 2033 1274 2072 et
1308 2045 1330 2072 c
1363 2045 1455 2085 per-

133 2103 298 2143 mutata
329 2103 528 2155 sequente
566 2101 592 2142 i.
663 2101 708 2141 in
746 2095 888 2142 codice
937 2101 1060 2142 modo
1097 2103 1285 2153 quattuor
1327 2100 1452 2142 modo

129 2177 306 2223 quatuor
342 2170 558 2225 scribitur3
595 2170 667 2211 ubi
705 2173 879 2223 quatuor
915 2173 998 2225 est,
1034 2184 1119 2212 non
1156 2169 1311 2211 notaui.
1376 2170 1454 2211 ali-

134 2240 329 2294 quotiens
365 2243 553 2293 sequutus
590 2240 806 2293 scribitur,
843 2253 921 2294 ego
957 2239 1087 2281 tacite
1130 2253 1180 2280 ex
1215 2238 1259 2280 B
1300 2238 1453 2294 scripsi

128 2312 296 2352 secutus.
359 2309 404 2350 in
450 2309 672 2364 particulis
715 2307 887 2351 Graecis
933 2323 1020 2350 non
1066 2308 1213 2350 notaui
1258 2310 1454 2350 accentus
