1526 2444
0 1521 18 1577 ,v

0 1578 25 1730 Γ

0 2325 18 2444 ²

609 49 711 87 XVII
737 55 851 88 6-15
1309 50 1394 92 651

23 173 187 202 ..suam
228 157 539 213 peruolabit.
608 158 758 201 deinde
804 161 926 216 quasi
962 174 1051 202 non
1087 159 1229 201 minus
1268 158 1394 201 docto
1413 164 1464 207 11

15 219 175 272 g}quam
224 216 327 259 forti
375 217 470 258 uiro
519 216 790 273 philosophis
841 221 944 274 apta
991 218 1249 272 subduntur,
1299 232 1396 260 cum

14 272 200 323 &dicitur
231 275 383 330 idque
415 275 556 318 ocius
582 275 761 332 faciet,
794 277 836 319 si
867 278 965 320 iam
991 279 1132 334 tunc,
1162 291 1271 319 cum
1297 277 1396 319 erit

14 332 276 377 ffinclusus
325 334 376 376 in
426 348 656 391 corpore,
712 336 958 379 eminebit
1006 336 1167 391 foras,
1224 338 1272 378 et
1321 349 1394 390 ea,

15 397 170 448 jquae
209 395 354 435 extra
391 396 563 447 erunt,
602 395 958 449 contemplans
998 410 1147 451 quam
1178 394 1394 437 maxime

13 461 25 499 f,
45 466 96 495 se
140 466 166 493 3
209 465 422 507 corpore
467 452 749 496 abstrahet.
817 454 924 496 haec
970 454 1083 496 enim
1127 454 1245 496 illius
1291 455 1465 501 sunt12

15 513 275 566 :praecepta
311 510 549 566 doctrinae,
587 526 695 566 quae
732 512 851 554 illam
889 513 994 555 dicit
1030 516 1215 555 mortem
1254 512 1394 567 philo·

11 573 18 610 T‘
44 569 329 624 sophantibus
362 570 657 626 appetendam,
683 585 735 613 ex
766 586 850 626 qua
882 572 942 627 fit,
974 574 1022 614 ut
1055 571 1192 614 adhuc
1223 572 1268 613 in
1301 586 1392 614 cor-

43 642 146 683 pore
183 629 316 684 positi
356 643 509 684 corpus
541 632 590 671 ut
621 630 805 672 alienam
838 631 1070 686 sarcinam,
1108 630 1152 672 in
1185 633 1394 686 quantum

43 687 210 742 patitur
241 690 412 742 natura,
447 687 695 743 despiciant,
728 692 771 730 et
801 689 930 731 facile
962 703 1076 731 nunc
1109 692 1236 745 atque
1269 704 1393 745 opor-

11 754 14 776 ἕ
42 751 146 788 tune
172 747 353 788 uirtutes
383 746 544 798 suadet,
576 750 807 802 postquam
833 750 995 802 quanta
1021 751 1065 789 et
1091 762 1220 802 quam
1247 748 1394 790 diuina

41 805 234 860 praemia
280 804 511 847 uirtutibus
556 805 792 848 debeantur
829 806 973 848 edixit.
1035 807 1109 848 sed
1148 807 1248 861 quia
1280 807 1393 848 inter
1411 813 1463 854 13

14 903 21 909 ⁷,
41 863 160 919 leges
210 877 379 922 quqque
428 863 504 905 illa
552 863 790 919 inperfecta
835 865 1007 920 dicitur,
1057 865 1102 906 in
1146 879 1230 920 qua
1272 866 1393 908 nulla

14 954 18 958 >
42 922 316 964 deuiantibus
348 936 486 977 poena
513 923 717 978 sancitur,
748 924 842 966 ideo
868 924 913 966 in
938 924 1215 967 conclusione
1248 925 1391 979 operis

25 995 225 1036 ,poenam
258 982 396 1023 sancit
427 985 547 1023 extra
577 982 683 1024 haec
714 986 943 1038 praecepta
975 982 1233 1038 uiuentibus,
1265 997 1392 1038 quem

41 1039 184 1082 locum
216 1039 278 1081 Er
313 1040 386 1082 ille
417 1039 667 1083 Platonicus
700 1042 915 1096 copiosius
948 1044 1150 1084 executus
1183 1045 1266 1096 est,
1304 1057 1394 1085 sae-

42 1099 140 1141 cula
183 1099 354 1140 infinita
399 1099 693 1155 dinumerans,
736 1101 891 1155 quibus
936 1101 1183 1143 nocentium
1223 1102 1392 1143 animae

41 1158 87 1199 in
130 1158 300 1200 easdem
344 1172 504 1212 poenas
549 1173 675 1213 saepe
718 1159 940 1202 reuolutae
985 1174 1078 1202 sero
1125 1160 1176 1201 de
1213 1160 1393 1202 tartaris

41 1216 351 1272 permittuntur
385 1231 620 1272 emergere,
661 1220 704 1259 et
736 1219 788 1260 ad
820 1221 1002 1260 naturae
1035 1233 1138 1260 suae
1169 1219 1393 1274 principia,

44 1275 157 1330 quod
202 1278 269 1318 est
311 1275 496 1330 caelum,
539 1276 715 1319 tandem
757 1278 988 1331 impetrata
1030 1278 1291 1333 purgatione
1328 1292 1393 1319 re-

42 1348 196 1376 meare.
257 1349 430 1376 necesse
464 1337 530 1376 est
561 1336 687 1390 enim,
720 1350 888 1378 omnem
917 1337 1104 1378 animam
1132 1336 1186 1378 ad
1213 1336 1391 1392 originis
1411 1344 1465 1386 14

42 1407 145 1435 suae
183 1393 326 1435 sedem
364 1394 543 1447 reuerti,
581 1394 655 1436 sed
691 1409 800 1450 quae
832 1409 987 1450 corpus
1018 1397 1242 1450 tamquam
1273 1410 1392 1450 pere-

43 1452 193 1507 grinae
236 1452 448 1507 incolunt,
491 1452 576 1495 cito
619 1457 720 1508 post
763 1468 917 1508 corpus
955 1454 1077 1496 uelut
1115 1454 1167 1496 ad
1204 1455 1392 1509 patriam

41 1513 335 1564 reuertuntur,
380 1526 492 1566 quae
536 1527 638 1554 uero
683 1526 912 1567 corporum
954 1513 1166 1555 illecebris
1209 1516 1259 1555 ut
1303 1514 1393 1556 suis

45 1569 216 1612 sedibus
254 1570 497 1626 inhaerent,
529 1574 691 1626 quanto
732 1572 785 1613 ab
811 1571 897 1613 illis
933 1571 1164 1614 uiolentius
1191 1586 1394 1627 separan-

42 1630 124 1684 tur,
153 1631 277 1670 tanto
310 1629 362 1671 ad
394 1644 549 1684 supera
582 1630 718 1672 serius
748 1633 1036 1672 reuertuntur.

162 1686 245 1729 Sed
269 1687 357 1729 iam
382 1688 511 1730 finem
538 1689 706 1731 somnio
732 1689 924 1732 cohibita.
947 1689 1240 1744 disputatione
1261 1690 1389 1733 facia·
1409 1696 1464 1739 15

42 1759 138 1787 mus
164 1745 246 1788 hoc
273 1746 453 1803 adiecto,
479 1748 593 1802 quod
619 1748 938 1790 conclusionem
964 1748 1143 1802 decebit,
1169 1749 1269 1803 quia
1295 1763 1393 1792 cum

44 1804 131 1846 sint
161 1805 298 1847 totius
331 1806 634 1862 philosophiae
665 1809 753 1849 tres
786 1810 949 1862 parteS,
987 1807 1164 1850 moralis
1196 1811 1239 1850 et
1270 1811 1392 1850 natu-

140 1961 157 1991 1
185 1967 260 1991 non
286 1956 389 2001 quafi
413 1967 488 1991 non
513 1957 550 1992 Β
623 1961 643 1992 2
669 1922 819 1993 ,ἕῡὲιιῑιΐ
840 1959 878 1993 P
946 1962 967 1993 3
987 1959 1088 1994 otius
1101 1959 1138 1993 B
1210 1962 1232 1993 4
1252 1958 1399 1995 clausus

44 2003 81 2039 B
178 2007 199 2038 6
225 2003 308 2039 sunt
332 2003 436 2038 1ll1us
455 2004 492 2039 B
590 2007 635 2039 10
659 2017 757 2040 nnnc
782 2016 848 2041 om.
874 2003 937 2050 P',
961 2007 1090 2042 deinde
1116 2008 1334 2052 oportuneq.
1361 2007 1399 2042 P

46 2054 90 2085 13
115 2051 338 2095 imperfecta.
363 2051 437 2086 BP
536 2055 580 2086 14
603 2063 703 2099 pena
727 2052 811 2096 PB,
835 2053 964 2089 deinde
987 2053 1171 2089 sancmtur
1196 2054 1394 2100 (posterior

44 2108 65 2132 0
89 2107 180 2133 corr.
207 2108 251 2133 ex
276 2099 307 2143 t)
333 2098 370 2133 B
453 2101 496 2133 15
521 2102 619 2146 pena
643 2099 680 2134 P
753 2099 893 2136 sancc1t
910 2101 979 2146 ΡΒ
1060 2105 1103 2136 16
1130 2101 1337 2146 exequutus
1359 2102 1396 2136 P

46 2147 88 2179 17
114 2146 316 2181 nocentum
341 2146 378 2180 P
478 2148 521 2180 18
546 2146 664 2228 Ρῗιαΐ
683 2146 721 2182 P
824 2150 867 2182 19
893 2158 1082 2193 emergere
1107 2149 1336 2195 pmittuntur
1359 2149 1396 2184 P

44 2194 90 2226 20
120 2202 286 2228 remeare
318 2194 542 2238 purgatlone
610 2192 618 2203 '
740 2205 899 2230 remeari
929 2195 966 2230 P
1083 2199 1127 2230 22
1154 2196 1336 2241 tanquam
1361 2196 1399 2231 P

43 2238 251 2331 ρι’ςωὶὲ)Β
341 2244 386 2275 25
411 2239 545 2287 sepau&
573 2241 610 2276 Β
700 2244 745 2278 27
773 2240 826 2278 set
849 2242 886 2277 B
971 2245 1015 2278 29
1043 2243 1080 2278 et
1105 2246 1190 2279 ante
1214 2243 1398 2279 naturahs

44 2296 111 2322 om.
136 2292 147 2326 (
