1526 2444
459 91 527 129 XV
554 95 693 128 19—24
728 91 815 128 XVI
843 95 932 127 1—4
1283 91 1369 134 469

23 201 60 245 Ε
71 218 96 244 11
104 202 181 257 rip
189 202 204 244 i
212 201 238 244 d
246 215 268 244 e
277 216 296 244 8
340 215 444 245 11010
485 200 612 244 11111118
656 202 718 244 rei
763 201 1139 244 manifestissimus
1178 200 1368 256 adstipu-

23 261 139 303 lator
170 263 237 303 est

143 339 264 392 οἶνος
294 343 486 399 περάσας
516 344 779 398 πλευμόνων
811 343 1030 398 διαρροάς.

2 435 119 468 'cum
162 424 295 482 igitur
343 427 387 467 et
428 426 539 468 ratio
592 439 819 481 corporeae
866 425 1056 468 fabricae
1101 427 1143 468 et
1191 426 1370 468 testium
1384 426 1442 468 24

0 484 182 527 inobilis
208 484 440 527 auctoritas
473 484 760 540 adstipuletur
784 484 969 540 Platoni,
994 498 1147 540 nonne,
1174 484 1368 540 quisquis

25 545 178 586 contra
210 543 353 598 sentit,
384 543 598 586 insanitP'

140 624 259 668 Inter
276 626 382 668 haec
400 626 648 682 Euangelus
668 626 830 682 gloriae
851 624 1113 669 Graecorum
1131 625 1328 668 inuideas
1336 625 1442 670 XVI

23 686 67 726 et
102 683 300 727 inludens
338 684 598 727 ‘facessant'
637 685 698 727 ait
730 684 874 739 ‘haec,
913 699 1021 739 quae
1057 685 1170 726 inter
1207 699 1284 727 uos
1323 685 1370 727 in

23 744 360 786 ostentationem
410 744 684 798 loquacitatis
747 744 988 799 agitantur,
1051 743 1154 798 quin
1209 744 1369 798 potius,

0 802 166 857 »siquid
210 803 339 845 callet
380 805 527 845 uestra
570 802 798 857 sapientia,
843 802 951 844 scire
995 816 1045 844 ex
1088 801 1213 844 uobis
1256 803 1368 857 uolo,

23 875 206 903 ouumne
237 862 356 916 prius
388 860 578 903 extiterit
609 875 665 903 an
697 860 916 917 gallinaP'

141 918 350 962 ‘Inridere
374 923 418 962 te
437 919 581 975 putas'
602 920 799 962 Disarius
826 920 888 962 ait
907 919 968 962 ‘et
991 922 1137 962 tamen
1158 920 1367 976 quaestio,
1381 923 1408 964 2

23 993 151 1034 quam
182 978 359 1021 mouisti
390 981 434 1021 et
463 979 671 1034 inquisitu
702 981 746 1021 et
776 979 887 1021 scitu
919 979 1051 1034 digna
1088 981 1166 1021 est.
1226 979 1368 1022 iocum

24 1038 139 1079 enim
170 1037 250 1080 tibi
276 1037 327 1079 de
353 1038 415 1080 rei
439 1038 609 1080 uilitate
636 1052 891 1093 comparans
924 1038 1193 1094 consuluisti,
1223 1041 1368 1080 utrum

0 1096 143 1151 sprius
185 1096 349 1152 gallina
390 1111 441 1139 ex
484 1111 566 1140 ouo
608 1111 662 1139 an
707 1111 838 1140 ouum
876 1112 928 1139 ex
965 1096 1129 1153 gallina
1166 1097 1368 1152 coeperit,

0 1155 100 1197 »sed
131 1154 213 1198 hoc
237 1155 301 1197 ita
326 1156 447 1198 seriis
479 1156 750 1198 inserendum
778 1158 855 1212 est,
881 1158 930 1198 ut
961 1156 1011 1198 (10
1039 1170 1088 1198 eo
1116 1156 1270 1198 debeat
1295 1157 1366 1198 1101

0 1225 3 1264 1
23 1213 147 1257 anxie
173 1213 393 1269 disputari.
444 1218 487 1257 et
505 1214 733 1270 proferam,
759 1229 867 1270 quae
887 1215 933 1257 in
952 1218 1179 1271 utramque
1198 1218 1366 1270 partem

0 1266 130 1326 [mihi
162 1272 340 1315 dicenda
372 1273 638 1329 subuenient,
669 1274 895 1316 relicturus
926 1274 1009 1316 tibi
1039 1277 1184 1316 utrum
1217 1289 1365 1317 eorum

0 1332 164 1374 {uerius
189 1332 316 1374 malis
348 1332 497 1374 uideri.
546 1332 583 1374 si
609 1332 892 1388 concedimus,
924 1333 1080 1388 omnia,
1112 1347 1219 1387 quae
1252 1334 1406 1388 sunt‚3

0 1386 250 1446 {aliquando
283 1391 494 1446 coepisse,
525 1406 654 1434 ouum
685 1392 805 1447 prius
838 1407 863 1434 a
893 1395 1048 1434 natura
1079 1391 1242 1434 factum
1274 1392 1365 1434 iure

3 1449 329 1492 ‘aestimabitun
391 1464 559 1506 semper
583 1451 709 1504 enim,
741 1451 854 1506 quod
885 1450 1049 1506 incipit,
1081 1450 1367 1505 inperfectum

22 1507 159 1550 adhuc
190 1511 233 1550 et
257 1509 438 1551 informe
471 1513 548 1564 est,
580 1513 623 1551 et
654 1510 708 1552 ad
733 1509 1038 1564 perfectionem
1071 1510 1135 1551 sui
1162 1524 1238 1564 per
1269 1524 1365 1564 pro-

22 1566 212 1609 cedentis
238 1568 344 1610 artis
370 1571 413 1610 et
436 1569 641 1623 temporis
667 1569 962 1611 additamenta
986 1568 1209 1611 formatur.
1262 1582 1365 1623 ergo

8 1628 177 1668 *natura
207 1626 424 1669 fabricans
462 1642 586 1670 auem
624 1628 677 1670 ab
716 1627 892 1670 informi
928 1627 1173 1670 rudimento
1212 1628 1365 1682 coepit,

8 1686 66 1743 jot
95 1699 238 1739 ouum,
267 1685 314 1727 in
346 1701 429 1742 quo
461 1686 641 1729 necdum
668 1689 733 1729 est
764 1687 925 1742 species
959 1686 1177 1741 animalis,
1211 1685 1365 1728 effecit.

10 1754 74 1785 *cx
102 1744 186 1787 hoc
214 1744 428 1799 perfectae
466 1746 559 1787 auis
592 1746 755 1801 species
788 1746 932 1788 extitit
968 1745 1223 1800 procedente
1260 1760 1365 1800 pau-

11 1801 144 1859 ,latim
181 1804 442 1846 maturitatis
481 1804 644 1847 effectu.
718 1804 869 1846 deinde
908 1804 1110 1860 quicquid
1147 1819 1173 1846 a
1209 1807 1408 1850 natura4

23 1860 153 1904 uariis
198 1863 419 1905 ornatibus
469 1866 688 1918 comptum
733 1866 799 1905 est
844 1863 935 1905 sine
979 1863 1109 1906 dubio
1154 1862 1294 1918 coepit
1338 1878 1364 1905 a

13 1918 228 1976 simplici,
262 1923 304 1963 et
334 1922 397 1963 ita
435 1922 721 1965 contextionis
762 1923 1003 1964 accessione
1040 1922 1256 1964 uariatum
1288 1925 1366 1964 est.

14 1991 128 2034 ¹ergo
148 1994 277 2022 ouum
303 1980 400 2022 uisu
421 1979 604 2036 simplex
630 1983 672 2023 et
692 1981 878 2037 undique
910 1995 1084 2024 uersum
1109 1981 1203 2036 pari
1223 1981 1365 2036 specie

116 2117 137 2148 3
162 2113 205 2151 fr.
232 2118 300 2149 973
324 2113 468 2150 Nauck.

19 2274 21 2279 f
118 2241 139 2273 3
162 2239 390 2274 ΠΛΕΥΜΟΝ
418 2238 456 2273 Ρ
526 2242 547 2274 6
572 2238 701 2274 sentnt
724 2239 762 2274 P
832 2242 875 2274 13
902 2250 1015 2284 quam
1041 2259 1084 2265 —
1112 2239 1224 2284 digna
1246 2249 1313 2274 om.
1334 2240 1371 2274 P

26 2281 35 2330 1
54 2282 108 2319 Οὔ,
131 2285 168 2320 Ρ
226 2288 270 2322 14
293 2287 454 2321 ueritate
476 2283 526 2320 P‘
590 2288 633 2321 15
660 2287 802 2334 ceperit
820 2286 857 2322 P
914 2290 960 2321 20
981 2285 1116 2334 cepisse
1139 2287 1175 2322 P
1235 2290 1278 2321 21
1299 2298 1366 2321 1m-

20 2327 150 2387 'photi-1
174 2332 212 2368 P
278 2335 324 2368 24
348 2335 381 2369 et
405 2335 450 2368 28
477 2332 578 2380 cepit
604 2333 641 2368 P
710 2337 756 2369 25
782 2344 855 2378 quo
876 2344 918 2379 p,
944 2344 992 2377 qu
1019 2333 1056 2368 P
