1526 2444
132 72 219 116 200
640 75 736 112 SAT.
755 76 884 113 LIBRI
908 78 959 112 111

56 224 59 226 ,
133 180 394 222 meministi?
468 182 513 222 at
555 182 665 224 inter
706 183 803 225 illos
847 183 1020 225 saltatio
1061 185 1254 227 certatim
1293 186 1361 228 uel
1400 187 1452 228 ab

132 238 325 280 honestis
369 238 656 292 adpetebatur.
728 255 821 283 ecce
865 242 976 283 enim
1019 245 1067 284 ut
1109 243 1162 284 ab
1201 244 1273 285 illo
1314 244 1454 286 ordiar

131 298 341 350 tempore,
378 297 488 351 quod
523 297 607 339 fuit
646 299 816 353 optimis
848 299 1053 354 moribus,
1090 301 1200 342 inter
1231 302 1312 343 duo
1343 303 1453 344 bella

132 353 292 395 Punica
327 354 518 409 ingenui,
555 355 654 410 quid
690 356 829 398 dicam
863 357 1053 413 ingenui,
1097 359 1174 400 filii
1213 362 1452 401 senatorum

135 411 180 452 in
221 411 367 453 ludum
411 413 677 455 saltatorium
719 415 1030 469 commeabant,
1079 419 1122 458 et
1163 417 1250 458 illic
1292 418 1454 459 crotala
1490 433 1506 458 5

95 468 353 524 5gestantes
402 471 557 512 saltare
606 472 835 514 discebant.
911 475 1030 514 taceo
1079 475 1189 528 quod
1238 477 1454 517 matronae

132 528 261 568 etiam
287 528 559 570 saltationem
583 543 669 571 non
694 530 962 572 inhonestam
992 532 1211 585 putabant,
1243 532 1316 573 sed
1345 533 1456 574 inter

131 585 286 639 probas
324 600 490 641 quoque
527 601 671 629 earum
711 590 803 630 erat
833 587 1014 630 saltandi
1046 603 1162 643 cura,
1200 589 1299 631 dum
1330 591 1454 632 modo

131 657 217 685 non
254 645 420 685 curiosa
455 659 587 699 usque
619 645 672 686 ad
703 647 807 687 artis
837 647 1150 700 perfectionem.
1213 648 1312 702 quid
1344 649 1455 689 enim

131 702 192 742 iat
217 699 497 744 SALLVSTIVS
529 704 751 756 psallere
777 705 970 745 saltare
996 705 1284 759 elegantius
1311 720 1454 760 quam
1475 721 1508 746 10

130 773 336 800 necesse
373 763 448 801 est
483 761 703 814 probae?
772 761 875 803 adeo
917 765 959 803 et
989 763 1080 816 ipse
1113 761 1454 817 Semproniam

134 817 406 870 reprehendit
453 832 539 860 non
588 819 700 873 quod
750 820 938 861 saltare
987 820 1060 861 sed
1109 821 1219 874 quod
1268 821 1455 874 optime

93 873 286 917 ssscierit.
347 875 554 917 nobilium
585 890 686 919 uero
718 877 827 919 filios
859 880 913 930 et,
945 878 1055 931 quod
1088 877 1200 919 dictu
1229 879 1349 920 nefas
1380 882 1456 933 est,

131 932 241 974 filias
282 946 448 988 quoque
489 934 678 988 uirgines
715 935 826 977 inter
865 935 1056 977 studiosa
1094 949 1337 978 numerasse
1375 938 1455 978 sal-

131 990 249 1031 tandi
275 991 593 1033 meditationem
618 993 739 1034 testis
766 995 831 1034 est
849 991 1001 1035 SCIPIO
1028 993 1292 1036 AFRICANVS
1318 995 1454 1036 Amm-
1475 1010 1508 1036 15

131 1059 310 1102 LIANVS,
341 1049 414 1102 qui
444 1050 487 1091 in
514 1061 746 1093 ORATIONE
771 1061 955 1093 CONTRA
980 1062 1138 1093 LEGEM
1163 1063 1455 1094 IVDIOIARIAM

94 1105 224 1147 7T113.
256 1105 462 1149 GRACCHI
499 1108 559 1149 sic
596 1108 656 1149 ait
695 1109 938 1151 docentur
968 1110 1279 1164 praestigias
1311 1110 1455 1152 inho-

131 1167 321 1218 nestas,
377 1179 481 1206 cum
537 1165 816 1208 cinaedulis
873 1170 921 1208 et
975 1167 1210 1208 sambuca
1263 1168 1457 1222 psalte-

131 1222 307 1276 rioque
334 1226 452 1264 eunt
475 1223 525 1264 in
555 1223 722 1265 ludum
753 1224 1078 1279 histrionum,
1109 1224 1312 1267 discunt
1341 1239 1456 1267 can—

130 1281 258 1333 tare,
316 1295 438 1334 quae
495 1281 710 1323 maiores
768 1283 932 1323 nostri
987 1283 1221 1337 ingenuis
1271 1283 1454 1337 probro
1473 1299 1508 1324 20

132 1337 303 1379 ducier
321 1339 610 1380 uoluerunt:
637 1342 772 1394 eunt,
796 1340 1016 1394 inquam,
1040 1340 1091 1381 in
1109 1340 1275 1381 ludum
1302 1342 1454 1383 salta-

131 1395 319 1436 torium
366 1396 500 1438 inter
548 1397 784 1439 cinaedos
833 1398 1060 1452 uirgines
1103 1399 1341 1452 puerique
1383 1399 1455 1440 in-

132 1453 293 1507 genui.
347 1453 469 1495 haec
495 1469 600 1496 cum
625 1455 751 1496 mihi
777 1456 1039 1510 quisquam
1064 1457 1322 1509 narrabat,
1355 1471 1454 1498 non

131 1514 359 1565 poteram
385 1513 600 1554 animum
632 1513 882 1565 inducere,
914 1527 969 1555 ea
999 1514 1189 1555 liberos
1222 1529 1337 1556 suos
1370 1514 1452 1556 ho-

131 1569 288 1610 mines
327 1570 526 1612 nobiles
568 1571 762 1625 docere,
803 1571 886 1612 sed
917 1585 1024 1612 cum
1054 1571 1233 1613 ductus
1266 1586 1370 1613 sum
1402 1573 1450 1613 in
1472 1586 1506 1613 25

130 1627 298 1668 ludum
343 1628 687 1683 saltatorium,
729 1629 841 1683 plus
881 1629 1071 1670 medius
1111 1629 1266 1670 fidius
1306 1631 1357 1670 in
1396 1643 1450 1672 eo

130 1684 247 1726 ludo
284 1685 389 1726 uidi
425 1687 595 1740 pueris
632 1686 1020 1741 uirginibusque
1060 1687 1451 1743 quinquaginta,

130 1742 181 1783 in
216 1742 293 1783 his
330 1757 479 1785 unum
513 1749 562 1774 '—
597 1744 725 1799 quod
762 1758 834 1785 me
870 1745 942 1785 rei
978 1744 1212 1798 publicae
1243 1745 1451 1787 maxime

192 1875 268 1953 10140
294 1874 441 1910 Catilin.
462 1878 517 1919 25,
544 1879 564 1909 2
628 1879 668 1910 17
689 1876 818 1920 fragm.
840 1885 891 1911 or.
911 1875 1014 1911 Rom.
1035 1875 1090 1910 ed.
1110 1875 1236 1919 Meyer
1255 1875 1452 1919 (Duebner)
1522 1913 1526 1916 ,

128 1930 163 1963 p.

224 2044 243 2075 2
270 2041 506 2086 app&ebatur
530 2042 565 2076 B
643 2046 664 2078 5
689 2042 875 2077 sanonum
901 2039 945 2077 B'
1026 2042 1178 2078 crotaha
1203 2042 1238 2076 Β
1315 2047 1334 2078 7
1358 2042 1451 2077 salu·
1519 2045 1526 2085 ζ

130 2087 309 2122 tationem
333 2085 380 2122 B'
443 2091 486 2123 10
511 2088 680 2123 salustlus
698 2089 735 2123 P
796 2088 956 2133 pfaltare
975 2088 1012 2123 Β
1079 2091 1119 2122 11
1146 2097 1192 2127 —2-
1214 2088 1332 2136 ⁴phere
1358 2088 1450 2123 adeo
1519 2088 1526 2114 ’-

129 2133 166 2168 Ρ
280 2133 334 2169 est
362 2135 478 2178 proba
509 2134 563 2169 est
591 2134 627 2168 B
747 2137 789 2168 15
820 2134 1016 2169 em1hanus
1041 2134 1077 2169 P
1192 2138 1234 2169 17
1266 2134 1390 2169 tibern
1418 2136 1454 2169 P
1507 2155 1526 2182 „2

131 2182 174 2214 18
200 2180 379 2215 cmeduhs
399 2181 435 2216 Β
504 2180 673 2216 fabuca*
699 2180 704 2226 1
730 2180 767 2214 Ρ
835 2184 879 2215 20
897 2181 1012 2225 probo
1032 2181 1068 2215 B
1139 2183 1181 2215 21
1208 2179 1393 2215 salt-onum
1414 2181 1451 2215 Β

129 2228 173 2261 22
201 2226 350 2262 cmedol'
369 2228 407 2262 Β
477 2230 521 2262 25
547 2226 679 2262 doctus
697 2225 743 2261 B'
815 2230 860 2262 26
884 2226 983 2262 fidus
1002 2225 1048 2261 B'
1120 2230 1164 2262 27
1186 2227 1451 2272 quinquaginta
1510 2239 1526 2274 *g

132 2271 343 2309 Gudianus:
369 2273 581 2318 quingentis
596 2274 641 2318 P,
667 2275 867 2318 quingenta
892 2273 928 2307 B
1508 2275 1526 2324 J·
