1526 2444
128 36 183 78 82
641 38 738 75 SAT.
763 39 891 75 LIBRI
914 40 931 75 I

59 144 116 186 20
131 142 344 184 sciendum
394 146 458 184 est
504 145 649 186 tamen
697 145 880 200 eligendi
928 146 980 188 ad
1022 147 1296 202 pugnandum
1338 146 1445 191 diem
1494 154 1498 183 ἰ

127 200 332 242 Romanis
357 203 459 243 tunc
483 201 611 244 fuisse
636 202 864 258 licentiam,
889 204 926 245 si
950 205 1034 258 ipsi
1053 205 1258 246 inferrent
1275 205 1447 247 bellum.

128 260 173 299 at
203 273 296 300 cum
329 258 582 313 exciperent,
613 260 777 302 nullum
806 261 1022 303 obstitisse
1047 262 1170 316 diem,
1201 276 1284 317 quo
1308 262 1447 304 minus

126 316 196 358 uel
218 316 399 358 salutem
426 330 545 358 suam
569 317 639 359 uel
663 318 879 372 publicam
898 318 1168 361 defenderent
1187 319 1447 374 dignitatem.

129 373 222 428 quis
259 373 370 414 enim
408 374 696 417 obseruationi
733 376 870 430 locus,
912 391 1007 419 cum
1045 377 1226 432 eligendi
1267 377 1446 420 facultas

60 433 215 474 21n0n
253 431 464 485 supersit?
523 432 612 474 dies
650 435 791 475 autem
830 434 1191 488 postriduanos
1223 435 1275 476 ad
1307 435 1449 478 omnia
1496 443 1499 462 ³

130 489 314 531 maiores
348 489 484 530 nostri
514 490 725 532 cauendos
756 494 977 546 putarunt,
1014 507 1119 547 quos
1151 492 1279 534 etiam
1310 495 1448 535 atros

129 547 247 588 uelut
276 546 465 589 infausta
490 548 774 602 appellatione
801 549 1063 591 damnarunt.
1113 550 1279 592 eosdem
1304 553 1449 592 tamen

129 619 216 646 non
243 605 350 646 nulli
381 619 662 647 communes
688 607 806 648 uelut
830 607 882 648 ad
908 608 1242 650 emendationem
1266 609 1448 651 nominis
1503 648 1505 650 ,

128 663 433 705 uocitauerunt.
476 663 625 705 horum
653 678 824 706 causam
844 664 1044 708 GELLIVS
1065 665 1314 708 ANNALIVM
1340 666 1448 709 libro
1498 679 1504 712 ζ

132 720 280 775 quinto
312 721 473 762 decimo
502 724 545 763 et
570 720 758 764 OAssws
784 722 972 764 HEMINA
997 723 1316 766 HISTORIARVM
1340 724 1449 767 libro
1500 740 1502 748 1

60 780 117 821 22
133 778 313 820 secundo
344 778 543 820 referunt.
604 794 732 822 anno
771 781 829 822 ab
866 782 986 822 urbe
1027 781 1231 823 condita
1261 784 1452 823 trecen·
1492 828 1494 830 v

130 836 308 878 tesimo
352 837 666 891 sexagesimo
712 838 868 880 tertio
911 854 935 880 a
976 839 1198 881 tribunis
1235 839 1450 881 militum

130 893 367 949 Verginio
404 894 611 949 Manlio,
653 895 871 938 Aemilio
913 896 1172 939 Postumio
1215 897 1451 951 collegis-

132 966 224 1007 que
267 966 435 994 eorum
476 952 527 993 in
571 955 751 995 senatu
794 955 1091 1009 tractatum,
1142 954 1256 1009 quid
1300 957 1450 1010 esset,
1504 1008 1506 1013 Α

130 1011 340 1064 propter
370 1010 497 1065 quod
527 1011 719 1052 totiens
750 1011 886 1053 intra
915 1027 1101 1067 paucos
1134 1027 1291 1054 annos
1323 1013 1451 1055 male
1499 1015 1503 1017 ’

132 1070 266 1110 esset
319 1067 522 1110 afflicta
575 1083 653 1110 res
701 1069 925 1123 publica,
979 1072 1028 1112 et
1076 1085 1133 1112 ex
1180 1073 1450 1126 praecepto

131 1128 330 1180 patrum
365 1125 410 1167 L.
446 1125 719 1180 Aquinium
762 1127 1097 1183 haruspicem,
1138 1128 1188 1170 in
1226 1131 1452 1170 senatum

131 1183 305 1225 uenire
335 1183 529 1225 iussum
559 1184 867 1239 religionum
898 1186 1313 1240 requirendarum
1338 1199 1452 1240 gra·
1502 1210 1504 1215 ,

62 1242 222 1296 23tia,
271 1241 463 1283 dixisse
511 1240 557 1289 Q.
602 1241 881 1296 Sulpicium
929 1243 1188 1285 tribunum
1232 1243 1450 1286 militum

132 1299 190 1340 ad
232 1298 423 1340 Alliam
466 1299 709 1341 aduersus
752 1299 941 1351 Grallos⁴
969 1303 1308 1356 pugnaturum
1349 1316 1451 1343 rem
1503 1345 1506 1350 ,

132 1357 356 1398 diuinam
382 1357 653 1399 dimicandi
679 1359 845 1411 gratia
866 1358 1051 1401 fecisse
1068 1359 1315 1413 postridie
1334 1359 1451 1401 Idus
1504 1407 1505 1410 Ἴ

133 1413 407 1468 Quintiles,
434 1415 555 1456 item
580 1415 708 1469 apud
731 1414 1011 1458 Cremeram
1035 1417 1307 1472 multisque
1333 1417 1451 1459 aliis

131 1471 445 1527 temporibus
465 1474 514 1514 et
531 1473 658 1514 locis
678 1476 794 1527 post
813 1474 1127 1516 sacrificium
1148 1475 1226 1516 die
1245 1477 1450 1529 postero

63 1530 443 1572 24celebratum
497 1531 627 1572 male
681 1532 896 1573 cessisse
950 1533 1257 1575 conflictum.
1335 1535 1484 1576 tunes

131 1591 305 1642 patres
348 1588 584 1642 iussisse,
635 1591 686 1630 ut
728 1589 787 1630 ad
829 1589 1099 1644 collegium
1142 1590 1449 1644 pontificum
1499 1624 1501 1626 .

133 1646 189 1687 de
230 1646 309 1687 his
353 1645 693 1700 religionibus
731 1646 1027 1702 referretur,
1070 1647 1451 1703 pontificesque

134 1704 398 1757 statuisse,
451 1703 703 1758 postridie
753 1718 924 1746 omnes
972 1705 1227 1748 Kalendas
1275 1705 1449 1748 Nonas

132 1761 247 1803 Idus
291 1762 429 1802 atros
478 1761 582 1802 dies
625 1761 899 1817 habendos,
952 1765 1006 1804 ut
1047 1763 1099 1805 hi
1142 1763 1248 1805 dies
1290 1777 1450 1818 neque

132 1818 417 1872 proeliares
447 1833 604 1874 neque
634 1820 747 1872 puri
771 1834 928 1874 neque
957 1821 1242 1863 comitiales
1269 1823 1448 1863 essent.

62 1877 119 1919 25
134 1876 206 1918 sed
255 1879 298 1918 et
345 1875 510 1918 FABIVS
553 1875 767 1919 MAXIMUS
810 1877 1115 1921 SERVILIANVS
1162 1879 1357 1933 pontifex
1406 1879 1450 1920 in

133 1934 244 1976 libro
277 1934 522 1976 duodecimo
557 1937 711 1989 negat
748 1938 982 1988 oportere
1020 1939 1129 1979 atro
1167 1936 1243 1978 die
1273 1950 1450 1990 paren-

229 2052 247 2082 1
273 2047 442 2093 elegendl
465 2045 511 2082 B'
584 2051 604 2083 5
630 2048 799 2093 elegend1
818 2046 864 2084 B'
937 2054 958 2085 6
981 2050 1226 2094 postndlanul'
1238 2050 1274 2085 P
1336 2054 1357 2085 8
1382 2062 1446 2095 ap-

133 2094 320 2139 pellatone
346 2093 394 2128 P‘
473 2093 592 2129 eiusde
617 2094 654 2129 P
734 2098 776 2130 10
802 2097 1034 2132 uocltauerut
1059 2095 1110 2131 P'
1193 2100 1234 2131 11
1260 2096 1377 2132 casius
1396 2095 1443 2132 B'
1491 2122 1496 2144 ¹-

137 2143 179 2175 14
204 2139 372 2186 Virginio
398 2140 535 2175 Manlio
559 2141 735 2176 Zeunius:
761 2141 909 2186 uix-gilio
930 2142 1057 2178 mallio
1076 2143 1149 2178 BP
1218 2147 1260 2178 16
1284 2143 1396 2178 toties
1408 2143 1445 2178 B
1495 2151 1496 2154 ’

75 2230 79 2232 ‚
138 2191 179 2223 18
202 2187 341 2222 lucium
366 2186 443 2222 BP
504 2186 705 2232 aruspicem
729 2188 765 2222 P
822 2192 867 2223 20
891 2191 1059 2233 quintum
1083 2190 1165 2224 BP
1221 2192 1264 2224 21
1291 2189 1445 2225 aduersu
1491 2192 1493 2196 “

136 2234 173 2268 P
243 2236 286 2268 30
311 2232 444 2280 phales
465 2233 501 2268 Ρ
541 2244 678 2277 rneque
697 2237 782 2279 post
805 2245 888 2279 pun
912 2246 979 2272 om.
1002 2232 1048 2271 B'
