1526 2444
147 66 200 107 18
652 67 753 104 SAT.
777 68 905 104 LIBRI
928 69 946 103 I

148 187 223 227 pro
262 187 310 215 eo
349 173 452 215 dicit
483 173 595 227 quod
625 174 807 216 nudius
845 177 1054 230 quartus
1090 189 1178 218 nos
1211 175 1386 219 dicimus
1422 179 1466 220 in

143 231 211 272 his
242 231 434 273 uersibus

258 325 391 365 nuper
421 311 487 352 die
520 314 684 367 quarto,
714 315 761 354 ut
789 313 998 369 recordor,
1029 316 1071 355 et
1101 317 1213 356 certe

259 369 478 423 aquarium
509 383 680 412 urceum
710 370 881 412 unicum
912 371 1026 413 domi
1056 371 1196 427 fregit.

141 450 223 492 hoc
248 450 379 504 igitur
398 450 591 491 intererit
620 452 669 491 ut
693 450 771 492 dic
798 453 977 505 quarto
1009 453 1177 506 quidem
1202 453 1251 494 de
1277 455 1460 507 praetcr—
1499 462 1516 489 ⁵

72 504 128 546 25
142 507 202 549 ito
235 507 436 561 dicamus,
467 507 731 562 diequarte
763 511 904 550 autem
934 509 985 550 de
1014 510 1171 552 futuro.
1232 525 1380 552 uerum
1410 525 1463 552 ne

143 565 192 606 de
237 565 532 606 diecrastini
574 565 684 607 nihil
733 566 951 607 rettulisse
994 568 1229 622 uideamur,
1275 569 1463 623 suppetit

142 621 415 664 CAELIANVM
444 622 551 664 illud
582 637 633 664 ex
663 623 772 665 libro
797 623 1118 666 HISTORIARVM
1144 625 1360 668 Sncvnno
1393 627 1461 668 si-

142 681 252 734 quis
290 680 412 721 mihi
450 681 732 735 equitatum
770 682 912 722 daret
943 684 991 723 et
1021 683 1129 736 ipse
1161 697 1266 724 cum
1297 687 1462 726 cetero

142 738 367 779 exercitu
406 752 479 779 me
523 739 663 793 sequi
699 739 859 793 uoles,
897 739 1148 794 diequinti
1183 741 1368 783 Romae
1411 743 1462 783 in
1482 750 1516 776 10

71 793 127 835 26
143 795 399 851 Capitolio
431 797 619 838 curabo
650 797 749 838 tibi
780 811 949 838 cenam
980 797 1200 840 coctam?
1247 799 1318 841 hic
1344 797 1465 854 Sym-

142 854 318 895 machus
350 852 533 895 ‘Caelius
564 854 678 895 tuus'
708 854 846 908 inquit
877 853 934 896 ‘et
964 855 1187 897 historiam
1219 859 1262 898 et
1286 857 1463 899 uerbum

143 925 194 952 ex
234 910 506 953 Omemmvs
543 911 598 953 M.
639 911 838 954 CAToms
877 914 1054 967 accepit,
1095 914 1205 967 apud
1242 929 1366 969 quem
1402 915 1464 956 ita

143 969 350 1023 scriptum
370 971 434 1010 est
452 968 612 1023 igitur
633 970 938 1011 dictatorem
958 970 1461 1026 Carthaginiensium

142 1026 386 1082 magister
411 1027 632 1080 equitum
654 1029 866 1069 monuit:
885 1028 1028 1070 mitte
1050 1043 1238 1070 mecum
1257 1029 1461 1072 Romam
1481 1037 1516 1063 15

145 1085 399 1138 equitatum:
426 1084 674 1138 diequinti
698 1085 747 1126 in
773 1084 1031 1140 Capitolio
1055 1087 1150 1128 tibi
1175 1101 1296 1128 cena
1322 1090 1464 1130 cocta

65 1139 124 1181 27
141 1140 250 1183 erit.'
311 1145 353 1182 et
383 1141 680 1184 Praetextatus
713 1143 911 1185 ‘aestimo
947 1158 1034 1186 non
1063 1144 1170 1185 nihil
1206 1145 1259 1186 ad
1296 1145 1463 1187 demon-

139 1199 358 1240 strandam
405 1201 751 1242 consuetudinem
798 1204 988 1243 ueterum
1038 1202 1168 1244 etiam
1209 1214 1462 1245 PRAETORIS

138 1257 270 1298 uerba
300 1257 490 1299 conferre
522 1258 674 1312 quibus
704 1273 820 1301 more
850 1259 1058 1301 maiorum
1083 1260 1212 1301 ferias
1245 1261 1462 1315 concipere

140 1315 267 1368 solet,
299 1329 405 1368 quae
437 1316 708 1369 appellantur
745 1316 1041 1359 COMPITALIA.
1106 1331 1155 1358 ea
1190 1318 1320 1359 uerba
1355 1318 1460 1360 haec
1480 1326 1515 1352 2⁰

140 1375 239 1413 sunt
278 1372 482 1413 dienoni
513 1374 698 1427 populo
736 1373 956 1416 Romano
995 1374 1289 1423 Quiritibus
1321 1374 1459 1418 Com-

139 1429 327 1484 pitalia
358 1433 514 1471 erunt.

86 1483 126 1524 V
257 1487 366 1528 Tum
404 1488 593 1530 Auienus
631 1488 838 1542 aspiciens
877 1488 1071 1531 Seruium
1102 1489 1461 1546 ‘Curius'''inquit

139 1544 197 1586 eet
239 1544 457 1587 Fabricius
495 1547 538 1587 et
574 1544 882 1602 Coruncanius,
927 1548 1213 1602 antiquissimi
1255 1548 1354 1603 uiri,
1391 1549 1459 1591 uel

138 1602 266 1644 etiam
297 1603 364 1645 his
395 1603 653 1657 antiquiores
691 1604 862 1646 Horatii
896 1605 963 1646 illi
999 1606 1218 1660 trigemini
1247 1607 1371 1660 plane
1409 1621 1458 1648 ac
1477 1614 1512 1640 25

138 1660 317 1701 dilucide
361 1675 456 1702 cum
494 1661 581 1702 suis
618 1661 799 1703 fabulati
836 1665 950 1704 sunt:
988 1677 1124 1717 neque
1160 1663 1457 1706 Auruncorum

138 1720 212 1758 aut
252 1717 499 1759 Sicanorum
536 1722 610 1760 aut
639 1719 933 1775 Pelasgorum,
965 1721 1037 1775 qui
1072 1721 1199 1775 primi
1234 1722 1457 1764 incoluisse

230 1833 272 1865 13
298 1843 332 1875 p.
359 1835 401 1865 21
428 1831 560 1866 Iordan

228 1938 251 1968 4
276 1945 454 1978 aquarum
479 1933 524 1969 B‘
607 1939 707 1971 oroisi
733 1937 775 1979 P,
802 1938 936 1972 ortium
962 1938 1008 1981 B,
1033 1939 1179 1973 urteum
1204 1939 1224 1973 b
1307 1950 1452 1974 umcum

136 1991 201 2016 om.
229 1981 266 2014 P
335 1985 354 2015 7
381 1981 426 2015 de
451 1981 511 2016 die
536 1981 642 2016 BP':
670 1982 730 2016 dle
754 1983 791 2017 P
858 1983 1012 2019 rssmhl'se
1037 1985 1073 2019 B
1144 1989 1165 2021 8
1190 1984 1395 2020 coehanum
1418 1986 1455 2020 B

137 2031 156 2061 9
183 2026 270 2061 dare
294 2026 331 2061 B
437 2029 480 2061 10
504 2028 610 2062 uoles
629 2029 711 2064 add.
737 2028 790 2062 Ρ2
889 2030 1076 2075 diequmte
1095 2031 1131 2065 B
1232 2035 1275 2066 11
1301 2037 1393 2078 cena
1410 2033 1455 2076 P,

136 2077 251 2108 caena
275 2073 313 2109 B
397 2077 439 2108 12
464 2073 604 2109 coelius
621 2075 701 2109 BP
774 2076 925 2112 uerbfi*
949 2078 1129 2121 (lineolam
1153 2078 1236 2113 add.
1262 2078 1295 2119 b,
1318 2080 1360 2113 in
1381 2089 1453 2114 ras.

134 2120 211 2155 uid.
235 2121 347 2163 fuisse
371 2120 401 2164 s)
426 2119 462 2154 B
544 2131 657 2156 marci
682 2121 760 2155 BP
842 2126 886 2157 14
910 2123 1228 2168 cartagmlenslum
1252 2123 1330 2158 BP
1411 2128 1455 2159 16

134 2165 206 2200 t1b1
229 2176 295 2201 om.
320 2166 357 2200 P
424 2176 537 2202 caena
561 2167 608 2211 B,
633 2177 747 2202 coena
771 2168 808 2203 P
875 2172 918 2204 21
939 2182 984 2214 pr
1002 2172 1098 2215 (proz
1118 2170 1255 2215 populo
1272 2170 1455 2215 Romano)

138 2211 186 2247 P:
213 2212 293 2257 post
312 2211 332 2246 14
355 2212 390 2247 Β
462 2216 508 2248 24
525 2213 681 2249 fabmms
693 2211 740 2248 P'
811 2216 1069 2251 corruncamus
1081 2216 1145 2261 1³²,
1164 2216 1405 2252 coruncamus
1421 2217 1458 2251 P

136 2261 180 2293 26
204 2269 285 2293 rum
308 2258 384 2293 smf
403 2256 449 2293 P‘
520 2263 564 2295 27
589 2259 777 2296 incoluisse
800 2263 945 2307 scripsi:
971 2262 1118 2298 colu1sfe
1142 2274 1180 2298 m
1204 2262 1284 2298 BP
