1526 2444
490 97 542 134 VI
568 101 706 134 12—-17
745 97 815 134 V11
843 101 933 133 1—2
1305 97 1387 139 181

44 207 116 250 hic
135 207 284 308 ustiiqze
303 205 565 250 custodem
590 205 972 262 prohibitorem
998 206 1144 248 auium
1164 205 1391 262 furumque

45 267 157 322 signi
191 281 239 308 ca

102 348 208 390 haec
237 347 314 390 ubi
345 347 472 415 dicta,
504 347 634 402 dapes
666 347 788 390 iubet
818 350 862 390 et
893 347 1066 390 sublata
1096 347 1248 402 reponi
1406 347 1460 389 1ss

102 407 273 462 pocula,
305 406 612 462 gramineoque
643 406 762 449 uiros
793 407 910 449 locat
939 407 1032 462 ipse
1065 405 1200 449 sedili.

7 505 26 532 5
44 503 133 532 non
158 491 285 531 uacat
311 489 424 544 quod
450 489 558 531 dixit
589 489 755 531 sedili.
816 504 917 531 nam
942 489 1117 544 propria
1142 489 1390 531 obseruatio

45 550 110 590 est
141 549 184 589 in
211 547 410 589 Herculis
443 547 579 591 sacris
611 548 776 603 epulari
807 548 1021 590 sedentes:
1054 550 1096 590 et
1122 546 1389 591 CORNELIVS

45 606 231 649 BALBVS
261 603 550 661 Ἐξηγητικῶν
587 607 699 649 libro
733 618 915 650 ocrAvo
941 618 1121 650 DEomo
1160 607 1222 648 ait
1260 607 1391 662 apud

44 679 182 707 aram
212 665 483 708 Maximam
522 666 871 721 obseruatum,
910 680 971 707 ne
1003 666 1390 708 lectisternium

44 724 151 766 fiat.
225 725 464 767 custoditur
512 726 558 767 in
601 724 750 767 eodem
792 725 906 779 loco,
955 726 1005 766 ut
1049 738 1197 767 omnes
1241 730 1389 780 aperto
1408 726 1459 767 17

0 798 27 826 ιο
46 783 185 838 capite
235 798 356 826 sacra
403 783 576 826 faciant.
654 783 737 825 hoc
779 783 847 837 fit,
888 783 1041 839 nequis
1084 783 1131 825 in
1174 783 1277 826 aede
1322 783 1391 826 dei

43 842 242 884 habitum
269 843 360 884 eius
385 842 594 897 imitetur,
624 857 725 884 nam
751 842 844 898 ipse
868 842 928 884 ibi
955 844 1104 897 operto
1138 845 1205 885 est
1237 843 1390 898 capite.

43 900 208 943 VARRO
235 901 296 943 ait
320 895 568 943 Graecum
595 902 726 943 hunc
752 916 864 943 esse
890 916 1096 956 morem,
1130 902 1249 957 quia
1280 902 1390 944 siue

42 960 152 1015 ipse
203 959 329 1015 siue,
378 960 462 1014 qui
512 960 573 1002 ab
618 975 674 1002 eo
718 960 895 1003 relicti
940 975 1077 1002 aram
1121 960 1391 1003 Maximam

44 1021 355 1073 statuerunt,
399 1018 592 1061 Graeco
636 1019 741 1061 ritu
786 1019 1235 1063 sacrificauerunt.
1307 1020 1390 1063 hoc

0 1091 26 1120 us
44 1077 228 1132 amplius
261 1077 380 1120 addit
405 1077 582 1121 GAVIVS
608 1077 796 1122 BASSVS.
855 1079 1013 1121 idcirco
1041 1079 1157 1121 enim
1183 1079 1265 1122 hoc
1295 1079 1391 1121 fieri

43 1135 164 1191 dicit,
205 1136 322 1191 quia
363 1151 451 1179 ara
481 1136 700 1180 Maxima
730 1140 847 1180 ante
880 1138 1155 1180 aduentum
1187 1137 1390 1180 Aeneae

42 1195 93 1236 in
111 1194 268 1237 Italia
293 1196 583 1238 constituta
609 1198 707 1249 est,
730 1197 815 1253 qui
841 1197 974 1239 hunc
998 1196 1154 1240 ritum
1180 1197 1389 1240 uelandi

42 1253 233 1309 capitis
265 1254 477 1296 inuenit.

159 1312 226 1355 Ea
245 1327 426 1369 quoque,
446 1328 553 1368 quae
572 1313 786 1357 incuriose
805 1315 1161 1358 transmittuntur
1180 1330 1205 1357 a
1218 1315 1362 1371 legen·
1374 1316 1461 1359 VII

0 1389 24 1418 ω
42 1371 151 1414 tium
175 1372 313 1428 plebe,
344 1387 432 1414 non
457 1375 607 1414 carent
629 1373 936 1428 profunditate.
991 1389 1093 1416 nam
1119 1389 1216 1416 cum
1247 1376 1391 1430 loque-

41 1433 160 1472 retur
197 1431 248 1473 de
284 1431 376 1473 filio
407 1430 636 1487 Pollionis,
674 1432 718 1474 id
756 1433 869 1488 quod
909 1433 962 1475 ad
993 1433 1234 1488 principem
1265 1449 1390 1476 suum

8 1544 11 1546 v
42 1491 269 1545 spectaret,
301 1490 458 1533 adiecit

100 1571 192 1627 ipse
224 1572 299 1614 sed
329 1572 375 1614 in
404 1572 542 1628 pratis
575 1573 686 1615 aries
718 1573 806 1615 iam
839 1588 970 1616 suaue
1002 1574 1172 1617 rubenti

101 1631 278 1686 murice,
308 1631 396 1673 iam
428 1646 576 1674 croceo
608 1632 798 1674 mutabit
829 1633 992 1675 uellera
1023 1634 1128 1678 luto.

0 1711 24 1763 {5
41 1713 228 1755 traditur
255 1716 399 1755 autem
430 1714 477 1755 in
508 1714 659 1756 libris
691 1714 1048 1771 Etruscorum,
1081 1717 1123 1758 si
1154 1717 1249 1760 hoc
1280 1718 1386 1760 ani·
1402 1720 1430 1761 2

40 1773 138 1814 mal
172 1773 389 1815 insolito
421 1773 594 1815 colore
626 1773 788 1816 fuerit
818 1774 1102 1832 inductum,
1145 1778 1388 1832 portendi

134 1921 156 1952 3
180 1917 272 1954 Aen.
297 1917 382 1953 VIII
411 1921 478 1954 175
552 1922 596 1954 23
624 1919 742 1965 eclog.
769 1918 841 1955 IIII
866 1925 910 1955 43

18 2075 29 2079 --
136 2057 154 2088 1
180 2051 336 2097 furemq.
362 2052 410 2089 B'
484 2057 505 2090 5
531 2057 630 2099 quod
655 2066 746 2092 corr.
772 2066 817 2092 ex
836 2055 898 2092 sed
917 2057 953 2091 Β
1026 2056 1140 2092 fedeli
1159 2055 1207 2092 P'
1285 2061 1304 2092 7
1326 2069 1385 2093 ex-

18 2090 112 2146 ξ1ιος
114 2101 238 2135 eticon
261 2065 338 2135 BP
418 2101 489 2148 a1t]
513 2102 553 2137 1d
577 2103 615 2138 P
689 2103 834 2140 decimo
859 2104 915 2139 lta
941 2104 1103 2149 apud'B
1186 2109 1206 2140 9
1233 2105 1323 2152 opto
1349 2106 1386 2141 Β

24 2150 82 2182 11
88 2111 240 2192 gaperto
266 2148 287 2183 b
407 2150 530 2194 capae
556 2149 610 2186 est
633 2150 670 2185 Β
780 2154 824 2186 13
851 2162 915 2196 qui
939 2161 1006 2187 om.
1034 2152 1071 2187 B
1179 2152 1313 2188 rehcta
1337 2151 1384 2187 B‘

31 2189 84 2229 15
109 2194 261 2240 grauius
280 2195 325 2239 P,
349 2195 502 2255 graulus
521 2197 559 2232 Β
645 2201 688 2234 17
714 2209 787 2246 que
812 2199 911 2233 hunc
938 2198 974 2233 P
1060 2201 1103 2234 19
1131 2200 1311 2235 mcoriose
1340 2199 1383 2234 B'

0 2255 1 2259 ¹
40 2250 62 2276 e
82 2240 289 2287 legentium
313 2242 360 2277 B'
435 2246 478 2278 21
504 2244 669 2289 pollonis
688 2246 726 2280 P
792 2249 838 2281 22
865 2245 1073 2291 expectar&
1097 2243 1186 2281 B‘P
1253 2251 1297 2282 23
1318 2259 1386 2281 1m-

0 2246 6 2339 i
37 2253 157 2334 pratigl'
177 2286 225 2324 B'
303 2294 350 2325 24
373 2301 450 2326 1am
476 2301 559 2327 creo
583 2291 631 2327 B'
704 2293 843 2330 uellere
869 2293 971 2329 aluto
997 2294 1034 2328 B
1100 2296 1145 2328 25
1171 2294 1278 2329 libris
1304 2294 1384 2329 Scr-

39 2335 126 2372 m’us
150 2336 200 2372 acl
223 2337 330 2383 ecloy.
356 2338 470 2373 IIII
491 2341 556 2376 43.-
579 2338 676 2376 hbro
700 2340 776 2376 BP
855 2344 900 2376 26
927 2340 1050 2377 calore
1074 2341 1123 2375 B'
1196 2341 1331 2376 1ndutx‘1
1352 2340 1389 2375 P
