1526 2444
155 57 239 99 586
452 57 599 93 COMM.
624 58 676 92 IN
702 57 843 93 SOMN.
869 57 980 93 SCIP.
999 57 1126 92 LIBRI
1143 57 1178 92 II

156 165 198 205 et
234 177 284 205 ex
318 164 400 205 hoe
441 177 615 204 numero
653 164 905 218 symphonia
940 165 1145 218 procedit,
1183 178 1286 218 quae
1324 163 1474 206 dicitur

89 221 142 262 19
157 221 229 262 διὰ
264 228 414 263 πασῶν
450 219 521 261 καὶ
559 221 631 262 διὰ
666 219 803 263 πέντε.
875 222 1132 276 quadruplus
1170 224 1250 276 est,
1292 236 1386 263 cum
1423 221 1473 264 de

156 279 319 320 duobus
357 279 543 319 numeris
581 278 720 320 minor
757 281 906 332 quater
942 279 987 320 in
1023 280 1180 322 maiore
1217 281 1474 330 numeratur,

155 339 204 377 ut
230 338 330 376 sunt
355 338 557 390 quattuor
584 336 636 377 ad
661 350 804 390 unum,
830 336 900 390 qui
925 351 1122 378 numerus
1147 337 1251 378 facit
1276 337 1473 391 sympho-

86 394 143 436 20
156 394 287 447 niam,
336 407 459 447 quam
505 393 650 436 dicunt
692 392 759 443 δὶς
807 394 879 434 διὰ
920 401 1081 436 πασῶν.
1153 395 1366 449 epogdous
1410 397 1475 436 est
1509 405 1526 432 ὁ

155 465 365 506 numerus,
398 452 468 505 qui
498 452 611 492 intra
643 466 686 493 se
714 451 846 493 habet
876 453 1081 493 minorem
1113 455 1155 493 et
1185 453 1355 506 insuper
1387 453 1475 493 eius

157 511 351 550 octauam
388 511 572 564 partem,
608 512 655 550 ut
690 523 844 551 nouem
881 509 934 551 ad
966 512 1078 563 octo,
1115 510 1214 563 quia
1248 510 1293 551 in
1321 524 1475 551 nouem

157 568 199 607 et
236 569 331 608 octo
370 569 467 608 sunt
504 573 545 609 et
580 567 753 621 insuper
790 569 942 608 octaua
982 582 1080 622 pars
1118 582 1281 618 eorum,
1323 567 1367 608 id
1409 570 1476 608 est

155 639 298 666 unum.
363 625 432 667 hic
471 639 670 666 numerus
709 639 859 666 sonum
896 625 1023 678 parit,
1064 639 1185 679 quem
1221 625 1351 667 τόνον
1388 639 1474 666 mu-

86 683 140 724 21
157 682 232 724 sici
268 686 540 724 uocauerunt.
608 697 757 724 sonum
794 697 893 724 uero
930 686 1033 724 tono
1071 683 1277 724 minorem
1312 685 1475 723 ueteres
1495 694 1526 721 m

156 740 324 795 quidem
362 740 633 781 semitonium
669 741 856 782 uocitare
894 741 1128 782 uoluerunt.
1190 740 1263 782 sed
1299 754 1386 782 non
1415 740 1476 781 ita

157 798 446 851 accipiendum
478 801 553 851 est,
584 800 632 839 ut
662 798 860 839 dimidius
891 800 1018 840 tonus
1055 800 1239 852 putetur,
1270 798 1368 851 quia
1398 811 1476 839 nec

157 856 452 897 semiuocalcm
497 856 539 896 in
582 856 736 897 litteris
780 870 856 909 pro
900 856 1125 897 medietate
1166 856 1326 897 uocalis
1370 856 1477 897 acci-

86 915 142 956 22
155 914 304 967 pimus.
366 913 514 954 deinde
551 915 676 954 tonus
714 927 788 966 per
818 916 1016 955 naturam
1054 914 1120 955 sui
1157 913 1202 954 in
1234 913 1314 955 duo
1346 913 1476 954 diuidi

157 971 238 1012 sibi
270 984 402 1024 aequa
432 985 518 1012 non
548 970 715 1024 poterit.
776 985 870 1012 cum
911 971 1022 1011 enim
1054 985 1105 1011 ex
1133 971 1363 1012 nouenario
1401 985 1475 1011 nu-
1495 981 1526 1008 1⁵

156 1043 272 1070 mero
329 1030 510 1082 constet,
569 1042 722 1070 nouem
773 1031 916 1069 autem
969 1042 1199 1083 numquam
1248 1027 1478 1081 aequaliter

156 1086 416 1141 diuidantur,
451 1089 579 1128 tonus
615 1086 660 1127 in
704 1085 805 1127 duas
844 1086 974 1127 diuidi
1010 1085 1258 1127 medietates
1298 1087 1477 1139 recusat,

157 1144 230 1186 sed
273 1144 543 1185 semitonium
587 1144 881 1185 uocitauerunt
924 1157 1074 1185 sonum
1115 1146 1217 1185 tono
1261 1143 1477 1198 minorem,

156 1216 278 1257 quem
327 1204 416 1243 tam
465 1216 596 1255 paruo
641 1201 796 1242 distare
840 1216 864 1242 a
907 1204 1008 1243 tono
1052 1201 1358 1255 deprehensum
1401 1203 1476 1255 est,

157 1262 361 1314 quantum
399 1259 445 1300 hi
482 1260 563 1301 duo
601 1259 764 1300 numeri
800 1259 910 1300 inter
943 1274 986 1300 se
1017 1259 1195 1314 distant,
1230 1259 1271 1299 id
1305 1260 1370 1300 est
1400 1258 1473 1299 du·
1493 1269 1526 1296 20

156 1320 278 1359 centa
315 1317 597 1371 quadraginta
634 1316 719 1358 tria
754 1319 796 1358 et
834 1317 1012 1358 ducenta
1050 1317 1356 1371 quinquaginta
1393 1330 1477 1357 sex.

86 1378 141 1420 23
156 1375 235 1417 hoe
284 1375 553 1416 semitonium
595 1374 870 1429 Pythagorici
913 1374 1080 1428 quidem
1133 1377 1296 1415 ueteres
1338 1374 1477 1415 δίεσιν

154 1433 454 1486 nominabant,
491 1433 563 1474 sed
596 1446 771 1485 sequens
808 1447 909 1474 usus
948 1446 1099 1474 sonum
1137 1431 1361 1474 semitonio
1400 1431 1476 1472 mi-

154 1505 299 1533 norem
339 1491 479 1532 δίεσιν
515 1490 738 1532 constituit
773 1490 1086 1532 nominandum.
1146 1490 1269 1531 Plato
1307 1490 1476 1530 semito-

85 1552 142 1593 24
155 1549 271 1590 nium
290 1551 446 1603 λεῖμμα
466 1549 684 1590 uocitauit.
728 1550 827 1589 sunt
844 1547 975 1603 igitur
989 1547 1263 1602 symphoniae
1284 1547 1477 1601 quinque,
1497 1556 1526 1584 2⁵

155 1607 198 1648 id
246 1610 311 1648 est
360 1607 432 1648 διὰ
480 1606 722 1660 τεσσάρων,
764 1606 837 1647 διὰ
884 1604 1024 1660 πέντε,
1073 1606 1145 1647 διὰ
1186 1612 1357 1659 πασῶν,
1405 1604 1478 1646 διὰ

155 1671 305 1706 πασῶν
347 1663 419 1706 καὶ
462 1664 535 1705 διὰ
570 1663 715 1718 πέντε,
751 1661 823 1705 καὶ
861 1662 929 1712 δὶς
965 1663 1037 1705 διὰ
1073 1670 1234 1705 πασῶν.
1301 1662 1373 1704 sed
1408 1662 1478 1704 hic

155 1737 355 1765 numerus
393 1722 740 1776 symphoniarum
780 1721 831 1762 ad
868 1721 1073 1763 musicam
1111 1721 1313 1775 pertinet,
1353 1734 1477 1774 quem

155 1781 222 1821 uel
252 1780 378 1821 flatus
403 1779 613 1821 humanus
638 1779 855 1820 intendere
886 1779 954 1820 uel
981 1793 1128 1832 capere
1158 1779 1302 1832 potest
1330 1777 1476 1819 huma-

249 1932 268 1962 2
295 1928 468 1972 diapason
494 1930 558 1963 ΚΑΙ
585 1927 757 1972 diapente
782 1927 819 1962 Β
890 1931 910 1961 2
936 1930 968 1962 et
992 1929 1013 1960 5
1032 1926 1184 1961 ΠΑΕΟΝ
1205 1926 1242 1960 Ρ
1308 1929 1330 1960 4
1348 1925 1476 1970 sypho-

154 1986 254 2010 niam
277 1974 314 2008 B
404 1978 424 2008 5
450 1974 692 2019 disdyapason
715 1974 750 2008 Β
835 1977 855 2008 9
880 1973 994 2008 tonon
1017 1972 1088 2007 PB
1172 1975 1214 2006 ii
1239 1982 1314 2007 iion
1337 1983 1402 2006 om.
1427 1968 1475 2007 B'

157 2024 199 2055 12
225 2020 482 2065 accipiundum
508 2021 544 2055 Β
664 2024 706 2054 13
732 2018 912 2064 acipimus
932 2016 979 2054 P'
1102 2022 1142 2053 17
1168 2018 1286 2052 diuidi
1310 2017 1477 2052 dimidie—

154 2066 254 2102 tates
268 2067 305 2102 Β
375 2065 532 2102 recurrat
549 2067 586 2101 P
652 2069 696 2101 22
716 2067 921 2110 pytagorici
933 2065 976 2108 P,
995 2064 1264 2109 phitagoriciB
1336 2064 1478 2099 dihesin

157 2115 212 2157 (in
235 2114 323 2157 raS.)
348 2113 390 2155 P,
419 2113 534 2148 diesin
557 2113 593 2147 Β
700 2115 743 2146 23
769 2111 823 2146 set
846 2112 883 2147 B
995 2114 1040 2145 24
1066 2110 1207 2146 dihesin
1233 2110 1277 2153 P,
1303 2110 1417 2145 diesin
1441 2110 1477 2145 Β

154 2158 279 2204 platos
297 2162 339 2194 ut
362 2160 438 2194 uid.
464 2159 510 2194 P'
607 2162 652 2194 25
677 2158 805 2192 limma
828 2158 870 2201 P,
894 2157 1033 2202 lymma
1057 2158 1093 2191 B
1182 2160 1225 2191 26
1249 2157 1474 2192 ΤΕΕΕΛΡΟΝ

158 2206 230 2240 ΡΒ
300 2205 354 2241 bis
371 2207 523 2241 ΠΛΕΟΝ
542 2206 578 2240 Β
644 2208 687 2239 27
708 2206 775 2239 MA
793 2204 943 2239 ΠΕΝΤΕ
961 2204 996 2238 Β
1062 2204 1204 2238 Ancum
1217 2203 1252 2238 B
1322 2203 1473 2238 ΠΑΕΟΝ

155 2252 227 2287 ΡΒ
297 2255 341 2286 28
367 2252 653 2297 simphomarum
678 2252 714 2286 Β
785 2253 829 2285 29
855 2250 1044 2286 intendere
1069 2269 1114 2276 —
1139 2248 1320 2284 humanus
1339 2259 1404 2285 om.
1424 2247 1474 2284 P'
1524 2281 1526 2285 .

1518 2327 1526 2379 ἑ

1494 2440 1495 2444 ,
1509 2384 1526 2444 i
