1526 2444
0 12 14 43 N
621 24 707 61 XXI
731 29 823 61 2—'1
1323 25 1410 67 343

68 137 144 190 est,
176 134 352 189 planum
385 148 433 176 ac
464 136 617 189 patens
649 136 726 189 est,
757 132 1022 176 carchesium
1053 147 1156 176 uero
1180 147 1407 189 procerum

67 195 110 235 et
139 193 252 236 circa.
284 193 467 235 mediam
499 196 666 248 partem
697 207 990 248 conpressum,
1022 193 1220 234 ansatum
1250 192 1410 235 medio-

67 251 212 306 criter,
263 251 379 294 ansis
430 266 455 294 a
504 266 670 294 summo
715 251 768 293 ad
811 251 1008 293 infimum
1051 251 1408 306 pertingentibus.

64 310 388 353 ASCLEPIADES
414 313 570 362 autem,
595 310 662 352 uir
686 310 800 352 inter
824 309 1012 353 Graecos
1039 310 1230 365 adprime
1257 309 1406 353 doetus
1422 313 1449 354 5

0 383 115 412 ,sac
159 369 359 424 diligens,
408 369 625 412 carchesia
669 384 694 411 a
736 369 884 411 nauali
928 383 973 411 re
1019 369 1238 411 existimat
1281 368 1408 411 dicta.

65 428 127 469 ait
181 428 294 470 enim
349 428 516 471 naualis
567 428 652 470 ueli
701 430 869 483 partem
919 427 1166 470 inferiorem
1215 425 1408 484 πτέρναν

65 486 228 537 uocari,
267 488 312 528 at
342 486 454 529 circa
486 486 668 528 mediam
700 486 833 528 ferme
865 489 1031 541 partem
1063 486 1283 542 τράχηλον
1313 487 1409 542 dici,

67 558 279 587 summam
311 559 412 588 uero
445 547 612 600 partem
638 545 957 588 carchesium
982 546 1211 601 nominari,
1244 548 1286 588 el:
1310 545 1407 587 inde

67 603 249 645 diffundi
298 604 343 645 in
392 605 621 658 utrumque
665 605 751 646 ueli
793 605 907 646 latus
951 618 1018 659 ea,
1068 618 1175 658 quae
1220 618 1408 647 cornua

12 679 46 706 ιο
64 664 284 705 uocantur.
326 676 405 705 nec
431 663 548 705 solus
574 663 851 718 Asclepiades
877 662 1073 704 meminit
1097 661 1226 705 huius
1251 663 1448 718 poculi,6

65 720 138 762 sed
170 723 213 762 et
244 721 317 763 alii
347 721 535 764 illustres
566 723 740 776 poetae,
770 723 818 763 ut
849 719 1053 777 SAPPHO,
1087 736 1196 776 quae
1228 722 1289 764 ait

120 808 246 856 κῆνοι
278 801 318 844 δ’
349 803 433 858 ἄρα
463 803 622 852 πάντες
651 803 867 858 καρχήσιά
897 801 938 844 τ’
966 799 1076 859 ἦχον

120 861 338 915 κᾶλειβον.

64 941 297 985 ORATINVS
329 943 373 984 in
404 942 830 1001 Διονυσαλεξάνδρῳ

9 1043 43 1070 15
122 1025 284 1079 στολὴν
316 1022 364 1067 δὲ
396 1025 451 1080 δή
482 1023 568 1067 τίν’
599 1021 738 1081 εἷχεν;
770 1028 900 1069 τοῦτό
931 1042 1006 1082 μοι
1037 1027 1229 1083 φράσον·

121 1084 296 1139 θύρσον
326 1086 550 1140 κροκωτὸν
581 1086 786 1127 ποικίλον
816 1088 1069 1141 καρχήσιον.

63 1163 333 1209 SOPHOGLES
365 1166 409 1208 in
438 1166 587 1209 fabula
619 1181 729 1222 quae
760 1168 1009 1210 inscribitur
1040 1168 1169 1211 TYRO

342 1250 451 1302 πρὸς
481 1249 612 1303 τήνδε
644 1265 719 1304 μοι

119 1306 333 1363 τράπεζαν
365 1306 477 1363 ἀμφὶ
509 1315 607 1349 σῖτα
637 1306 710 1350 καὶ
740 1309 965 1364 καρχήσια.

7 1388 166 1434 ςοΙιειθο
221 1389 271 1431 de
321 1389 550 1432 carchesiis
601 1391 814 1445 ignoratis
864 1391 1092 1433 Latinitati
1142 1395 1184 1434 et
1236 1408 1261 1434 a
1310 1393 1444 1438 sola?

15 1445 17 1447 ’
62 1445 241 1490 Graecia
279 1448 518 1490 celebratis.
581 1449 654 1490 sed
691 1463 770 1491 nec
809 1450 1010 1504 cymbia
1047 1450 1093 1491 in
1129 1454 1278 1494 nostro
1319 1466 1404 1494 ser-

4 1510 9 1512 ’
60 1520 188 1548 mone
224 1507 457 1561 repperies:
495 1509 560 1549 est
596 1507 710 1549 enim
751 1523 776 1549 a
812 1507 1073 1550 Graecorum
1109 1510 1258 1564 paucis
1297 1512 1404 1553 rela-

59 1566 164 1607 tum.
236 1564 504 1621 PHILEMON,
552 1566 804 1608 notissimus
855 1567 1061 1620 comicus,
1112 1570 1158 1609 in
1201 1569 1405 1613 FANTAS-

59 1635 187 1665 MATE
219 1624 279 1666 ait

156 1760 198 1791 12
226 1757 376 1802 Bergkii
400 1759 535 1803 poetae
561 1757 629 1802 lyr.
656 1757 712 1794 ed.
740 1762 762 1793 4
787 1771 822 1804 p.
850 1763 917 1795 106
1002 1763 1046 1795 14
1070 1761 1248 1796 Meinekii
1272 1762 1404 1807 fragm.

59 1813 152 1886 ἓξὲξ
178 1804 402 1896 }{‚111pp.237
471 1808 514 1840 17
540 1804 672 1850 fragm.
692 1805 854 1842 Nauckii
874 1809 943 1842 594
1010 1811 1055 1843 23
1076 1807 1253 1844 Meinekii
1271 1809 1404 1855 fragm.

155 1978 175 2010 6
201 1974 413 2010 lnfenorem
438 1986 504 2011 om.
531 1975 568 2011 P
653 1978 786 2021 pterna
811 1977 847 2012 P
929 1981 948 2012 7
974 1978 1168 2015 trachelon
1195 1979 1232 2014 P
1319 1986 1339 2017 8
1367 1983 1405 2037 el}

59 2020 146 2057 lude
177 2042 221 2047 —
255 2025 300 2057 10
334 2024 515 2057 uocantur
545 2033 612 2059 om.
644 2023 682 2058 P
808 2027 850 2059 11
884 2029 968 2060 ante
997 2025 1101 2073 po8m}
1132 2027 1218 2063 add.
1249 2040 1322 2063 uiri
1354 2030 1390 2064 P

61 2066 172 2112 sapho
202 2068 239 2103 P
354 2073 396 2104 12
431 2070 640 2105 ΚΛΡΧΗΕΙΛ
673 2071 814 2106 ΕΕΧΟΝ
849 2072 1091 2109 ΚΔΙΕΔΕΒΟΝ
1121 2075 1168 2120 P,
1198 2077 1405 2112 emendauit

60 2113 240 2162 Berykius
383 2120 428 2151 14
467 2118 708 2153 ΚΡΑΤΕΙΝΟΕ
746 2119 800 2153 ΕΝ
840 2119 1338 2168 ΔΙΟΝΟΥΕΔΛΕΞΔΝΔΡΟ)
1372 2124 1409 2158 Ρ

0 2179 1 2204 3
63 2164 106 2197 15
130 2164 231 2198 ΤΙΝΛ
257 2162 293 2197 Ρ
395 2164 556 2200 ΤΟΥΔΟ
584 2164 622 2199 Ρ
722 2169 764 2200 16
790 2167 921 2201 ΤΥΡΟ)
947 2167 984 2202 Ρ
1088 2171 1131 2203 18
1156 2170 1302 2205 ΠΡΟΕ·
1319 2172 1402 2206 ΓΗΝ

61 2209 183 2245 ΔΕΙΜΙ
215 2210 265 2245 P:
296 2211 388 2254 πρὸς
417 2212 530 2255 τήνδε
562 2223 622 2254 μοι
649 2212 801 2257 Ian-ius,
833 2217 1034 2257 προετῆναι
1060 2216 1170 2259 μέεην
1196 2217 1404 2253 Athenaeus

1 2309 3 2315 X
64 2257 107 2289 19
130 2257 572 2306 ΤΡΑΠΕΖΑΑΜΦΙΕΙΤΛΙ
591 2260 655 2294 ΚΑΙ
684 2260 916 2296 ΚΑΡΧΗΕΙΑ-
944 2261 981 2297 Ρ
1050 2266 1093 2298 21
1121 2263 1280 2308 cymbus
1304 2264 1352 2300 P¹
