1526 2444
83 1866 139 1908 25
153 1863 324 1917 insuper
354 1865 522 1905 centum
555 1864 826 1918 septuaginta
857 1863 987 1904 milia.
1046 1863 1112 1904 his
1143 1863 1285 1928 dictis,
1320 1863 1472 1917 quibus

159 85 245 126 568
464 85 610 120 COMM.
635 84 687 118 IN
712 83 853 119 SOMN.
880 83 988 119 SCIP.
1014 84 1139 120 LIBRI
1163 85 1179 119 I

159 194 202 232 et
250 190 600 232 indubitabilibus
646 190 978 231 dimensionibus
1023 190 1215 232 constitit
1256 191 1476 233 uniuersae

158 253 296 290 terrae
321 248 539 301 ambitum,
565 262 672 301 quae
691 248 940 302 ubicumque
959 249 1027 289 uel
1046 248 1244 290 incolitur
1263 263 1287 289 a
1306 249 1477 303 quibus-

159 320 338 359 cumque
362 306 430 346 uel
454 305 749 346 inhabitabilis
773 306 894 359 iacet,
924 306 1077 347 habere
1104 306 1336 347 stadiorum
1362 306 1478 347 milia

159 364 341 404 ducenta
372 363 680 417 quinquaginta
710 362 804 404 duo.
853 377 946 404 cum
973 376 1072 417 ergo
1097 366 1263 405 tantum
1293 364 1476 405 ambitus

160 424 317 474 teneat,
349 422 440 462 sine
473 421 599 462 dubio
632 420 851 474 octoginta
880 420 1000 462 milia
1030 421 1263 462 stadiorum
1294 422 1362 462 uel
1393 436 1475 463 non
1513 433 1526 459 fi

159 479 296 519 multo
347 478 528 533 amplius
575 478 804 519 diametros
847 477 976 519 habet
1019 478 1247 520 secundum
1289 479 1476 532 triplica-

159 536 319 578 tionem
358 551 451 577 cum
490 536 693 590 septimae
729 535 864 590 partis
902 535 1152 589 adiectione,
1196 551 1323 590 quam
1360 551 1477 590 supe-

88 593 247 638 21rius
287 594 336 635 de
374 594 582 635 diametro
621 597 663 634 et
699 593 852 635 circulo
889 594 1139 648 regulariter
1177 593 1368 635 diximus.
1436 598 1479 636 et

161 651 260 706 quia
309 651 360 692 ad
409 651 670 693 efficiendam
719 653 911 692 terrenae
954 651 1127 692 umbrae
1170 652 1476 705 longitudinem

156 723 242 750 non
287 709 471 750 ambitus
516 711 654 750 terrae
697 709 769 750 sed
806 709 1003 750 diametri
1040 723 1238 750 mensura
1274 709 1475 763 multipli-
1497 720 1526 746 ιο

158 767 290 808 canda
335 771 398 808 est
439 791 487 796 —
529 767 622 820 ipsa
666 770 731 807 est
774 766 902 819 enim,
946 781 1072 820 quam
1109 781 1274 815 sursum
1311 770 1478 808 constat

157 838 394 866 excrescere
430 848 477 854 -
513 824 704 878 sexagies
740 823 1062 877 multiplicanda
1098 824 1181 865 tibi
1214 827 1336 866 erunt
1366 827 1478 866 octo·

158 882 279 936 ginta
305 882 435 936 milia,
467 896 572 936 quae
597 884 733 922 terrae
759 881 986 923 diametros
1011 881 1152 935 habet,
1185 896 1290 935 quae
1315 882 1478 923 faciunt

158 940 410 994 quadragies
442 941 571 980 octies
597 941 774 980 centena
798 939 916 980 milia
941 939 1173 980 stadiorum
1199 953 1288 980 esse
1315 954 1340 980 a
1363 942 1477 981 terra

157 1011 288 1050 usque
326 997 378 1038 ad
417 997 519 1038 solis
557 1010 742 1050 cursum,
779 1010 861 1050 quo
898 997 1090 1037 umbram
1127 999 1265 1038 terrae
1296 997 1475 1039 diximus
1496 1006 1526 1035 ιε

86 1059 143 1099 22
156 1055 388 1108 peruenire.
437 1058 551 1095 terra
582 1057 724 1095 autem
754 1053 799 1094 in
830 1054 967 1094 medio
999 1055 1190 1095 caelest's
1216 1055 1372 1108 circuli,
1403 1069 1477 1109 per
1522 1049 1526 1088 ἕ

158 1126 283 1166 quem
315 1113 379 1154 sol
412 1113 555 1163 currit,
589 1115 637 1153 ut
667 1114 840 1153 centron
871 1113 1011 1153 locata
1041 1115 1117 1164 est,
1149 1069 1248 1210 {3⁰
1281 1126 1477 1154 mensura
1524 1162 1526 1168 Ι

156 1174 348 1211 terrenae
373 1170 547 1211 umbrae
572 1170 842 1210 medietatem
867 1169 1063 1219 diametri
1089 1170 1176 1211 cael
1204 1170 1282 1211 stis
1308 1170 1476 1223 efficiet,

155 1230 198 1268 et
241 1228 277 1269 si
322 1228 375 1269 ab
419 1228 552 1269 altera
597 1241 761 1282 quoque
802 1229 920 1281 parte
965 1229 1104 1268 terrae
1141 1242 1218 1282 par
1253 1242 1386 1283 usque
1423 1229 1476 1270 ad
1523 1247 1526 1275 :

155 1285 332 1326 eundem
377 1286 577 1327 circulum
620 1299 818 1326 mensura
859 1284 1073 1338 tendatur,
1116 1285 1282 1340 integra
1319 1286 1476 1340 circuli,

83 1347 140 1388 23
154 1357 228 1396 per
266 1358 389 1398 quem
429 1344 492 1385 sol
525 1343 672 1395 currit,
713 1343 940 1384 diametros
970 1343 1194 1384 inuenitur.
1253 1343 1474 1398 duplicatis

152 1401 284 1455 igitur
332 1402 420 1442 illis
471 1401 722 1455 quadragies
770 1400 901 1442 octies
948 1400 1136 1442 centenis
1179 1400 1351 1442 milibus
1394 1402 1476 1443 erit

151 1458 318 1513 integra
373 1459 599 1500 diametros
652 1458 845 1499 caelestis
895 1458 1041 1500 circuli
1088 1458 1292 1513 nonagies
1340 1460 1474 1500 sexies

153 1517 340 1558 centenis
367 1517 538 1558 milibus
565 1516 811 1569 stadiorum,
836 1519 879 1557 et
902 1516 1076 1557 inuenta
1101 1516 1330 1558 diametros
1352 1517 1474 1558 facile

83 1578 142 1619 24
156 1588 399 1616 mensuram
430 1574 552 1616 nobis
583 1574 716 1629 ipsius
748 1587 911 1628 quoque
943 1574 1126 1615 ambitus
1157 1574 1310 1628 prodit.
1364 1574 1472 1616 hanc

92 1666 114 1690 ,ς
155 1632 269 1673 enim
303 1646 524 1686 summam,
555 1646 662 1687 quae
694 1631 930 1673 diametron
953 1631 1067 1686 fecit,
1097 1631 1222 1672 debes
1247 1634 1313 1673 ter
1337 1632 1474 1673 multi-

78 1694 101 1708 *
151 1689 309 1743 plicare
355 1690 517 1731 adiecta
552 1693 672 1743 parte
709 1690 908 1743 septima,
949 1691 997 1730 ut
1033 1703 1156 1743 saepe
1194 1689 1280 1730 iam
1317 1689 1474 1731 dictum

153 1750 228 1801 est,
260 1750 302 1789 et
332 1748 394 1789 ita
423 1747 613 1789 inuenies
644 1747 777 1789 totius
803 1747 962 1799 circuli,
991 1761 1068 1801 per
1093 1761 1217 1801 quem
1243 1748 1307 1789 sol
1333 1748 1474 1799 currit,

153 1805 359 1847 ambitum
393 1806 622 1847 stadiorum
654 1805 809 1847 habere
840 1805 1063 1846 trecenties
1089 1808 1265 1847 centena
1290 1805 1407 1846 milia
1431 1808 1474 1846 et

244 2003 261 2032 1
289 1999 430 2034 constat
454 2000 490 2033 P
604 2004 623 2033 2
649 2001 867 2043 ubicumque
892 2010 957 2034 om.
986 2000 1022 2033 P
1132 2003 1151 2033 3
1175 1998 1403 2034 inabitabssis
1422 1998 1468 2034 B‘

147 2049 169 2079 4
195 2045 470 2089 quinquagenta
493 2043 541 2079 P'
639 2050 659 2080 7
684 2046 926 2080 adiectionem
951 2043 995 2079 B'
1092 2049 1134 2079 10
1159 2044 1406 2089 multiplicata
1429 2048 1482 2080 κί’

146 2092 221 2127 uid.
248 2088 295 2125 P'
417 2094 459 2125 12
486 2091 736 2136 multiplicata
759 2090 806 2126 P'
927 2095 972 2125 14
996 2102 1015 2126 e
1039 2091 1139 2126 terra
1163 2091 1210 2126 P'
1327 2094 1369 2125 19
1395 2091 1468 2135 ul'q.
1492 2112 1494 2114 -

147 2137 301 2172 dimidia
325 2138 453 2172 circuli
477 2138 604 2173 deinde
627 2139 668 2172 in
692 2149 762 2173 ras.
790 2137 955 2172 mensura
978 2138 1151 2172 tendatur
1176 2138 1211 2171 P
1310 2141 1354 2171 22
1379 2148 1468 2181 qua-

146 2183 293 2228 dargiel'
311 2184 348 2218 P
434 2186 503 2219 ent
526 2195 592 2219 om.
618 2183 666 2219 P'
757 2187 802 2218 24
826 2183 856 2218 δι
881 2183 1045 2218 centenis
1063 2182 1110 2218 P'
1202 2187 1246 2218 26
1272 2183 1488 2228 quastdias.

146 2232 303 2265 metrum
328 2230 365 2264 P
445 2234 490 2265 30
516 2232 554 2265 et
575 2230 723 2275 insuper
747 2229 981 2274 feptuagmta
1004 2231 1165 2274 (centum
1189 2234 1221 2265 et
1246 2230 1349 2264 milia
1373 2233 1491 2265 mar—¹*

144 2277 228 2321 ,qino
251 2276 365 2312 recisa
383 2277 586 2322 perierunt)
612 2280 695 2312 ante
719 2276 777 2311 hls
796 2277 880 2311 add.
907 2277 971 2310 Bm
1476 2276 1481 2294 ’-
