1526 2444
178 69 262 110 208
683 68 781 105 SAT.
802 68 931 104 LIBRI
954 68 1006 104 111

178 176 311 217 inter
336 176 457 217 duos
482 178 661 228 pontes
686 178 832 229 capto
854 178 976 217 erunt
994 176 1254 230 testimonio,
1278 176 1351 217 sed
1370 177 1499 219 etiam

178 247 334 288 mores,
374 233 526 287 quibus
563 233 753 287 plerique
789 235 889 275 tunc
926 233 1130 275 uiuebant
1159 233 1282 275 facile
1311 234 1498 288 publica·

178 291 296 332 bunt.
357 290 598 332 describens
624 291 736 333 enim
761 291 953 333 homines
978 291 1176 347 prodigos
1202 292 1246 333 in
1276 292 1415 333 forum
1447 292 1499 334 ad

177 348 447 390 iudicandum
477 349 617 390 ebrios
649 352 945 404 commeantes,
975 363 1163 404 quaeque
1195 350 1361 391 soleant
1390 350 1500 392 inter

111 406 222 447 15se
250 407 532 456 sermocinari,
564 407 623 448 sic
654 407 716 448 ait
745 407 929 448 ludunt
959 408 1069 448 alea
1099 407 1344 461 studiose,
1375 407 1498 449 deli·

177 464 287 505 buti
318 465 610 519 unguentis,
647 465 831 506 scortis
871 465 1062 518 stipati.
1122 465 1207 506 ubi
1238 465 1388 506 horae
1420 467 1499 506 de-

177 536 280 563 cem
318 524 449 575 sunt,
485 522 659 563 iubent
693 536 898 576 puerum
929 522 1119 576 uocari,
1158 524 1211 564 ut
1241 523 1500 564 comitium

178 582 262 621 eat
292 582 664 634 percontatum,
695 580 810 634 quid
841 580 891 621 in
920 580 1034 622 foro
1066 582 1260 634 gestum
1291 581 1377 635 sit,
1417 581 1501 635 qui

177 638 449 692 suaserint,
481 638 564 692 qui
595 637 952 691 dissuaserint,
993 640 1113 693 quot
1142 638 1307 679 tribus
1339 639 1497 680 iusse-

176 695 296 749 rint,
327 698 446 750 quot
470 697 741 737 uetuerint.
789 696 902 737 inde
928 696 986 737 ad
1011 695 1267 738 comitium
1291 696 1526 747 uadunt‚1

165 767 234 810 ,ne
265 754 407 794 litem
435 768 569 795 suam
602 754 806 795 faciant.
867 754 975 795 dum
1008 755 1142 808 eunt,
1171 754 1312 795 nulla
1343 756 1419 795 est
1449 755 1500 796 in

178 811 449 865 angiporto
470 811 712 866 amphora
738 825 881 866 quam
906 825 1005 853 non
1029 811 1292 866 impleant,
1317 811 1499 866 quippe

110 868 162 909 16
178 869 260 922 qui
291 869 511 910 uesicam
543 869 741 923 plenam
772 869 878 910 uini
908 869 1140 912 habeant.
1208 870 1420 911 ueniunt
1450 871 1501 911 in

177 926 454 980 comitium,
485 926 668 968 tristes
693 927 870 969 iubent
894 927 1068 969 dicere.
1119 941 1324 981 quorum
1347 941 1498 982 nego-

177 984 303 1025 tium
334 987 411 1026 est
440 987 666 1038 narrant,
703 985 849 1026 iudex
878 987 1037 1027 testes
1067 985 1252 1039 poscit,
1291 985 1429 1038 ipsus
1460 985 1526 1027 iti

177 1042 429 1084 minctum.
490 1042 576 1084 ubi
619 1042 769 1097 redit,
811 1043 883 1084 ait
925 1057 974 1084 se
1017 1043 1182 1084 omnia
1226 1042 1500 1097 audiuisse,

176 1099 381 1141 tabulas
406 1100 591 1155 poscit,
622 1100 828 1142 litteras
858 1101 1087 1155 inspicit:
1118 1101 1202 1141 uix
1232 1114 1350 1154 prae
1381 1100 1526 1144 uino,

179 1158 400 1199 sustinet
448 1158 732 1212 palpebras.
811 1161 928 1199 eunt
975 1159 1026 1199 in
1073 1158 1353 1200 consilium.
1429 1158 1526 1207 ibi}

176 1214 298 1256 haec
340 1216 504 1258 oratio
545 1215 683 1270 ‘quid
722 1216 844 1257 mihi
883 1216 1080 1271 negotii
1120 1218 1196 1258 est
1236 1230 1343 1257 cum
1381 1216 1499 1258 istis

175 1273 534 1329 nugatoribus,
593 1274 712 1328 quin
771 1274 940 1328 potius
1001 1275 1232 1328 potamus
1286 1274 1497 1316 mulsum

177 1331 385 1372 mixtum
416 1331 532 1374 uino
565 1331 773 1386 Graeco,
814 1332 1002 1373 edimus
1033 1331 1232 1373 turdum
1263 1331 1499 1386 pinguem

176 1388 459 1444 bonumque
484 1389 690 1445 piscem,
720 1390 889 1444 lupum
917 1403 1220 1445 germanum,
1252 1390 1334 1443 qui
1365 1390 1500 1432 inter

109 1446 161 1487 17
178 1446 300 1488 duos
348 1450 528 1501 pontes
578 1450 754 1502 captus
803 1447 927 1489 fuit?
975 1448 1078 1490 haec
1126 1447 1275 1490 Titius.
1335 1447 1408 1489 sed
1455 1450 1499 1490 et

175 1503 411 1560 chlmvs,
449 1519 545 1547 acer
582 1508 624 1547 et
659 1506 871 1548 uiolentus
908 1508 1053 1572 poeta,
1093 1506 1278 1547 ostendit
1316 1505 1423 1547 scire
1454 1519 1515 1547 se

174 1562 286 1604 hunc
328 1563 487 1617 piscem
529 1564 692 1619 egregii
732 1564 912 1618 saporis,
954 1564 1026 1617 qui
1060 1564 1172 1605 inter
1207 1563 1311 1605 duos
1348 1565 1497 1617 pontes

176 1622 324 1674 captus
357 1623 484 1675 esset,
525 1635 702 1676 eumque
733 1622 855 1675 quasi
885 1621 1171 1676 ligurritorem
1204 1621 1521 1664 catillonem

176 1679 378 1733 appellat,
403 1679 563 1721 scilicet
582 1680 654 1733 qui
672 1680 861 1733 proxime
881 1680 994 1734 ripas
1021 1681 1182 1721 stercus
1207 1679 1499 1721 insectaretur.

173 1736 344 1790 proprie
369 1739 512 1778 autem
537 1737 756 1779 catillones
788 1737 1035 1779 dicebantur
1066 1737 1149 1791 qui,
1180 1736 1232 1778 ad
1263 1737 1510 1791 polluctum.

174 1793 372 1836 Herculis
419 1795 559 1836 ultimi
608 1809 701 1836 cum
749 1795 958 1849 uenirent,
1013 1794 1179 1837 catillos
1227 1794 1518 1850 ligurribanh

108 1853 160 1895 18
174 1850 326 1893 Lucilii
358 1866 504 1894 uersus
535 1852 580 1893 hi
612 1854 709 1894 sunt

270 1970 286 2000 1
315 1966 375 2001 sed
400 1966 504 2001 &mm
528 1965 649 2001 mores
667 1967 774 2002 iterat
798 1964 843 2000 B'
924 1970 946 2001 4
970 1965 1119 2001 hebnos
1139 1966 1174 2001 Β
1255 1969 1276 2000 5
1301 1965 1499 2002 aleartuofs

174 2011 221 2048 B'
314 2015 357 2047 15
383 2013 510 2048 dlcunt
534 2013 644 2048 ludex
668 2013 705 2048 P
782 2012 899 2057 lpsum
925 2012 971 2048 fit
995 2013 1030 2048 B
1116 2017 1157 2048 17
1183 2012 1310 2048 tabula
1336 2012 1371 2047 P
1479 2018 1499 2041 :2

173 2059 355 2103 palpebas
383 2057 682 2094 P'eunt1
712 2071 751 2094 1n
782 2059 930 2094 conr1l10
960 2059 1005 2104 P,
1042 2060 1145 2112 euntt
1173 2071 1212 2093 1n
1243 2057 1431 2094 consilium
1476 2063 1487 2088 ι’

174 2108 219 2140 20
244 2105 443 2149 nugatibus
469 2116 559 2141 corr.
584 2107 625 2141 in
648 2117 724 2150 nug
726 2105 853 2140 acibus
875 2106 911 2140 P
1020 2105 1109 2150 quin
1131 2098 1253 2150 potius
1280 2105 1454 2150 Maduiqi

174 2152 223 2187 ad
243 2151 670 2195 oio.fin.11118,20:
706 2151 830 2207 potius
856 2152 980 2196 (potus
999 2152 1060 2196 B‘)
1091 2163 1200 2197 quam
1230 2151 1305 2186 BP
1434 2161 1438 2165 ’

172 2197 322 2260 turdum
347 2198 384 2233 P
470 2202 513 2234 23
539 2198 645 2244 potes
667 2198 704 2233 P
808 2202 854 2233 24
877 2198 1012 2234 luchus
1034 2196 1083 2233 P'
1174 2202 1219 2234 26
1246 2197 1425 2233 catrlloest
1463 2201 1525 2241 ι’έ,

174 2270 218 2302 28
236 2268 442 2314 polluctum
466 2268 502 2303 B
574 2272 619 2304 29
644 2267 766 2303 ult1m1
791 2269 1029 2304 conuenirent
1054 2268 1138 2304 BP'
