1526 2444
483 68 551 105 V11
577 71 717 104 17-20
754 67 841 104 V111
867 71 958 103 1—7
1309 66 1396 108 437

166 175 225 219 Et
255 175 453 220 Disarius
492 175 614 220 ‘inde
650 177 732 219 hoc
769 190 904 232 genus
944 175 1029 218 cibi
1067 175 1240 218 difficile
1281 174 1440 231 diga-2

47 236 169 290 ritur,
224 235 336 278 unde
390 238 537 292 putas,
592 236 631 278 ei
681 235 968 292 digestionem
1019 238 1118 278 ante
1168 233 1399 290 prouisam.

49 295 206 337 leuitas
236 294 349 336 enim
359 328 372 350 ,
401 309 530 350 quam
561 295 719 337 tritura
750 297 962 352 praestat,
998 294 1122 349 facit,
1152 296 1202 336 ut
1231 293 1402 336 innatet

50 354 134 396 udo
172 353 288 408 cibo,
327 369 453 409 quem
490 355 537 396 in
574 354 717 397 medio
753 354 918 397 uentris
950 353 1187 407 inuenerit,
1217 367 1296 395 nec
1328 352 1401 395 ad-

14 429 31 455 5
51 413 228 456 haereat
264 414 351 455 cuti
380 413 564 469 uentris,
603 414 654 456 de
687 414 806 456 cuius
839 414 983 456 calore
1015 412 1199 468 digestio
1231 426 1400 465 promo-

55 474 190 514 uetur.
260 472 321 514 sic
365 475 408 514 et
449 487 550 515 mox
592 473 744 515 tritum
790 475 917 528 atque
953 473 1187 514 formatum
1226 485 1322 514 cum
1358 471 1442 514 in3

58 545 214 586 aquam
243 531 433 587 coicitur,
457 534 592 575 natat.
649 546 699 574 ex
732 546 815 587 quo
840 531 1121 587 intellegitur,
1152 531 1266 585 quod
1290 530 1402 573 idem

57 590 217 632 faciens
267 591 313 632 in
362 591 528 633 uentris
577 591 756 634 humore
807 591 1006 633 subducit
1055 604 1099 632 se
1150 590 1403 646 digestionis

56 649 323 704 necessitati,
360 652 403 692 et
439 652 529 692 tam
567 665 662 693 sero
700 651 788 692 illic
823 650 1037 705 coquitur,
1077 663 1206 704 quam
1237 649 1404 691 tardius

4 724 40 752 10
59 708 343 751 conficiuntur
379 723 489 764 quae
526 724 686 764 uapore
722 723 858 764 aquae
889 723 1018 764 quam
1052 722 1160 763 quae
1191 709 1291 763 igne
1321 708 1404 750 sol-

52 771 226 810 uuntur.
301 767 452 810 deinde
503 768 604 810 dum
653 768 890 810 instantius
939 769 1109 822 teritur,
1159 767 1320 808 multus
1365 767 1404 808 ei

53 826 181 868 flatus
225 826 481 878 inuoluitur,
526 827 600 882 qui
641 827 761 882 prius
804 827 848 868 in
892 828 1043 869 uentre
1086 826 1404 868 consumendus

56 888 136 939 est,-
159 887 208 927 ut
231 887 325 926 tum
350 886 523 928 demum
550 886 812 941 conficiatur,
838 886 952 941 quod
977 885 1187 928 remansit
1206 885 1257 927 de
1277 900 1404 927 carne

52 944 138 986 iam
170 943 382 986 liberum?

0 1017 32 1058 16
170 1001 287 1045 ‘Hoc
337 1017 507 1058 quoque
562 1003 670 1046 scire
715 1018 822 1046 aueo
888 1003 1045 1046 Furius
1089 1004 1230 1058 inquit
1295 1005 1446 1059 quae4

0 1070 7 1082 ²
52 1062 185 1104 faciat
236 1076 382 1117 causa,
430 1077 518 1105 non
568 1063 711 1105 nullos
756 1077 907 1105 carnes
953 1063 1187 1105 ualidiores
1230 1062 1404 1105 facilius

53 1121 249 1174 digerere
287 1136 417 1176 quam
454 1122 635 1164 tenues?
696 1137 798 1165 nam
831 1137 926 1165 cum
958 1122 1045 1165 cito
1076 1124 1265 1177 coquant
1296 1122 1404 1164 offas

53 1180 259 1235 bubulas,
302 1180 347 1223 in
394 1181 558 1236 asperis
596 1181 786 1235 piscibus
825 1181 1140 1237 concoquendis
1178 1180 1403 1224 laborant.³

54 1238 120 1281 ‘in
157 1238 247 1281 his'
281 1238 478 1282 Disarius
516 1239 579 1282 ait
611 1239 758 1282 ‘huius
796 1241 858 1282 rei
898 1244 1049 1283 auctor
1086 1243 1154 1283 est
1189 1240 1324 1283 nimia
1355 1241 1443 1284 1115

0 1298 229 1354 sohomine
267 1299 334 1341 uis
366 1299 538 1341 caloris:
577 1313 684 1354 quae
718 1300 754 1341 si
784 1299 982 1342 idoneam
1014 1301 1238 1342 materiem
1271 1301 1402 1342 susci—

2 1398 4 1402 .
52 1358 138 1413 pit,
169 1357 302 1399 libere
336 1358 588 1413 suscipitur,
619 1358 753 1400 libere
787 1358 1084 1414 congreditur,
1116 1362 1158 1400 et
1190 1359 1275 1401 cito
1309 1373 1404 1401 eam

52 1418 98 1458 in
136 1417 456 1459 concertatione
495 1418 728 1472 consumit,
767 1418 907 1460 leuem
946 1418 1072 1460 modo
1110 1418 1321 1472 praeterit
1357 1421 1405 1460 ut

6 1529 12 1533 »
52 1475 279 1531 latentem,
324 1476 450 1518 modo
494 1476 541 1517 in
586 1477 771 1519 cinerem
817 1477 964 1532 potius
1004 1491 1134 1532 quam
1171 1477 1217 1519 in
1255 1491 1405 1519 sucum

52 1535 184 1577 uertit
214 1537 263 1576 ut
291 1534 486 1591 ingentia
509 1536 669 1578 robora
700 1536 745 1578 in
778 1536 1013 1578 carbonum
1044 1536 1184 1578 frusta
1214 1537 1404 1579 lucentia

2 1594 155 1650 pigne
192 1596 438 1651 uertuntur,
479 1595 628 1651 paleae
673 1596 710 1637 si
746 1595 792 1636 in
829 1596 976 1651 ignem
1014 1595 1260 1650 ceciderint,
1304 1610 1404 1638 mox

55 1653 193 1695 solum
237 1653 289 1695 de
333 1654 394 1696 eis
439 1654 624 1696 cinerem
668 1656 805 1697 restat
848 1654 995 1697 uideri.
1061 1654 1197 1696 habes
1240 1657 1286 1696 et
1321 1654 1444 1699 11066

831 1003 844 1021 5
1272 1002 1284 1021 Q

55 1712 297 1767 exemplum
341 1727 429 1755 non
473 1714 693 1756 dissonum
738 1714 851 1768 quod
896 1713 1115 1768 potentior
1158 1714 1276 1756 mola
1314 1728 1403 1756 am-

54 1771 197 1826 pliora
227 1785 363 1827 grana
395 1773 647 1828 confringit,
678 1773 850 1840 integra
880 1772 970 1827 illa,
1003 1787 1111 1828 quae
1142 1777 1246 1815 sunt
1268 1774 1404 1815 minu-

54 1831 185 1884 tiora,
235 1831 516 1873 transmittit:
567 1834 696 1874 uento
746 1832 879 1874 nimio
931 1831 1049 1874 abies
1100 1834 1175 1874 aut
1223 1846 1402 1888 quercus

0 1900 44 1939 m
60 1890 272 1945 auellitur,
302 1905 483 1932 cannam
515 1891 636 1932 nulla
667 1891 791 1933 facile
823 1890 988 1947 frangit
1018 1890 1237 1959 procella?

174 1947 365 2004 Cumque
384 1948 538 1992 Furius
564 1949 800 1992 delectatus
820 1951 1062 1993 enarrantis
1082 1951 1256 2006 ingenio
1277 1951 1402 2005 plura
1420 1954 1443 1994 7

0 1999 3 2059 ἦ
55 2007 189 2050 uellet
226 2008 509 2064 interrogare,
555 2007 742 2051 Caecina.
779 2023 822 2051 se
860 2008 1047 2052 Albinus
1085 2009 1245 2053 obiecit
1282 2009 1404 2051 mihi

0 2070 5 2113 g
57 2081 224 2122 quoque
257 2067 515 2110 desiderium
548 2070 615 2110 est
644 2068 832 2111 habendi
863 2069 1081 2124 paulisper
1111 2070 1276 2125 negotii
1305 2084 1403 2111 cum

150 2222 173 2252 4
197 2218 270 2263 udo
296 2229 362 2255 om.
389 2219 427 2255 P
525 2220 546 2254 5
573 2219 695 2256 caloro
722 2217 769 2255 P'
878 2223 899 2255 6
924 2220 1076 2255 firmata
1107 2221 1143 2254 P
1251 2225 1294 2256 10
1321 2232 1406 2257 con-

5 2261 8 2298 ἓ
57 2264 182 2301 ficitur
206 2266 243 2301 P
349 2269 392 2301 13
419 2267 464 2302 de
490 2277 599 2302 carne
624 2278 690 2303 om.
718 2267 755 2303 P
859 2271 905 2303 20
931 2267 1093 2303 homlnls
1114 2268 1151 2302 P
1254 2273 1300 2304 24
1326 2279 1405 2305 car-

7 2318 9 2322 ‘
57 2310 152 2348 bone
178 2312 311 2348 frustra
335 2314 373 2349 P
443 2317 489 2349 28
515 2324 634 2359 grana
658 2315 861 2360 confringit
883 2316 925 2351 in
949 2326 1022 2351 ras.
1048 2316 1089 2350 i‘n
1115 2315 1152 2349 P
