1526 2444
0 0 21 118 ἑ
482 53 568 91 XIII
593 56 733 89 40-41
772 52 878 89 XIIII
906 56 997 89 1-6
1333 53 1416 96 307

0 130 13 153 r
69 166 114 207 et
145 163 315 219 similia,
346 159 530 219 λαγαροὶ
562 163 717 217 autem,
749 162 823 218 qui
854 162 899 204 in
930 161 1071 204 medio
1103 175 1233 204 uersu
1263 162 1416 205 breues
1432 164 1459 206 3

0 220 10 239 ⁵²
69 223 262 278 syllabas
293 235 372 278 pro
405 221 548 277 longis
578 220 743 263 habent

353 305 397 346 ei:
427 303 554 346 duros
588 303 709 346 obice
740 306 900 358 postes.

128 363 358 406 concilium
388 363 482 418 ipse
513 365 638 417 pater
670 366 713 405 et
744 376 902 418 magna
934 363 1108 418 incepta
1138 361 1334 405 Latinus.

2 439 48 503 ἑὸ
68 444 486 501 ὑπερκαταληκτικοὶ
518 445 691 500 syllaba
722 445 941 501 longiores
974 449 1075 488 sunt
1429 446 1459 490 4

4 523 6 525 ’
352 528 457 584 quin
487 528 688 583 protinus
721 528 866 570 omnia

12 691 13 694 ,
67 591 111 630 et
349 645 546 688 Vulcano
580 645 779 701 decoquit
810 646 1037 689 humorem

13 781 48 808 ιο
67 706 110 866 ΘΣ
352 778 527 819 spumas
565 763 750 806 miscenss
787 763 957 819 argenti
991 763 1178 819 uinaque
1209 762 1418 818 sulphura

65 837 87 865 e
596 836 605 847 .

349 881 524 923 arbutus
555 880 744 924 horrida.

66 965 168 1006 sunt
211 963 325 1019 apud
363 963 599 1007 Homerum
641 978 791 1005 uersus
835 963 972 1006 uulsis
1017 978 1067 1006 ac
1103 963 1214 1006 rasis
1254 963 1458 1009 similes5

12 1053 21 1063 ,,
66 1025 109 1066 et
138 1023 247 1065 nihil
279 1023 522 1065 differentes
549 1024 603 1065 ab
631 1037 711 1065 usu
736 1022 952 1078 loquendi.
1008 1023 1088 1065 hos
1117 1037 1284 1079 quoque
1309 1026 1415 1065 tam-

0 1087 50 1130 ιο
67 1097 197 1138 quam
227 1082 398 1125 heroice
429 1082 676 1137 incomptos
709 1082 929 1124 adamauit

124 1165 283 1215 ἵππους
314 1162 362 1207 δὲ
393 1163 560 1215 ξανθὰς
591 1162 747 1207 ἑκατὸν
778 1162 851 1206 καὶ
882 1165 1154 1218 πεντήκοντα

122 1223 264 1274 πάσας
292 1225 486 1279 θηλείας.

125 1283 271 1326 omnia
300 1284 444 1325 uincifi
467 1283 603 1325 Amor
634 1285 677 1324 et
707 1297 787 1325 nos
821 1282 1020 1324 cedamus
1053 1283 1202 1325 Amori
1226 1307 1274 1312 -—

124 1341 263 1384 nudus
294 1342 340 1384 in
370 1342 522 1398 ignota
553 1341 756 1384 Palinure
787 1341 947 1384 iacebis
978 1341 1152 1383 harena.

0 1419 48 1464 ὲιο
67 1426 168 1466 sunt
199 1438 405 1467 amoenae
435 1424 730 1479 repetitiones,
762 1439 869 1480 quas
900 1438 988 1465 non
1018 1423 1134 1479 fugit
1429 1431 1454 1472 6

349 1507 423 1549 ἅτε
453 1505 677 1563 παρθένος
707 1507 858 1561 ἠιθεός
888 1521 934 1548 τε

123 1564 348 1621 παρθένος
378 1565 530 1620 ἠιθεός
560 1563 596 1608 τ’
635 1566 858 1621 ὀαρίζετον
889 1564 1128 1620 ἀλλήλοιιν.

124 1624 218 1666 Pan
250 1625 380 1667 etiam
413 1625 600 1668 Arcadia
631 1640 799 1667 mecum
832 1625 868 1667 si
899 1625 1037 1669 iudice
1070 1626 1206 1666 certet

123 1683 216 1725 Pan
248 1683 379 1726 etiam
411 1684 598 1726 Arcadia
629 1684 740 1726 dicet
772 1698 817 1726 se
848 1683 988 1726 iudice
1020 1683 1198 1726 uicium.

6 1855 8 1874 ὴ
30 1852 32 1854 ’
160 1839 180 1870 3
205 1835 295 1871 Aen.
323 1835 373 1871 XI
399 1838 467 1871 890
553 1839 574 1871 4
600 1836 649 1871 ib.
675 1834 726 1869 XI
751 1839 819 1870 469
900 1839 920 1870 6
947 1835 994 1871 ib.
1021 1834 1073 1870 VI
1099 1837 1143 1870 33
1230 1838 1251 1870 8
1277 1834 1411 1880 Georg.

6 1879 9 1913 Ξ
64 1880 81 1915 Ι
106 1885 173 1917 295
268 1886 312 1918 10
336 1882 384 1918 ib.
413 1882 464 1918 ΠΙ
489 1886 558 1918 449
659 1887 701 1918 12
727 1883 775 1919 ib.
803 1882 837 1916 II
863 1886 907 1918 69
1007 1886 1050 1917 16
1076 1882 1119 1919 Il.
1145 1883 1173 1918 Λ
1199 1885 1268 1918 680
1367 1886 1410 1918 18

8 1928 9 1940 ³
63 1929 240 2013 ffilIog5.8X
266 1933 309 1966 69
421 1934 463 1966 19
497 1929 588 1965 Aen.
613 1930 646 1964 V
673 1933 740 1966 871
851 1933 894 1964 21
922 1929 962 1964 Il.
989 1931 1017 1965 Χ
1044 1933 1111 1965 127
1221 1933 1266 1965 ‘23
1294 1930 1410 1976 eclog.

161 2122 178 2153 1
204 2117 320 2155 beuer
339 2117 388 2154 P'
459 2154 462 2157 ,
492 2122 512 2154 2
539 2118 690 2154 sillabas
710 2118 747 2154 P
840 2122 861 2153 ὅ
887 2117 1018 2154 fillaba
1044 2118 1081 2152 P
1177 2122 1196 2154 7
1223 2119 1262 2153 et
1286 2129 1353 2155 om.
1380 2119 1415 2154 P

67 2167 111 2200 10
135 2168 282 2212 argentl
304 2165 459 2202 miscent
482 2166 520 2201 P
590 2169 633 2201 16
659 2165 734 2212 καί]
764 2167 788 2201 Κ
813 2165 858 2210 Ρ,
883 2166 1014 2202 demde
1037 2165 1355 2212 ΠΕΝΤΕΙΚΟΝΤΑ
1378 2166 1414 2200 Ρ

64 2248 241 2284 Tenem(
272 2248 308 2283 Ρ
423 2252 469 2283 2ο
502 2259 634 2296 amque
666 2249 703 2284 P
819 2252 861 2283 21
894 2247 999 2284 ΠΛΡ
995 2248 1154 2295 ΦεΝοε
1186 2248 1414 2284 ΗιοεοεΡ

12 2299 14 2346 ς
66 2285 110 2330 22·
133 2290 392 2332 ΠΑΡοεΝεε
421 2295 565 2332 mosoc
590 2296 627 2331 P
702 2295 774 2342 τε]
800 2296 838 2331 Π
863 2296 900 2330 Ρ
976 2301 1020 2332 23
1047 2299 1079 2332 et
1105 2300 1151 2331 24
1176 2296 1353 2332 monacha
1377 2295 1415 2329 Ρ

1053 2353 1127 2391 20*
