1526 2444
162 58 246 100 528
459 58 606 95 COMM.
631 58 685 94 IN
709 57 850 94 SOMN.
877 57 989 94 SCIP.
1012 58 1140 93 LIBRI
1164 58 1181 92 I

160 166 205 206 in
243 165 490 219 corporibus
527 178 636 219 esse,
672 165 716 206 id
750 166 816 206 est
845 179 931 206 non
962 179 986 206 a
1017 163 1266 218 corporibus
1297 163 1482 218 incipere

162 223 371 276 dixerunt,
403 222 475 264 sed
500 225 658 265 certam
683 223 828 264 mundi
852 222 976 264 istius
1002 225 1165 277 partem
1189 221 1302 263 Ditis
1328 221 1480 276 sedem,

161 281 203 322 id
235 284 300 322 est
330 280 501 332 inferos,
531 284 805 322 uocauerunt:
837 281 886 322 de
917 280 999 322 loci
1030 294 1130 321 uero
1161 279 1295 333 ipsius
1326 279 1480 320 finibus

160 339 272 379 inter
310 352 354 379 se
394 338 566 379 dissona
595 338 878 392 publicarunt,
914 340 957 379 et
985 338 1028 378 in
1059 340 1146 379 tres
1179 340 1313 379 sectas
1346 337 1482 379 diuisa

121 396 371 438 bsententia
407 398 482 437 est.
543 396 618 437 alii
654 395 766 437 enim
801 396 1003 436 mundum
1040 395 1084 436 in
1121 394 1203 436 duo
1236 395 1481 448 diuiserunt,
1516 407 1526 434 ε

162 468 339 508 quorum
371 453 551 495 alterum
582 453 697 506 facit,
729 454 907 494 alterum
931 453 1111 507 patitur:
1144 454 1186 493 et
1213 452 1318 493 illud
1342 452 1480 494 facere

162 512 372 565 dixerunt,
412 511 523 566 quod
561 526 656 552 cum
694 512 751 552 sit
787 511 1055 564 inmutabile,
1093 510 1215 551 alteri
1253 524 1401 552 causas
1438 512 1481 551 et

160 570 454 611 necessitatem
498 569 823 622 permutationis
867 568 1050 622 inponit:
1092 568 1173 609 hoc
1215 568 1326 623 pati,
1368 567 1479 621 quod

120 628 234 681 6per
287 627 543 668 mutationes
592 628 794 668 uariatur.
868 629 910 667 et
966 626 1260 667 inmutabilem
1309 625 1480 679 quidem

159 685 303 726 mundi
334 687 500 739 partem
532 700 556 726 a
582 685 774 739 sphaera,
805 698 912 739 quae
938 683 1130 738 ἀπλανής
1155 683 1318 737 dicitur,
1348 696 1479 737 usque
1499 694 1526 721 ιε

159 744 212 784 ad
243 743 361 798 globi
393 742 553 784 lunaris
585 742 815 797 exordium,
845 743 1094 783 mutabilem
1125 754 1225 782 uero
1252 755 1277 782 a
1300 741 1402 782 luna
1427 740 1480 781 ad

157 804 293 842 terras
330 814 462 854 usque
502 800 713 842 dixerunt:
751 803 793 841 et
822 800 964 841 uiuere
996 799 1175 852 animas,
1212 798 1311 840 dum
1341 799 1385 839 in
1416 797 1480 839 in-

158 858 354 900 mutabili
384 861 504 912 parte
532 858 781 910 consistunt,
812 858 920 899 mori
948 860 1090 898 autem
1116 871 1209 898 cum
1236 856 1288 897 ad
1312 859 1479 910 partem

158 916 387 958 ceciderint
428 915 753 970 permutationis
797 929 1014 969 capacem,
1064 917 1189 969 atque
1231 914 1325 955 ideo
1369 913 1479 954 inter

157 975 301 1015 lunam
343 977 562 1028 terrasque
606 974 745 1014 locum
782 973 931 1015 mortis
969 976 1012 1013 et
1047 972 1278 1013 inferorum
1315 971 1476 1013 uocari:
1498 982 1526 1022 15

157 1033 379 1086 ipsamque
416 1032 559 1073 lunam
596 1031 711 1072 uitae
749 1044 840 1072 esse
877 1030 1110 1084 mortisque
1148 1030 1393 1080 confinium,
1436 1031 1480 1070 et

158 1090 321 1131 animas
353 1089 450 1131 inde
480 1089 526 1131 in
556 1091 711 1130 terram
742 1088 920 1129 fluentes
951 1089 1079 1140 mori,
1115 1087 1211 1128 inde
1243 1087 1295 1128 ad
1327 1100 1478 1140 supera

156 1149 346 1189 meantes
383 1148 426 1188 in
463 1148 596 1188 uitam
634 1147 807 1200 reuerti,
843 1159 920 1187 nec
953 1146 1170 1198 inmerito,
1206 1145 1477 1186 aestimatum

158 1207 234 1247 est.
296 1220 320 1246 a
351 1205 454 1247 luna
484 1205 598 1246 enim
629 1205 825 1246 deorsum
855 1206 1009 1245 natura
1032 1202 1183 1257 incipit
1209 1203 1476 1244 caducorum:

158 1264 211 1305 ab
249 1263 329 1304 hac
366 1263 531 1304 animae
570 1263 646 1303 sub
684 1276 907 1303 numerum
945 1261 1106 1303 dierum
1144 1260 1291 1302 cadere
1322 1262 1366 1301 et
1396 1259 1474 1300 sub
1494 1270 1526 1296 2⁰

119 1322 325 1375 7tempus
367 1320 589 1374 incipiunt.
657 1319 835 1374 denique
877 1319 997 1360 illam
1042 1319 1274 1360 aetheriam
1316 1320 1475 1359 terram

156 1378 323 1432 physici
346 1380 618 1432 uocauerunt,
643 1380 685 1419 et
708 1377 973 1419 habitatores
999 1377 1087 1418 eius
1108 1377 1277 1418 lunares
1296 1375 1476 1430 populos

155 1439 466 1490 nuncuparunt,
498 1436 610 1490 quod
640 1436 703 1477 ita
729 1450 820 1477 esse
846 1435 1039 1488 plurimis
1066 1434 1338 1489 argumentis,
1369 1445 1475 1487 quae

155 1508 266 1535 nunc
297 1495 473 1548 longum
505 1496 571 1535 est
601 1507 859 1547 enumerare,
890 1493 1134 1535 docuerunt.
1193 1506 1270 1533 nee
1301 1491 1476 1532 dubium

157 1556 238 1603 est,
276 1552 378 1606 quin
415 1552 510 1605 ipsa
546 1552 602 1592 sit
637 1551 882 1592 mortalium
920 1565 1143 1605 corporum
1180 1552 1224 1591 et
1253 1551 1401 1591 auctor
1432 1549 1476 1589 et
1493 1557 1526 1599 ²⁵.

156 1610 367 1651 conditrix
397 1610 514 1660 adeo,
544 1611 593 1650 ut
622 1623 708 1650 non
738 1609 857 1650 nulla
887 1623 1064 1663 corpora
1089 1608 1166 1649 sub
1190 1607 1362 1648 luminis
1387 1606 1474 1648 eius

157 1682 327 1710 accessu
364 1668 585 1721 patiantur
622 1670 867 1722 augmenta,
903 1669 945 1708 et
981 1667 1061 1708 hac
1098 1666 1361 1707 decrescente
1398 1663 1475 1705 mi-

155 1728 352 1768 nuantur.
412 1726 483 1767 sed
527 1739 580 1767 ne
625 1725 674 1766 de
711 1739 757 1766 re
794 1724 1019 1766 manifesta
1056 1723 1274 1765 fastidium
1311 1721 1475 1776 prolixa
1519 1750 1522 1751 ν

156 1784 393 1825 adsertione
425 1786 664 1838 generetur,
702 1783 754 1824 ad
793 1797 858 1833 ea,
896 1796 1002 1836 quae
1039 1782 1089 1822 de
1119 1781 1351 1822 inferorum
1382 1780 1473 1821 loco
1520 1808 1526 1814 -

1512 1859 1526 1914 ἐ

251 1935 268 1965 1
296 1932 366 1967 esse
388 1953 428 1958 —-
450 1932 663 1977 corporibus
682 1942 747 1968 om.
774 1929 821 1965 P'
889 1935 909 1965 3
934 1929 1138 1966 **fin1bus
1157 1929 1193 1964 P
1261 1932 1281 1963 ‘1
1306 1929 1474 1963 immuta·
1515 1914 1526 1955 ἶ

153 1978 227 2012 bile
253 1978 321 2012 PB
393 1982 414 2012 8
438 1980 595 2024 imponlt
612 1979 681 2023 ΡΒ
754 1981 796 2012 10
821 1976 973 2021 aplanes
992 1976 1061 2011 PB
1140 1979 1182 2010 12
1208 1975 1294 2009 dum
1317 1974 1475 2010 immita-

152 2024 221 2060 bih
245 2024 282 2059 B
370 2024 591 2059 immutabili
617 2025 654 2059 P
734 2028 776 2059 17
800 2024 884 2058 inde
910 2034 975 2058 om.
1001 2023 1038 2056 Β
1129 2025 1171 2058 18
1195 2033 1262 2056 nec
1280 2032 1321 2066 p,
1345 2030 1418 2054 nen
1442 2019 1480 2054 Ρ

156 2074 199 2105 19
223 2072 357 2106 natura
380 2075 412 2106 et
437 2074 481 2105 20
505 2081 649 2106 animae
671 2070 735 2105 sub
761 2074 793 2105 et
818 2072 856 2105 et
879 2069 942 2104 sub
967 2069 1113 2113 tempus
1132 2069 1313 2113 incipiunt
1338 2076 1474 2102 euanu-

153 2120 259 2153 erwnt
282 2118 324 2152 in
347 2118 383 2151 Β
490 2121 534 2152 20
558 2121 708 2152 nemersi
733 2113 780 2152 1³¹
889 2119 933 2151 22
959 2115 1089 2160 phisici
1114 2115 1182 2150 PB
1294 2118 1338 2148 23
1364 2123 1475 2147 nunc-

154 2167 268 2208 cupa?
295 2175 385 2200 corr.
411 2175 454 2200 ex
472 2163 713 2209 nunccupar&
732 2164 773 2199 in
791 2163 828 2198 Β
899 2173 962 2205 qui
981 2162 1035 2197 1ta
1053 2161 1106 2197 est
1123 2158 1169 2196 B'
1241 2163 1285 2195 25
1305 2170 1407 2204 quim
1428 2155 1473 2192 Ρ’

154 2211 198 2244 26
223 2212 248 2243 ᾗ
272 2210 351 2244 ulla
375 2211 411 2246 Β
493 2213 537 2245 27
562 2210 631 2246 hoc
659 2210 730 2245 ΡΒ
813 2212 857 2245 29
883 2208 1075 2245 assertione
1099 2208 1135 2243 Β
1217 2207 1410 2252 generetur
1433 2215 1476 2240 m

153 2267 224 2292 ras.
250 2258 291 2292 in
315 2257 350 2291 B
