1526 2444
64 505 123 547 20

68 932 122 972 21

68 1104 126 1145 22

69 1531 128 1573 23

133 88 219 129 290
615 85 717 121 SAT.
743 84 871 119 LIBRI
895 83 928 118 V

134 208 229 235 rum
267 194 392 246 atque
423 193 650 245 terrarum,
687 205 793 246 quae
825 190 961 243 alunt,
997 202 1124 243 quam
1154 189 1307 243 ipsius,
1344 186 1455 240 quod

135 251 306 300 iacitur,
344 249 534 302 seminis,
571 263 620 290 ac
651 262 776 302 saepe
807 247 950 289 uideas
980 247 1136 287 laetam
1167 247 1456 299 nitentemque
1523 258 1526 262 ‘

136 308 342 361 arborem,
373 307 409 348 si
433 306 479 347 in
503 307 641 348 locum
667 306 848 348 alterum
872 304 1166 358 transferatur,
1197 318 1295 346 suco
1320 306 1456 344 terrae
1524 307 1526 311 '

137 365 357 407 deterioris
401 364 653 419 elanguisse.
720 363 772 405 ad
817 362 1099 404 criminandos
1141 362 1276 417 igitur
1318 374 1456 402 mores
1520 372 1526 396 ³

136 423 269 464 defuit
298 421 497 476 Homero,
529 421 639 475 quod
669 420 885 475 Vergilius
919 419 1072 461 adiecit

193 517 279 545 non
309 505 398 544 tam
429 502 682 556 praecipites
712 501 856 555 biiugo
888 500 1117 542 certamine
1148 514 1344 554 campum

194 561 431 615 corripuere
462 563 671 614 ruuntque
703 559 823 600 effusi
854 572 1017 599 carcere
1049 571 1210 599 currus:

193 633 271 660 nec
302 619 360 659 sic
391 617 593 658 immissis
625 617 797 670 aurigae
827 615 1033 656 undantia
1064 615 1156 656 lora

194 690 440 718 concussere
470 675 583 729 iugis
614 675 817 728 pronique
848 674 894 714 in
923 674 1099 714 uerbera
1129 673 1325 726 pendent.

194 733 239 775 οἱ
267 732 304 774 δ’
342 733 400 782 ὡς
430 732 477 773 ἐν
507 733 640 787 πεδίῳ
672 731 894 785 τετράοροι
925 731 1102 781 ἄρσενες
1131 731 1269 784 ἵπποι,

193 791 349 840 πάντες
379 788 705 844 ἀφορμηθέντες
736 789 819 831 ὑπὸ
850 793 1064 842 πληγῇσιν
1096 789 1324 842 ἱμάσθλης,

195 846 323 900 ὑψόσ’
360 847 604 902 ἀειρόμενοι
636 847 775 901 ῥίμφα
805 849 1047 900 πρήσσουσι
1078 846 1276 888 κέλευθα.

139 929 292 971 Graius
335 931 462 982 poeta
503 942 706 982 equorum
747 930 915 968 tantum
957 927 1148 968 meminit
1189 928 1321 981 flagro
1368 929 1456 969 ani-
1523 957 1526 960 <

140 988 283 1028 mante
326 985 602 1040 currentium,
649 986 748 1026 licet
792 985 873 1026 dici
915 999 1002 1026 non
1043 985 1179 1038 possit
1222 986 1456 1039 elegantius

141 1059 268 1100 quam
311 1044 421 1098 quod
465 1043 617 1085 adiecit
657 1040 786 1093 ὑψόσ’
822 1041 1088 1097 ἀειρόμενοι,
1132 1057 1214 1096 quo
1252 1043 1458 1098 expressit
1479 1041 1526 1099 ¹⁵⁸2

140 1104 344 1156 quantum
373 1103 527 1143 natura
558 1101 656 1142 dare
682 1102 847 1154 poterat
870 1100 1075 1153 impetum
1101 1114 1258 1142 cursus.
1312 1116 1459 1142 uerum
1523 1111 1526 1151 ζ

139 1159 258 1202 Maro
303 1161 345 1200 et
387 1173 534 1200 currus
578 1159 627 1199 de
672 1172 836 1199 carcere
872 1160 1042 1198 ruentes
1081 1160 1124 1199 et
1161 1171 1331 1212 campos
1369 1173 1458 1200 cor-

139 1217 330 1273 ripiendo
350 1217 602 1271 praecipites
622 1217 730 1256 mira
750 1215 965 1256 celeritate
984 1215 1215 1270 descripsit,
1234 1218 1277 1256 et
1289 1218 1460 1270 accepto

140 1276 257 1316 breui
295 1274 456 1316 semine
490 1275 540 1315 de
570 1273 797 1315 Homerico
829 1272 962 1327 flagro
994 1273 1132 1326 pinxit
1163 1273 1332 1328 aurigas
1363 1288 1459 1315 con—

1476 740 1526 786 1⁰}

141 1333 348 1374 cutientes
373 1333 465 1373 lora
489 1331 696 1373 undantia
721 1333 763 1371 et
782 1344 938 1384 pronos
958 1331 1001 1371 in
1021 1331 1198 1372 uerbera
1215 1332 1462 1386 pendentes:
1482 1323 1526 1388 20}

141 1404 217 1431 nec
252 1391 382 1431 ullam
421 1389 722 1444 quadrigarum
758 1390 923 1442 partem
959 1389 1162 1430 intactam
1192 1389 1379 1443 reliquit,
1415 1393 1465 1430 ut

142 1451 251 1490 esset
280 1448 346 1488 illi
377 1447 620 1489 certaminis
651 1447 778 1500 plena
810 1445 1046 1500 descriptio.

420 1541 577 1582 magno
609 1527 742 1568 ueluti
774 1541 869 1568 cum
900 1526 1068 1567 flamma
1098 1541 1250 1569 sonore

200 1587 346 1641 uirgea
378 1585 621 1640 suggeritur
651 1584 781 1626 costis
814 1584 1014 1625 undantis
1047 1585 1152 1639 aeni,

201 1645 495 1697 exsultantque
527 1645 646 1683 aestu
676 1643 837 1694 latices,
866 1642 970 1682 furit
1000 1641 1115 1683 intus
1147 1656 1280 1696 aquae
1312 1643 1391 1694 uis,

200 1701 387 1743 fumidus
420 1704 546 1755 atque
577 1701 661 1741 alte
693 1701 854 1754 spumis
887 1699 1090 1740 exuberat
1120 1700 1266 1741 amnis.

201 1774 277 1800 nec
308 1760 393 1800 iam
425 1773 468 1799 se
500 1759 614 1811 capit
644 1758 773 1799 unda:
811 1757 929 1798 uolat
958 1771 1092 1810 uapor
1122 1760 1213 1799 ater
1245 1758 1296 1798 ad
1328 1772 1464 1800 auras.

238 1923 258 1953 6
282 1919 371 1953 Aen.
396 1917 429 1952 V
457 1920 521 1951 144
607 1919 648 1951 10
674 1917 739 1952 Od.
764 1929 784 1951 ν
811 1920 854 1951 81
936 1919 979 1951 23
1005 1917 1092 1951 Aen.
1118 1917 1186 1951 VH
1211 1921 1277 1952 462

1482 1648 1526 1691 253

241 2073 282 2102 10
309 2068 458 2102 ωΟΤΕΝ
485 2068 522 2102 P
619 2067 842 2101 ΤΕΙΡΑΟΡΟΙ
870 2067 906 2100 Ρ
996 2068 1179 2102 ΠΔΝΤΗΕ
1203 2068 1239 2101 Ρ
1329 2070 1464 2104 ΛΦΟΡ-
1512 2091 1515 2093 -

147 2115 298 2150 ΜΗΘΕΕ
330 2115 366 2148 Ρ
483 2117 523 2148 11
557 2113 776 2147 ΙΜΔΕΟΛΗΕ
797 2131 803 2139 ·
823 2114 971 2148 ΥΨΟΡΕ
996 2114 1032 2147 Ρ
1147 2114 1466 2159 ΡΙΜΙΦΛΔΠΡΗΕ-

148 2162 262 2196 ΕΥΕΥ
288 2161 324 2194 Ρ
415 2163 458 2194 15
486 2159 621 2194 adieclt
645 2170 708 2194 om.
737 2159 773 2192 P
861 2159 1009 2194 ΥΨΟΡ(
1033 2160 1069 2193 Ρ
1157 2164 1198 2194 16
1224 2171 1346 2196 cursus
1374 2160 1465 2196 Can-

147 2208 294 2251 tabriyae
320 2206 444 2241 currus
468 2206 502 2239 P
566 2208 609 2239 17
635 2215 776 2239 carcere
802 2215 867 2240 om,
892 2204 940 2239 P'
1007 2209 1052 2240 24
1077 2206 1287 2252 mr}ger1tur
1311 2207 1419 2242 costis
1433 2207 1470 2241 P
1512 2207 1526 2258 Ξ

149 2257 193 2288 25
219 2253 328 2298 aquai
352 2253 538 2288 Bentleius
561 2251 673 2296 (Mus.
699 2251 812 2286 Rhen.
840 2254 946 2295 1881,
972 2253 1057 2295 325)

1513 2334 1526 2374 Ξ

1508 2382 1526 2444 Ξ
