1474 2482
128 91 156 131 2
587 89 995 125 SATVRNALIORVM

128 198 251 251 quasi
299 197 349 238 de
399 196 581 251 quodam
630 196 868 237 litterarum
917 210 1048 251 peno,
1096 196 1300 251 siquando
1345 211 1446 239 usus

129 255 293 298 uenerit
336 257 410 296 aut
445 253 650 295 historiae
688 268 794 308 quae
834 253 878 294 in
915 253 1119 295 librorum
1157 256 1271 296 strue
1307 254 1446 296 latens

129 314 237 355 clam
268 313 399 366 uulgo
431 314 497 352 est
527 313 600 352 aut
630 311 732 352 dicti
760 311 916 352 factiue
945 313 1231 354 memorabilis
1257 313 1447 354 reminis-

75 375 102 415 3
129 371 260 421 cendi,
289 370 415 412 facile
448 368 491 410 id
520 369 600 410 tibi
624 369 799 411 inventu
824 371 951 422 atque
976 369 1226 423 depromptu
1252 370 1319 411 sit.
1367 384 1446 411 nec

126 430 334 484 indigeste
358 431 577 481 tamquam
602 427 646 468 in
671 441 868 468 aceruum
893 427 1182 482 congessimus
1207 428 1335 481 digna
1359 441 1442 468 me-

129 490 311 530 moratu:
356 485 428 526 sed
471 484 685 526 uariarum
726 499 867 525 rerum
907 484 1165 537 disparilitas
1203 485 1446 527 auctoribus

129 547 313 597 diuersa,
350 542 527 584 confusa
562 541 840 596 temporibus,
876 541 937 583 ita
965 543 1009 583 in
1041 542 1250 596 quoddam
1282 543 1448 597 digesta

128 617 278 657 corpus
322 604 405 652 est,
446 602 494 641 ut
536 613 641 653 quae
679 599 920 640 indistincte
958 601 1084 654 atque
1121 601 1357 654 promiscue
1394 600 1446 641 ad

128 660 362 703 subsidium
392 658 621 699 memoriae
650 657 1003 699 adnotaueramus
1027 658 1072 698 in
1097 658 1286 699 ordinem
1310 658 1446 699 instar

74 722 102 762 4
127 719 416 761 membrorum
454 715 723 757 cohaerentia
754 715 1038 756 conuenirent.
1097 729 1174 756 nec
1204 715 1309 756 mihi
1338 715 1474 756 uitio]

127 779 287 830 uertas,
319 775 356 816 si
385 788 471 828 res,
503 787 607 827 quas
639 787 688 814 ex
718 773 896 814 lectione
928 772 1049 814 uaria
1079 773 1314 823 mutuabor,
1343 773 1446 826 ipsis

128 849 252 889 saepe
296 832 457 886 uerbis,
500 831 651 885 quibus
696 831 749 872 ab
792 831 898 884 ipsis
941 831 1183 872 auctoribus
1228 832 1447 871 enarratae

128 895 244 946 sunt,
282 890 519 945 explicabo,
557 889 656 943 quia
693 902 891 942 praesens
930 902 1035 942 opus
1066 902 1153 929 non
1185 887 1446 941 eloquentiae

127 949 456 993 ostentationem
489 946 562 988 sed
595 946 904 988 noscendorum
935 946 1172 1000 congeriem
1209 946 1446 999 pollicetur:

127 1011 169 1049 et
197 1007 301 1049 boni
331 1005 527 1047 consulas
559 1006 736 1058 oportet,
767 1004 803 1045 si
832 1003 1031 1045 notitiam
1061 1003 1287 1045 uetustatis
1318 1002 1474 1044 modo]

127 1065 285 1108 nostris
323 1078 411 1105 non
443 1063 638 1115 obscure,
673 1062 798 1103 modo
830 1061 934 1116 ipsis
967 1061 1237 1115 antiquorum
1268 1061 1447 1102 fideliter

127 1123 268 1165 uerbis
303 1134 601 1176 recognoscas,
636 1122 762 1174 prout
799 1133 989 1174 quaeque
1026 1133 1070 1160 se
1108 1119 1175 1160 uel
1214 1118 1448 1160 enarranda

74 1183 101 1224 5
128 1182 195 1223 uel
243 1178 534 1222 transferenda
584 1177 882 1232 suggesserint.
959 1191 1059 1230 apes
1107 1177 1218 1218 enim
1266 1176 1447 1231 quodam

127 1238 251 1281 modo
289 1238 488 1279 debemus
524 1235 700 1290 imitari,
738 1249 845 1289 quae
882 1236 1094 1288 uagantur
1132 1236 1174 1275 et
1204 1234 1327 1275 flores
1359 1247 1446 1275 car-

126 1299 246 1351 punt,
271 1295 432 1348 deinde,
458 1293 656 1347 quidquid
685 1293 876 1346 attulere,
901 1293 1129 1346 disponunt
1153 1305 1202 1332 ae
1226 1305 1301 1346 per
1324 1290 1446 1332 fauos
1466 1308 1474 1332 ε

127 1354 320 1396 diuidunt
356 1355 398 1394 et
434 1366 580 1393 sucum
612 1350 776 1392 uarium
807 1350 850 1390 in
881 1364 1010 1391 unum
1042 1363 1235 1402 saporem
1266 1348 1448 1390 mixtura

74 1418 99 1459 6
127 1413 307 1466 quadam
338 1413 380 1452 et
409 1409 667 1464 proprietate
702 1407 875 1461 spiritus
907 1407 973 1449 sui
1003 1408 1179 1448 mutant.
1238 1421 1316 1448 nos
1347 1420 1447 1460 quo-

127 1484 223 1524 que,
259 1467 460 1524 quidquid
496 1467 664 1508 diuersa
699 1466 881 1507 lectione
918 1464 1220 1520 quaesiuimus‚
1257 1464 1447 1506 commit-

126 1533 262 1569 temus
315 1526 435 1580 stilo,
487 1528 536 1566 ut
577 1524 621 1565 in
663 1524 853 1565 ordinem
896 1523 1042 1564 eodem
1091 1522 1305 1577 digerente
1353 1536 1447 1563 coa-

127 1587 270 1628 lescat.
329 1598 429 1625 nam
467 1585 509 1624 et
544 1582 590 1623 in
626 1582 765 1623 animo
802 1580 952 1622 melius
989 1580 1188 1621 distincta
1222 1581 1474 1620 seruantur}

127 1647 169 1685 et
209 1644 304 1696 ipsa
346 1640 565 1682 distinctio
607 1653 693 1680 non
736 1639 825 1680 sine
867 1638 1048 1692 quodam
1091 1637 1318 1691 fermento,
1363 1651 1444 1691 quo

126 1701 321 1743 conditur
367 1698 643 1752 uniuersitas,
690 1697 735 1737 in
782 1696 904 1737 unius
954 1695 1116 1750 saporis
1157 1709 1279 1736 usum
1325 1695 1447 1736 uaria

125 1759 357 1800 libamenta
385 1755 617 1809 confundit,
647 1756 706 1808 ut,
737 1754 866 1795 etiam
898 1753 1035 1807 siquid
1066 1753 1307 1807 apparuerit
1335 1753 1445 1794 unde

82 1825 95 1845 ¹
129 1818 342 1871 sumptum
380 1814 453 1868 sit,
490 1812 604 1854 aliud
636 1815 780 1853 tamen
811 1825 902 1853 esse
933 1826 1059 1865 quam
1090 1810 1200 1852 unde
1231 1813 1443 1864 sumptum

126 1877 324 1916 noscetur
366 1872 587 1925 appareat:
630 1870 741 1924 quod
781 1869 824 1909 in
860 1882 1033 1922 corpore
1069 1870 1216 1910 nostro
1252 1867 1474 1909 uidemusae

75 1932 99 1973 7
128 1932 217 1973 sine
247 1932 336 1972 ulla
368 1943 497 1983 opera
526 1930 672 1970 nostra
703 1927 841 1969 facere
865 1929 1083 1967 naturam:
1115 1926 1315 1967 alimenta
1340 1939 1445 1980 quae

220 2059 238 2090 7
264 2055 377 2091 **1ta
397 2054 433 2088 P
518 2052 696 2097 indlgeste
715 2052 751 2086 P
843 2055 863 2086 8
889 2051 1064 2095 promisce
1083 2051 1128 2094 P,
1151 2050 1318 2098 &misene
1343 2051 1384 2085 in
1407 2050 1444 2084 Β

125 2103 181 2138 ita
204 2102 355 2137 euanuit
377 2103 417 2135 ut
442 2100 556 2135 solum
579 2098 699 2146 ‘pmisc
723 2099 792 2143 leyi
814 2098 945 2142 possit:
969 2098 1141 2132 uidentur
1164 2101 1283 2132 tamen
1307 2097 1445 2141 aliquot

126 2149 264 2184 litterae
289 2151 476 2193 praeterea
505 2149 587 2181 ante
611 2145 658 2179 ad
683 2145 871 2180 euanuisse
949 2147 991 2178 13
1017 2142 1193 2188 *presens
1214 2142 1330 2187 opus*
1354 2143 1391 2177 P

128 2199 171 2229 14
196 2194 435 2229 ostentionem
460 2192 505 2227 Ρ
579 2194 621 2226 18
645 2190 883 2235 subgessermt
906 2190 1055 2233 fortasse
1073 2188 1118 2224 B'
1192 2192 1237 2223 20
1262 2177 1445 2224 attulere*

125 2241 162 2276 P
230 2244 272 2274 22
298 2240 418 2273 mutat
438 2238 482 2272 P‘
555 2241 600 2272 24
620 2237 823 2273 coalescant
847 2237 883 2271 P
949 2240 993 2272 26
1012 2237 1106 2272 inter
1125 2235 1155 2270 &
1174 2239 1206 2270 et
1223 2235 1299 2280 lpsa
1317 2236 1443 2270 uiden-

125 2291 187 2323 tur
210 2287 304 2322 duae
326 2286 384 2321 uel
407 2289 477 2320 tres
501 2285 640 2320 litterae
664 2284 852 2319 euanuisse
875 2283 916 2318 in
939 2283 976 2317 B
