1526 2444
131 88 218 130 474
631 89 731 126 SAT.
755 89 884 125 LIBRI
905 89 973 126 VII

131 194 292 237 Lucina
324 210 349 236 a
373 194 706 249 parturientibus
730 196 962 251 inuocatur,
994 196 1092 250 quia
1115 196 1333 250 proprium
1358 196 1447 237 eius

133 268 283 295 munus
314 255 379 294 est
403 252 640 294 distendere
665 253 794 295 rimas
820 254 1007 308 corporis
1033 256 1075 295 et
1099 254 1307 295 meatibus
1333 253 1447 294 uiam

64 313 119 355 28
134 311 245 364 dare,
276 309 386 364 quod
418 312 484 351 est
515 310 567 352 ad
597 311 838 353 celerandos
869 314 1016 366 partus
1049 313 1243 353 salutare.
1299 313 1341 352 et
1367 311 1448 352 hoc

133 372 209 422 est,
240 367 351 421 quod
382 368 598 422 eleganter
627 371 753 422 poeta
783 368 1075 411 Timotheus
1108 369 1314 423 expressit

413 449 484 489 διὰ
515 450 711 503 λαμπρὸν
740 450 876 491 πόλον
907 450 1076 502 ἄστρων
1484 455 1503 481 ⁵

413 507 485 547 διὰ
515 504 551 547 τ’
588 507 822 548 ὠκυτόκοιο
854 507 1046 555 σελάνας.

64 590 119 632 29
134 601 210 629 nec
244 587 383 629 minus
415 587 525 629 circa
563 588 752 629 inanima
781 588 906 629 lunae
936 587 1172 642 proprietas
1204 587 1449 628 ostenditur.

133 659 234 686 nam
265 645 402 700 ligna,
438 659 543 699 quae
578 646 679 687 luna
716 646 784 687 uel
820 645 906 687 iam
943 646 1069 700 plena
1098 646 1167 686 uel
1199 645 1333 686 adhuc
1363 658 1450 686 cre-

134 705 276 744 scente
302 703 460 744 deiecta
485 701 594 757 Sunt,
625 704 770 757 inepta
796 706 896 744 sunt
920 703 1092 745 fabricis
1118 703 1238 757 quasi
1263 702 1452 743 emollita

133 775 209 814 per
250 761 440 802 humoris
483 761 810 814 conceptionem.
884 763 926 802 et
968 761 1165 815 agricolis
1209 773 1332 801 curae
1375 762 1451 813 est,
1471 762 1526 820 1⁰}

137 818 351 859 frumenta
387 818 438 859 de
474 819 583 860 areis
619 832 706 860 non
741 819 823 859 nisi
859 819 959 859 luna
996 818 1213 859 deficiente
1244 818 1453 871 colligere,
1522 822 1526 851 ἐ

65 879 121 920 30
138 878 185 916 ut
216 877 327 917 sicca
357 878 642 930 permaneant.
697 879 842 918 contra
873 890 979 930 quae
1009 876 1206 916 humecta
1231 875 1454 927 desideras,
1524 923 1526 925 ,

134 934 235 975 luna
266 936 478 975 crescente
503 934 706 975 conficies.
759 937 860 975 tunc
891 937 933 974 et
963 934 1135 975 arbores
1164 933 1303 987 aptius
1329 946 1453 986 seres,

136 991 319 1032 maxime
344 1005 438 1032 cum
463 991 537 1032 illa
563 993 628 1033 est
653 1005 777 1045 super
801 994 972 1044 terram,
998 991 1097 1044 quia
1122 991 1173 1032 ad
1193 991 1454 1032 incrementa
1497 1019 1505 1041 3

66 1052 121 1094 31
137 1049 331 1103 stirpium
380 1050 661 1090 necessarium
712 1052 775 1089 est
820 1049 1008 1090 humoris
1053 1048 1312 1089 alimentum.
1383 1061 1455 1088 aer
1473 1043 1526 1095 15?

137 1107 227 1161 ipse
254 1107 559 1160 proprietatem
586 1107 747 1148 lunaris
772 1107 960 1148 humoris
986 1108 1029 1147 et
1051 1106 1214 1160 patitur
1239 1107 1281 1146 et
1304 1105 1454 1160 prodit.
1520 1099 1526 1146 ἕ

135 1179 235 1206 nam
267 1178 360 1206 cum
392 1164 493 1205 luna
522 1165 647 1218 plena
679 1166 754 1218 est,
784 1165 852 1205 uel
883 1178 978 1205 cum
1008 1164 1196 1205 nascitur
1214 1187 1269 1192 —-
1289 1165 1331 1203 et
1354 1164 1455 1203 tunc

138 1222 250 1263 enim
283 1237 307 1264 a
335 1224 475 1276 parte,
515 1237 597 1276 qua
629 1236 794 1263 sursum
826 1221 1014 1276 suspicit,
1045 1221 1172 1274 plena
1203 1223 1267 1262 est
1301 1243 1349 1250 --
1385 1233 1456 1261 aer

139 1283 212 1321 aut
242 1279 286 1320 in
316 1279 505 1334 pluuiam
537 1279 735 1334 soluitur,
767 1282 841 1321 aut
872 1280 906 1320 si
939 1279 1066 1320 sudus
1098 1279 1165 1333 sit,
1194 1278 1376 1319 multum
1406 1278 1456 1318 de
1502 1326 1506 1330 .

139 1352 181 1378 se
213 1338 319 1379 roris
352 1338 522 1391 emittit,
552 1337 662 1378 unde
689 1339 730 1378 et
755 1337 950 1379 ALCMAN
979 1336 1135 1391 lyricus
1162 1336 1266 1377 dixit
1295 1349 1456 1377 rorem

67 1397 122 1439 32
139 1395 273 1436 aeris
305 1397 352 1436 et
381 1395 532 1435 lunae
563 1393 741 1436 filium.
801 1395 863 1437 ita
892 1395 1076 1449 undique
1105 1408 1276 1435 uersum
1306 1393 1457 1447 proba-

138 1456 208 1494 tur
233 1452 286 1494 ad
310 1452 613 1494 humectandas
639 1452 1012 1507 dissoluendasque
1038 1466 1184 1494 carnes
1211 1465 1302 1493 esse
1321 1450 1458 1491 lunari

139 1511 288 1552 lumini
331 1511 652 1565 proprietatem,
696 1524 823 1564 quam
865 1510 1003 1564 magis
1046 1524 1147 1551 usus
1185 1523 1312 1564 quam
1347 1508 1457 1549 ratio
1508 1545 1512 1563 z

71 1571 127 1612 33
142 1568 426 1623 deprehendit.
487 1568 596 1622 quod
629 1570 768 1610 autem
801 1568 964 1619 dixisti,
993 1566 1221 1622 Euangele,
1253 1567 1303 1607 de
1334 1568 1458 1608 acuto
1502 1613 1503 1617 Ἰ

96 1646 109 1665 ,-
141 1640 281 1681 aeneo,
306 1627 350 1668 ni
374 1625 512 1679 fallor,
538 1626 777 1668 coniectura
799 1640 891 1667 mea
916 1640 940 1666 a
965 1639 1066 1667 uero
1085 1639 1171 1666 non
1192 1625 1344 1666 deuiat.
1394 1625 1458 1664 est
1475 1629 1492 1655 ²

141 1684 252 1725 enim
276 1685 321 1726 in
346 1698 442 1725 aere
465 1684 531 1725 uis
557 1683 704 1734 acrior,
729 1697 854 1737 quam
874 1683 1025 1725 medici
1046 1683 1274 1737 stypticam
1293 1683 1459 1735 uocant,
1512 1669 1526 1722 Ξ

141 1742 250 1783 unde
300 1756 497 1796 squamas
541 1742 631 1783 eius
671 1741 856 1782 adiciunt
898 1741 1113 1794 remediis,
1162 1753 1268 1795 quae
1311 1718 1526 1977 contraj

139 1800 369 1853 perniciem
406 1800 642 1854 putredinis
679 1799 951 1841 aduocantur.
1011 1798 1157 1839 deinde
1195 1797 1267 1851 qui
1295 1797 1341 1837 in
1372 1811 1458 1837 me·
1487 1810 1489 1812 ·
1515 1800 1517 1802 ’

139 1857 244 1898 tallo
272 1859 380 1899 aeris
405 1860 636 1911 morantur,
661 1871 826 1911 semper
851 1856 1068 1898 oculorum
1094 1855 1276 1897 sanitate
1294 1855 1459 1909 pollent

141 1916 184 1955 et
216 1915 367 1968 quibus
400 1917 496 1956 ante
527 1914 754 1969 palpebrae
778 1914 960 1956 nudatae
984 1914 1162 1966 fuerant,
1193 1913 1281 1954 illic
1306 1925 1456 1954 conue-
1503 1950 1513 1955 „

140 1972 340 2026 stiuntur,
371 1987 474 2013 aura
505 1973 629 2027 enim,
661 1986 768 2027 quae
801 1986 850 2013 ex
881 1986 976 2014 aere
1005 1971 1206 2026 procedit,
1235 1971 1280 2011 in
1311 1969 1455 2011 oculos
1510 2011 1511 2014 ,

1503 1972 1526 2118 Ξ

231 2113 251 2143 5
277 2108 319 2142 fr.
345 2111 378 2152 2,
403 2120 437 2152 p.
464 2111 531 2143 620
555 2108 717 2153 (Bergkii
741 2110 873 2153 poetae
899 2109 963 2152 lyr.
990 2107 1047 2142 Gr.
1074 2107 1128 2142 ed.
1154 2107 1190 2151 4)

230 2240 252 2270 4
277 2235 478 2270 timatheul'
499 2233 548 2269 P'
640 2240 660 2270 5
685 2235 856 2281 ΔΙΓΙΡΟΟΝ
883 2235 919 2269 Ρ
1011 2238 1030 2269 7
1056 2234 1261 2269 inanimata
1284 2233 1320 2267 P
1410 2235 1455 2267 20

136 2293 217 2317 rore
246 2282 282 2316 P
351 2285 395 2316 28
421 2282 597 2317 uocantur
622 2282 658 2316 P
725 2284 770 2315 30
794 2281 922 2328 palbre
947 2278 995 2315 P'

1493 2349 1526 2444 ὲ
