1526 2444
159 79 247 120 580
459 79 608 115 COMM.
633 79 684 114 IN
709 79 849 116 SOMN.
876 79 986 116 SCIP.
1011 80 1139 116 LIBRI
1162 81 1179 115 Ι

161 186 303 228 01111113
333 185 522 240 pondera
546 185 649 226 ferri
673 199 844 227 necesse
875 188 952 241 est,
983 187 1082 240 quia
1114 189 1156 227 et
1179 187 1273 240 ipsa
1296 187 1339 227 in
1368 186 1480 228 hunc

159 243 300 285 10011111
333 243 454 296 quasi
478 242 643 297 pondus
673 244 841 298 relapsa
865 246 940 285 est.
989 247 1236 298 argumento
1263 246 1361 286 sunt
1386 258 1482 286 cum

162 301 246 342 alia
270 301 492 342 innumera
516 302 607 341 tum
633 302 854 355 praecipue
878 301 1048 355 imbres,
1079 301 1150 355 qui
1179 302 1224 343 in
1248 304 1406 343 terram
1431 316 1482 343 ex

165 358 282 399 omni
313 359 421 398 aeris
452 361 572 411 parte
602 359 813 400 labuntur.
874 373 951 400 nec
984 360 1095 400 enim
1125 360 1169 400 111
1193 359 1303 401 113110
1335 360 1481 414 solam,

163 429 289 470 quam
313 415 570 470 habitamus,
596 416 860 469 superficiem
886 415 1093 471 decidunt,
1118 417 1190 457 sed
1215 419 1258 458 et
1274 417 1320 458 in
1345 418 1480 458 latera
1517 431 1526 456 1

162 473 314 528 quibus
352 473 397 514 in
432 476 547 514 terra
585 474 820 528 globositas
857 474 1091 528 sphaeralis
1130 474 1325 528 efficitur,
1361 477 1404 515 et
1438 475 1483 515 in

161 533 325 584 partem
364 531 559 585 alteram,
595 545 701 585 quae
739 531 791 572 ad
821 545 900 572 nos
937 531 1117 572 habetur
1146 531 1338 584 inferior,
1372 532 1483 572 idem

123 588 362 630 9imbrium
403 602 524 630 casus
562 591 635 630 est.
696 603 795 630 nam
833 590 868 630 si
906 603 977 630 aer
1012 589 1167 630 terreni
1209 589 1379 644 frigoris
1416 603 1483 630 ex-

163 645 381 687 halatione
412 646 609 687 densetus
639 646 684 687 in
714 647 870 688 nubem
901 646 1078 700 cogitur,
1110 650 1152 687 et
1180 646 1242 688 ita
1268 647 1484 701 abrumpit

163 704 334 757 imbres,
354 718 426 745 aer
445 707 586 746 autem
605 704 848 746 uniuersam
866 707 1023 745 terram
1043 704 1318 745 circumfusus
1339 704 1485 758 ambit,
1504 718 1526 742 11

163 762 310 815 procul
337 762 463 803 dubio
490 776 540 803 ex
565 761 683 803 omni
708 763 816 803 aeris
841 764 961 816 parte
986 764 1154 816 praeter
1178 764 1320 803 ustam
1346 762 1485 804 calore

164 821 368 874 perpetuo
418 820 559 873 liquor
607 819 809 873 pluuialis
859 821 1046 873 emanat,
1093 820 1163 873 qui
1211 820 1395 873 undique
1439 820 1485 860 in

99 878 154 919 10
166 880 338 929 terram,
369 891 475 931 quae
499 877 625 918 unica
657 879 722 918 est
747 877 866 918 sedes
891 877 1138 931 ponderum,
1169 877 1324 919 defluit.
1373 877 1485 931 quod

167 935 240 989 qui
279 934 460 988 respuit,
497 937 706 988 superest,
742 938 790 975 ut
826 935 1021 976 aestimet
1056 938 1175 976 extra
1210 935 1320 976 113110
1355 949 1484 975 11113111

167 992 446 1046 superficiem,
482 1006 609 1046 quam
640 992 882 1045 incolimus,
912 993 1108 1046 quicquid
1143 992 1304 1033 niuium
1340 991 1484 1033 imbri·
1506 1006 1526 1030 11

166 1063 292 1091 umue
329 1050 397 1091 uel
434 1050 689 1104 grandinum
721 1049 848 1102 cadit,
889 1049 969 1091 1100
998 1052 1136 1090 totum
1167 1050 1212 1090 in
1243 1050 1405 1091 caelum
1437 1050 1487 1090 de

170 1121 263 1148 aere
307 1107 497 1149 defluere.
569 1107 732 1148 caelum
774 1108 885 1148 enim
930 1107 982 1148 ab
1026 1107 1141 1148 omni
1188 1110 1308 1160 parte
1350 1110 1488 1148 terrae

170 1165 448 1218 aequabiliter
478 1164 627 1218 distat,
668 1167 711 1206 et
745 1167 792 1206 ut
824 1179 848 1206 a
878 1167 1025 1206 nostra
1060 1164 1325 1206 habitatione
1354 1165 1417 1206 ita
1447 1166 1490 1205 et

169 1237 194 1264 3
224 1222 429 1264 lateribus
461 1225 503 1263 et
535 1237 560 1264 a
589 1225 727 1276 parte,
766 1236 871 1276 quae
903 1223 955 1264 ad
985 1236 1061 1264 nos
1093 1222 1273 1263 habetur
1303 1222 1489 1275 inferior,

168 1281 262 1334 pari
282 1280 518 1321 altitudinis
544 1280 816 1322 inmensitate
835 1280 1072 1334 suspicitur.
1120 1281 1202 1321 nisi
1227 1293 1327 1335 ergo
1348 1280 1490 1322 omnia
1507 1293 1526 1318 s

169 1338 356 1391 pondera
415 1338 626 1379 ferrentur
678 1339 724 1378 in
777 1340 956 1393 terram,
1013 1338 1188 1391 imbres,
1243 1339 1314 1392 qui
1368 1340 1489 1378 extra

170 1396 305 1438 latera
340 1398 479 1437 terrae
517 1395 707 1437 defluunt
742 1410 830 1437 non
866 1396 911 1437 in
940 1399 1099 1438 terram
1130 1396 1203 1437 sed
1244 1395 1288 1436 in
1328 1395 1489 1437 caelum

105 1455 156 1496 11
173 1454 389 1507 caderent,
426 1454 538 1508 quod
573 1453 784 1496 uilitatem
820 1454 903 1496 ioci
939 1453 1129 1495 scurrilis
1167 1453 1339 1495 excedit.
1400 1455 1490 1494 esto

173 1512 286 1553 enim
322 1514 460 1552 terrae
499 1511 698 1566 sphaera,
735 1512 801 1553 cui
832 1512 1018 1565 ascripta
1048 1513 1147 1553 sunt
1177 1510 1344 1564 ABGD,
1380 1510 1492 1552 circa

171 1570 283 1611 hanc
326 1570 382 1610 sit
424 1570 532 1611 aeris
574 1569 688 1610 orbis
725 1570 792 1611 cui
829 1569 1014 1623 ascripta
1051 1572 1150 1610 sunt
1179 1568 1413 1621 EFGLM,
1450 1569 1526 1608 etz

172 1630 396 1681 utrumque
428 1628 592 1681 orbem,
623 1627 666 1668 id
697 1630 761 1668 est
791 1630 929 1668 terrae
960 1629 1004 1668 et
1034 1627 1162 1677 aeris,
1192 1626 1353 1668 diuidat
1382 1626 1494 1667 linea

174 1685 301 1726 ducta
344 1685 397 1726 ab
435 1685 472 1726 E
516 1699 647 1739 usque
691 1685 744 1726 ad
779 1684 831 1726 L:
875 1685 956 1726 erit
998 1685 1188 1739 superior
1225 1685 1323 1738 ista,
1366 1697 1493 1738 quam

107 1744 160 1785 12
175 1742 438 1798 possidemus
482 1746 525 1784 et
566 1743 642 1785 illa
686 1743 763 1784 sub
806 1742 996 1796 pedibus,
1065 1743 1151 1784 nisi
1186 1755 1288 1797 ergo
1326 1741 1495 1783 caderet

176 1815 297 1842 omne
350 1800 516 1855 pondus
564 1801 609 1841 in
657 1803 830 1853 terram,
886 1814 1063 1854 paruam
1110 1799 1237 1841 nimis
1297 1799 1494 1840 imbrium

174 1860 338 1912 partem
376 1862 491 1900 terra
539 1859 776 1913 susciperet
818 1858 871 1899 ab
915 1858 953 1898 A
995 1871 1127 1912 usque
1169 1858 1220 1898 ad
1265 1856 1315 1910 O,
1360 1857 1526 1898 latera!

174 1930 276 1957 uero
315 1916 441 1969 aeris,
483 1916 525 1957 id
564 1919 627 1958 est
664 1916 717 1957 ab
754 1915 788 1956 F
824 1929 955 1970 usque
993 1915 1045 1956 ad
1081 1914 1116 1956 E
1154 1918 1197 1956 et
1233 1929 1258 1956 a
1293 1914 1329 1956 G
1364 1927 1495 1968 usque

177 1973 229 2014 ad
260 1973 314 2022 L,
351 1973 571 2015 humorem
604 1988 725 2015 suum
757 1974 800 2015 in
832 1987 971 2015 aerem
1002 1973 1245 2027 caelumque
1276 1972 1496 2026 deicerent,
1524 2011 1526 2013 ,

270 2137 291 2168 2
318 2133 371 2168 est
402 2133 504 2168 cuius
531 2143 611 2168 cum
637 2132 711 2169 aha
735 2143 926 2168 mnumera
949 2133 991 2176 Ρ,
1023 2133 1150 2168 deinde
1173 2132 1388 2177 argumento
1413 2132 1498 2166 sunt
1520 2135 1526 2162 ἐ

178 2180 262 2215 add.
285 2191 313 2225 p
407 2184 430 2214 4
455 2179 558 2216 aeres
577 2177 623 2214 B'
720 2183 739 2215 6
765 2179 916 2224 speralls
935 2179 971 2213 B
1055 2183 1076 2214 8
1099 2178 1221 2213 inbrn'i
1245 2176 1292 2213 P'
1379 2181 1420 2212 12
1447 2177 1496 2212 se-

178 2229 305 2261 manat
329 2223 377 2261 P'
480 2229 525 2261 20
549 2227 647 2270 patri
671 2229 712 2262 ut
735 2226 811 2261 uid.
840 2222 887 2259 P'
991 2224 1159 2260 altidiml'
1178 2223 1224 2260 P'
1319 2223 1513 2266 immensis

178 2273 256 2308 tate
282 2273 318 2307 B
436 2276 479 2307 22
505 2272 559 2307 set
581 2272 617 2307 B
735 2275 781 2307 24
805 2272 907 2316 spera
931 2272 968 2306 Β
1076 2274 1122 2306 24
1145 2274 1178 2307 et
1201 2274 1245 2306 25
1270 2270 1441 2316 afscnpta
1463 2269 1499 2305 B
