1526 2444
173 68 257 110 336
683 67 784 104 SAT.
808 68 935 103 LIBRI
954 68 986 103 V

172 175 220 215 τὸ
269 175 454 215 παλαιὸν
499 176 698 215 Σικελῶν
745 172 1008 228 γεγενημένη
1047 175 1186 223 πόλις·
1234 171 1310 228 ὑφ’
1351 169 1377 229 ᾖ
1420 172 1491 216 καὶ

173 233 273 281 τοὺς
309 230 505 279 Δέλλους
548 230 840 303 καλουμένους
877 229 988 273 εἶναι
1025 231 1306 286 συμβέβηκεν.
1371 228 1491 273 οὗτοι

175 287 222 330 δὲ
253 294 459 343 κρατῆρες
491 289 570 330 δύο
601 290 727 342 εἰσιν,
759 289 835 337 οὓς
865 288 1078 343 ἀδελφοὺς
1107 297 1194 332 τῶν
1218 292 1425 330 Παλικῶν
1450 290 1495 331 οἱ

174 349 430 387 Σικελιῶται
464 348 734 400 νομίζουσιν,
773 347 847 396 τὰς
878 344 926 388 δὲ
957 347 1179 402 ἀναφορὰς
1208 354 1294 388 τῶν
1325 361 1493 400 πομφο-

174 404 321 457 λύγων
374 406 670 458 παραπλησίας
716 405 975 459 βραζούσαις
1023 406 1207 471 ἔχουσιν.
1286 405 1491 446 hactenus

106 462 160 503 26
178 459 348 503 Callias.
403 461 629 504 POLEMON
659 476 760 503 uero
791 463 835 503 in
865 463 975 503 libro
1007 464 1080 516 qui
1109 462 1354 504 inscribitur
1380 460 1494 517 περὶ

174 526 273 560 τῶν
312 518 365 560 ἐν
395 521 609 575 Σικελίᾳ
637 519 1046 573 θαυμαζομένων
1076 527 1312 574 ποταμῶν
1345 519 1404 561 sic
1436 521 1495 560 aih

175 577 222 619 οι
255 574 303 618 δε
334 575 519 618 Παλικοὶ
556 580 978 631 προσαγορευόμενοι
1013 578 1127 633 παρὰ
1157 585 1247 627 τοϊς
1274 577 1495 649 ἐγχωρίοις

174 634 439 689 αὐτόχθονες
482 634 581 676 θεοὶ
616 637 875 688 νομίζονται.
938 636 1208 690 ὑπάρχουσιν
1246 632 1293 677 δὲ
1329 635 1494 676 τούτων

175 699 263 734 τῶν
293 696 412 733 θεῶν
443 693 572 746 άμφω
605 691 786 747 ἀδελφοὶ
817 699 1023 747 κρατῆρες
1052 695 1312 748 χαμαίζηλοι.
1367 703 1493 746 προσ·
1515 711 1526 735 1

178 749 288 791 ιε’ναι
320 747 367 791 δε
399 749 703 803 ἁγιστεύοντας
733 751 814 822 χρὴ
845 752 951 805 πρὸς
981 750 1137 800 αὐτοὺς
1161 750 1244 792 ἀπό
1269 765 1312 792 τε
1338 751 1496 799 παντὸς

178 808 312 860 άγους
358 806 430 849 καὶ
479 810 712 856 συνουσίας
760 823 822 849 ετι
865 824 909 850 τε
952 810 1028 850 καί
1065 824 1196 850 τινων
1239 807 1493 861 ἐδεσμάτων.

178 864 353 919 φέρεται
391 863 439 906 δε
481 862 732 907 ἀπἀὐτῶν
776 865 886 919 ὀσμη
924 868 1074 920 βαρεῖα
1110 868 1258 919 θείου,
1300 864 1371 906 καὶ
1407 872 1496 935 τοϊς

177 925 363 976 πλησίον
396 921 638 976 ἱσταμένοις
668 924 963 996 καρηβάρησιν
989 923 1226 977 ἐμποιοῦσα
1252 924 1416 976 δεινήν,
1446 924 1494 964 τὸ

181 977 228 1021 δε
253 980 374 1052 ὕδωρ
401 979 489 1022 ἐστὶ
513 981 702 1035 θολερὸν
727 981 870 1022 αὐτῶν
894 980 964 1022 καὶ
989 982 1068 1035 τὴν
1087 983 1221 1036 χρόαν
1241 981 1495 1035 ὁμοιότατον
1516 999 1526 1022 1

109 1040 163 1080 27
182 1039 436 1095 χαμαιρύπω
471 1041 630 1098 λευκῷ.
697 1037 872 1092 φέρεται
916 1035 963 1079 δε
1005 1039 1303 1092 κολπούμενόν
1345 1053 1388 1079 τε
1425 1036 1495 1079 καὶ

177 1095 417 1150 παφλάζον,
443 1090 534 1136 οἷαί
555 1097 666 1137 εἰσιν
691 1112 734 1136 αι
761 1097 878 1137 δῖναι
902 1103 989 1137 τῶν
1017 1097 1197 1146 ζεόντων
1222 1095 1496 1149 ἄναβολάδην

176 1153 362 1194 ὑδάτων.
411 1151 546 1207 φασὶν
578 1151 625 1194 δε
656 1151 767 1195 εἶναι
799 1152 869 1195 καὶ
900 1155 947 1195 τὸ
979 1154 1118 1207 βάθος
1145 1152 1385 1207 ἀπέραντον
1409 1160 1496 1194 τῶν

175 1213 403 1265 κρατηρων
444 1212 631 1264 τούτων,
675 1211 785 1252 ὥστε
829 1209 899 1252 καὶ
937 1214 1042 1265 βοῦς
1077 1212 1352 1260 εἰσπεσόντας
1387 1211 1497 1264 ἠφα-

272 1374 290 1404 1
322 1372 380 1405 ΤΟ
415 1372 598 1405 ΡΔΛΔΙΟΝ
632 1371 676 1415 Ρ,
713 1373 735 1414 ἡ
766 1372 906 1414 Παλικὴ
942 1372 985 1405 τὸ
1015 1372 1167 1405 παλαιόν
1197 1370 1497 1413 Schneidewinus‚

176 1418 220 1452 τὸ
245 1418 395 1452 παλ-ικόν
425 1417 684 1452 Valckenarius
713 1421 746 1452 et
776 1417 819 1452 G.
851 1417 1098 1460 Hermannus,
1128 1427 1188 1462 eqo
1214 1417 1378 1452 lacunam
1401 1417 1497 1452 indi-

177 1466 279 1507 caui,
310 1475 389 1498 cum
417 1462 567 1498 Calliam
586 1464 747 1507 primum
771 1464 909 1507 quidem
934 1464 976 1498 de
1000 1463 1135 1509 Eryce,
1161 1463 1286 1498 deinde
1310 1464 1352 1498 de
1376 1462 1498 1497 Paliae

177 1510 293 1545 dicere
311 1510 538 1553 manifestum
556 1510 604 1544 sit
653 1510 1060 1544 ΓΕΓΕΝΗΜΕΝΕΡΟΛΙΕ
1082 1509 1127 1553 Ρ,
1147 1520 1208 1544 em.
1228 1510 1336 1554 uulyo
1383 1512 1403 1543 2
1423 1509 1498 1543 ΔΕ-

179 1591 355 1625 ΔΛΛΟΥ(
378 1591 422 1633 P,
447 1602 509 1625 eun
533 1591 622 1635 uulf]
624 1601 643 1625 o
727 1590 937 1635 CYNBEBH}
945 1591 1024 1624 ΚΕΝ
1051 1590 1087 1623 P
1171 1593 1191 1623 3
1218 1566 1441 1625 ΚΡΑΤΗΡΙῘΕ
1465 1589 1501 1624 Ρ

177 1637 271 1681 τῶν]
293 1637 403 1682 ΤῙΜΗ
424 1637 467 1679 Ρ,
491 1648 551 1671 em.
573 1638 682 1681 uulyo
753 1641 775 1671 4
795 1637 1030 1671 (ΙΚΕΔΙΜΤΔΙ
1054 1636 1098 1678 P,
1117 1647 1179 1671 em.
1198 1636 1308 1680 ἰιιιῖρο
1378 1637 1498 1671 ΠΟΜ-

177 1684 425 1718 *ΦΟΛ1*ΤΟΝ
452 1683 496 1726 P,
529 1694 591 1717 em.
616 1684 725 1728 uulyo
797 1687 817 1717 6
837 1686 920 1726 post
945 1693 1032 1716 uero
1057 1683 1140 1717 add.
1160 1681 1210 1716 sic
1235 1685 1288 1716 ειη
1312 1682 1348 1717 R
1418 1684 1499 1726 περὶ

177 1732 254 1763 τῶν
280 1749 323 1754 —-
349 1732 505 1773 337,14
531 1730 684 1773 παλικήν
709 1740 773 1764 om.
801 1729 837 1764 R
909 1732 928 1762 9
955 1729 1159 1763 ΔΥΘΟΝΕΕ
1187 1727 1231 1767 P,
1256 1739 1318 1763 em.
1343 1729 1452 1773 uulyo

179 1810 323 1843 τούτων
353 1813 430 1844 τῶν
461 1813 555 1844 θεῶν
587 1811 698 1854 ἄμφω
730 1810 882 1853 ἀδελφοί
911 1809 1055 1853 scripsi:
1090 1809 1266 1852 ΤΟΥΓΟΝ
1299 1809 1500 1844 ΟΔΕΕΜΔ-

183 1856 440 1891 ΡωΔΔΕΛΦΟΙ
472 1856 516 1897 Ρ,
552 1857 696 1891 τούτων
732 1856 765 1890 οἱ
800 1856 986 1898 λεγόμενοι
1024 1856 1175 1898 ἀδελφοὶ
1213 1847 1278 1889 δύο
1315 1855 1501 1899 Sauppius

182 1902 282 1935 DIus.
303 1901 416 1936 Rhen.
438 1913 472 1936 η.
500 1903 555 1935 II
556 1903 583 1936 I
584 1903 610 1936 I
631 1905 714 1942 152,
741 1903 885 1937 τούτων
906 1903 949 1936 οὐ
968 1902 1094 1944 πόρρω
1115 1901 1149 1935 οἱ
1168 1902 1296 1936 Δέλλοι
1316 1901 1500 1936 Schneide-

180 1948 306 1989 winus,
326 1949 470 1982 τούτων
491 1949 556 1982 δύο
576 1948 728 1992 ἀδελφοί
748 1949 791 1984 G.
811 1949 1044 1983 Hermamzus
1116 1951 1159 1982 10
1178 1948 1444 1982 ΧΔΜΑΙΖΗΔΟΙ
1467 1948 1503 1981 Ρ

184 1998 223 2027 11
252 1995 399 2028 ΔΤΟΥΕ
423 1994 467 2037 Ρ,
493 2005 553 2029 em.
579 1996 689 2039 uulyo
784 1998 826 2028 12
853 1994 1129 2039 CY-NYOC1A10
1154 1993 1191 2027 P
1279 1993 1500 2028 ΕΔΕΕΕΜΑ-

180 2040 279 2074 ΤωΝ
310 2039 346 2073 Ρ
441 2043 484 2073 14
513 2041 707 2075 ΠΔΗΕΙΟΝ
741 2040 1003 2085 ΙΕΤΔΝΕΝΟΙΕ
1030 2040 1065 2073 Ρ
1157 2039 1443 2074 ΕΝοΠΟΙΟΥΕΔ
1467 2039 1503 2074 Ρ

183 2089 225 2120 15
250 2086 494 2120 ΤΗΚΙΧΡΟΔΝ
521 2086 558 2119 Ρ
626 2090 667 2120 16
694 2087 991 2121 ΧΔΜΛΙΡΥ·ΠΟ)
1017 2086 1061 2128 Ρ,
1086 2087 1180 2130 quod
1205 2086 1248 2120 G.
1268 2086 1501 2121 Hermannus

178 2142 304 2167 ‘nomen
328 2133 429 2175 floris
453 2142 522 2167 esse
542 2134 703 2175 putauit,
728 2134 936 2176 χαλαιρύπῳ
963 2133 1111 2167 coniecit
1136 2132 1270 2166 Iam'us
1371 2132 1515 2178 ΦΕΤΕ-..

179 2213 247 2247 TA!
272 2212 308 2246 Ρ
391 2215 432 2246 17
458 2179 550 2248 ΟΙΔήΙε
575 2213 611 2247 Ρ
685 2214 827 2248 ΔΕΙΝΔΙ
854 2213 896 2256 Ρ,
922 2223 983 2247 em.
1008 2213 1118 2255 uulyo
1192 2215 1232 2246 19
1261 2204 1430 2247 ΚΔΠΙΡί-ιῖἶ
1454 2190 1526 2256 Poll*

180 2269 242 2293 em.
267 2259 375 2303 uulyo
448 2260 565 2294 (ΟΕΡΕ
592 2260 655 2294 ΚΑΙ
683 2260 830 2294 ΒΥΕΕΙΕ
849 2259 1084 2295 ΠΕΕΟΝΤΔΕ
1104 2259 1140 2293 Ρ
