1526 2444
155 81 209 122 12
671 81 769 116 SAT.
794 81 921 116 LIBRI
945 82 962 116 1

151 186 218 227 his
258 186 369 227 enim
406 186 550 228 uerbis
582 186 692 227 diem
723 200 846 241 quem
876 186 1059 228 Romani
1090 187 1256 229 ciuilem
1288 188 1472 242 appella-

85 245 136 285 11
153 246 318 297 uerunt,
343 258 367 285 a
392 247 511 285 sexta
534 244 672 285 noctis
697 243 804 285 hora
828 244 930 285 oriri
955 245 1164 286 admonet.
1212 245 1324 286 idem
1347 248 1473 300 poeta

153 302 438 400 quendgnox
453 315 633 400 bquoque
664 301 853 356 incipiat,
883 302 1090 356 expressit
1121 303 1166 343 in
1199 306 1329 344 sexto.
1378 317 1472 344 cum

153 374 266 400 enim
325 373 450 400 ixisse

267 428 348 469 hac
379 428 470 469 uice
501 441 743 469 sermonum
774 428 906 469 roseis
936 428 1104 470 Aurora
1134 428 1350 482 quadrigis
1509 435 1526 462 ⁶

269 486 355 527 iam
385 485 570 526 medium
601 485 788 526 aetherio
820 499 945 527 cursu
974 487 1199 528 traiecerat
1230 500 1370 540 axem,

154 568 252 595 mox
284 554 499 609 suggessit
528 556 649 595 uates

268 638 353 665 nox
383 623 480 677 ruit,
511 622 671 664 Aenea:
701 636 779 664 nos
809 622 948 663 flendo
979 622 1168 664 ducimus
1200 623 1341 666 horas.

268 692 337 734 Ita
379 692 783 733 obseruantissimus
827 691 1018 733 ciuilium
1061 692 1353 734 definitionum
1392 693 1475 734 diei

87 755 140 795 12
155 752 197 791 et
244 750 382 792 noctis
431 749 557 791 initia
599 750 834 803 descripsit.
906 750 978 803 qui
1021 749 1110 791 dies
1154 750 1215 791 ita
1262 750 1474 792 diuiditur.
1495 769 1526 794 ιο

153 809 337 862 primum
354 810 521 861 tempus
542 807 623 848 diei
643 807 796 849 dicitur
815 807 976 848 media
994 808 1160 849 noctis
1180 808 1475 862 inclinatio,

153 865 302 907 deinde
334 866 682 920 gallicinium,
713 864 810 906 inde
840 866 1143 919 contionum,
1174 879 1268 907 cum
1300 869 1343 908 et
1373 866 1477 920 galli

153 923 444 965 conticescunt
474 926 516 963 et
544 923 736 964 homines
770 922 898 964 etiam
928 925 1019 964 tum
1051 923 1288 977 quiescunt,
1329 923 1477 965 deinde

86 974 139 1015 13
154 981 432 1022 diluculum
480 980 524 1021 id
573 982 638 1022 est
685 994 779 1022 cum
825 980 976 1034 incipit
1019 980 1180 1022 dinosci
1224 981 1333 1035 dies,
1380 981 1476 1022 inde

154 1053 296 1080 mane
328 1052 422 1080 cum
454 1038 542 1080 dies
573 1038 710 1079 clarus
742 1040 818 1080 est.
866 1052 1007 1079 mane
1039 1041 1181 1080 autem
1211 1039 1371 1080 dictum
1402 1043 1476 1080 aut
1498 1056 1526 1082 15

154 1096 266 1151 quod
292 1096 346 1137 ab
371 1095 654 1148 inferioribus,
684 1095 727 1136 id
753 1098 818 1136 est
842 1110 867 1136 a
891 1095 1102 1147 Manibus,
1129 1096 1345 1138 exordium
1370 1097 1476 1138 lucis

154 1157 363 1209 emergat,
405 1155 496 1208 aut,
539 1153 650 1208 quod
692 1153 832 1194 uerius
875 1153 981 1194 mihi
1020 1154 1205 1208 uidetur,
1247 1155 1300 1195 ab
1338 1154 1478 1196 omine

154 1212 256 1254 boni
297 1211 495 1253 nominis.
561 1225 662 1252 nam
706 1214 748 1251 et
789 1210 1000 1252 Lanuuini
1043 1226 1182 1253 mane
1225 1226 1303 1265 pro
1346 1212 1477 1253 bono

155 1269 318 1311 dicunt:
337 1269 446 1310 sicut
466 1268 578 1322 apud
596 1282 673 1309 nos
694 1282 859 1323 quoque
879 1269 1140 1310 contrarium
1158 1271 1222 1309 est
1247 1269 1479 1323 immane,

88 1329 203 1371 14ut
243 1327 475 1368 immanis
517 1326 666 1367 belua
707 1327 775 1367 uel
818 1326 1031 1367 immane
1073 1326 1270 1368 facinus
1313 1330 1356 1368 et
1397 1326 1478 1368 hoo
1497 1344 1526 1369 20

155 1398 290 1439 genus
333 1387 476 1426 cetera
516 1397 592 1438 pro
636 1397 734 1430 non
776 1383 917 1425 bono.
984 1383 1133 1425 deinde
1176 1398 1200 1425 a
1242 1399 1384 1426 mane
1421 1385 1479 1425 ad

154 1442 433 1494 meridiem,
463 1441 545 1483 hoc
576 1443 641 1482 est
673 1441 725 1482 ad
757 1441 941 1482 medium
971 1441 1070 1482 diei:
1103 1441 1201 1483 inde
1232 1442 1319 1483 iam
1351 1456 1479 1496 supra

154 1503 329 1541 uocatur
364 1502 563 1554 tempus
602 1498 861 1540 occiduum
893 1500 936 1539 et
960 1513 1059 1540 mox
1092 1513 1322 1553 suprema
1357 1502 1479 1541 tem-

154 1561 344 1612 pestas,
379 1557 459 1599 hoc
497 1559 562 1598 est
597 1557 679 1597 diei
708 1556 989 1598 nouissimum
1033 1559 1220 1611 tempus,
1262 1557 1373 1599 sicut
1408 1571 1478 1598 ex-

154 1630 350 1669 pressum
387 1619 452 1656 est
487 1614 532 1655 in
568 1625 811 1656 DVODECIM
845 1625 1052 1656 TAssvffls:
1098 1615 1224 1655 solis
1268 1629 1476 1658 occasus
1497 1631 1526 1657 25

88 1675 390 1727 15suprema
429 1673 708 1725 tempestas
747 1674 874 1713 esto:
918 1671 1067 1713 deinde
1103 1686 1330 1726 uespera,
1367 1673 1478 1726 quod

155 1746 180 1771 a
217 1730 390 1772 Graecis
433 1732 616 1771 tractum
660 1731 735 1770 est.
799 1728 864 1769 illi
906 1729 1018 1770 enim
1059 1728 1243 1784 ἑσπέραν
1288 1745 1313 1771 a
1355 1730 1479 1771 stella

155 1787 347 1842 Hespero
367 1788 528 1829 dieunt:
553 1786 663 1828 unde
683 1789 726 1827 et
749 1785 997 1840 Hesperia
1014 1786 1153 1841 Italia,
1179 1787 1292 1841 quod
1312 1788 1478 1829 occasui

250 1887 270 1918 ὅ
296 1883 406 1927 Verg.
433 1886 521 1918 Aen.
547 1882 597 1918 VI
624 1885 692 1917 535
787 1886 808 1918 8
832 1882 882 1918 id.
907 1883 956 1917 ib.
989 1882 1039 1917 Vl
1064 1886 1131 1918 539
1227 1887 1271 1918 26
1295 1884 1382 1929 Leg.
1412 1883 1479 1918 XII

156 1931 231 1965 tab.
256 1930 386 1974 fragm.
412 1929 428 1963 Ι
453 1933 473 1963 9
500 1929 556 1965 ed.
584 1929 730 1964 Schoell

253 2023 269 2051 1
297 2027 407 2061 quam
431 2017 467 2050 B
539 2020 559 2050 2
585 2015 758 2050 admonet
781 2015 862 2049 BP
932 2019 953 2050 5
976 2015 1045 2049 '’ac
1063 2015 1099 2049 Β
1171 2019 1191 2050 6
1217 2015 1363 2061 ethereo
1391 2015 1429 2049 P

154 2064 347 2098 traiererat
374 2060 419 2096 P'
504 2066 524 2097 9
550 2060 870 2097 obseruantiffimis
891 2059 936 2096 B'
1024 2066 1066 2096 13
1096 2062 1184 2096 tunc
1209 2063 1246 2096 Β
1330 2064 1372 2096 15
1404 2061 1484 2095 dies

155 2108 292 2144 dinosci
324 2109 361 2143 P
456 2112 497 2143 16
522 2107 700 2143 inferibus
725 2107 818 2141 locis
845 2107 883 2141 id
914 2108 950 2142 B
1043 2118 1067 2143 *
1094 2108 1281 2143 exordium
1317 2109 1371 2151 (in
1406 2117 1478 2142 ras.

155 2179 231 2214 uid.
256 2178 368 2222 fuisse
392 2177 423 2222 s)
449 2178 483 2212 P
562 2181 604 2212 17
635 2155 783 2219 ⁴liemine
807 2176 843 2210 Β
929 2179 971 2211 18
996 2176 1163 2211 lanubini
1187 2174 1246 2220 13¹,
1276 2176 1419 2211 lanubii
1445 2177 1482 2210 P

155 2235 264 2260 mane
283 2235 348 2259 om.
363 2225 400 2259 P
485 2228 527 2258 21
541 2234 614 2258 non
628 2234 695 2267 pro
710 2224 805 2258 bono
819 2220 908 2257 BP'
1000 2227 1044 2258 26
1070 2223 1228 2267 supremi
1243 2221 1288 2257 P‘
1377 2225 1434 2258 est
1446 2223 1483 2257 P

156 2275 200 2305 27
227 2271 430 2306 ΕΕΠΗΡΛΝ
450 2280 473 2306 *
491 2281 513 2306 *
533 2272 670 2315 (prima
694 2270 762 2305 litt.
786 2270 864 2304 uid.
887 2269 1000 2312 fuisse
1024 2271 1065 2314 Δ)
1092 2270 1128 2304 Ρ
