1526 2444
469 27 556 63 XVI
583 28 722 63 15—18
754 24 857 61 XVII
878 28 971 61 1—4
1317 19 1406 63 209

110 141 270 196 fingere
300 139 524 194 praeterea
556 135 715 178 adferri
747 133 861 190 quod
894 133 1074 189 quisque
1105 130 1294 174 uolebat.

110 199 238 241 illum
267 196 438 240 sumina
468 195 682 238 ducebant
713 196 843 249 atque
876 192 1063 235 altilium
1093 191 1213 233 lanx:

109 258 224 300 hunc
255 258 408 312 pontes
440 254 666 297 Tiberinus
699 253 784 295 duo
816 252 931 295 inter
961 258 1112 306 eaptus
1144 249 1305 294 catillo.

169 338 366 395 Longum
397 337 486 390 fiat,
518 337 556 378 si
588 348 845 378 enumerare
870 334 1013 389 uelim,
1047 335 1154 388 quot
1183 330 1479 375 instru-XVII

16 419 33 445 5
52 400 201 441 menta
241 398 366 454 gulae
405 397 519 439 inter
557 395 659 437 illos
699 394 770 436 uel
811 392 987 449 ingenio
1030 391 1278 448 excogitata
1318 391 1408 433 sint

51 458 121 500 uel
159 457 302 499 studio
341 455 550 499 confecta.
611 457 654 496 et
684 453 766 495 hae
796 453 1000 495 nimirum
1032 466 1188 494 causae
1219 451 1408 502 fuerunt,

50 520 227 572 propter
263 530 368 571 quas
405 516 473 557 tot
508 527 687 556 numero
726 513 864 568 leges
898 512 954 553 de
987 511 1127 553 cenis
1160 512 1209 552 et
1241 525 1408 565 sump-

51 576 193 618 tibus
226 575 280 617 ad
312 574 519 630 populum
550 573 814 626 ferebantur,
846 574 890 613 et
919 570 1126 626 imperari
1156 569 1319 625 coepit,
1352 572 1408 611 ut

52 634 354 690 patentibus
381 632 552 675 ianuis
578 631 964 686 pransitaretur
989 631 1038 671 et
1069 629 1407 682 cenitaretur,

3 714 35 741 ιο
57 693 119 736 sic
143 693 279 736 oeulis
305 693 463 734 ciuium
488 691 673 734 testibus
705 690 831 733 factis
862 688 1056 730 luxuriae
1089 687 1242 730 modus
1273 687 1408 730 fieret.

52 753 193 807 prima
214 754 359 795 autem
379 751 571 794 omnium
597 750 647 792 de
673 749 792 791 cenis
819 748 888 790 lex
913 747 967 789 ad
991 746 1200 802 populum
1220 745 1406 794 Orchia
1421 748 1448 789 2

52 811 270 867 peruenit,
311 825 438 865 quam
478 809 580 851 tulit
621 806 668 850 C.
700 806 917 850 Orchius
957 807 1157 849 tribunus
1198 805 1316 860 plebi
1356 806 1407 848 de

53 873 230 912 senatus
251 869 467 912 sententia
491 868 622 910 tertio
650 881 763 910 anno
791 881 920 923 quam
941 865 1051 909 Cato
1078 879 1229 907 censor
1253 864 1406 908 fuerat.

53 929 176 972 cuius
226 928 375 983 uerba,
425 927 525 982 quia
569 930 669 969 sunt
712 927 899 981 prolixa,
948 927 1189 981 praetereo,
1239 939 1408 967 summa

0 1003 36 1038 15
58 991 202 1030 autem
247 988 338 1030 eius
374 986 698 1043 praescribebat
734 999 962 1028 numerum
999 984 1288 1026 conuiuarum.
1363 986 1446 1027 et3

0 1055 1 1059 ’
51 1047 157 1089 11666
196 1049 261 1089 est
297 1047 365 1088 lex
403 1045 579 1100 Orchia,
620 1045 670 1087 de
709 1059 795 1100 qua
833 1044 960 1088 CATO
998 1058 1100 1085 mox
1138 1042 1406 1085 orationibus

52 1106 141 1149 suis
167 1105 499 1160 uociferabatur,
531 1104 662 1160 quod
695 1104 867 1161 plures
901 1117 1047 1159 quam
1078 1102 1406 1158 praescripto

52 1166 162 1208 eius
204 1164 486 1207 canebatur
528 1164 586 1206 ad
627 1178 798 1206 cenam
836 1164 1160 1206 uocarentur.
1222 1176 1406 1217 cumque

55 1224 357 1267 auctoritatem
394 1237 534 1266 nouae
575 1223 684 1279 legis
719 1225 846 1266 aucta
877 1222 1111 1265 necessitas
1142 1220 1406 1276 imploraret,

0 1305 34 1332 ιο
51 1287 153 1340 post
172 1297 332 1325 annum
350 1282 601 1325 uicesimum
622 1282 856 1325 secundum
875 1282 984 1337 legis
1005 1279 1189 1323 Orchiae
1209 1279 1406 1322 Fannia

50 1343 121 1385 lex
158 1342 258 1384 data
296 1346 380 1396 est,
421 1356 533 1384 anno
570 1344 670 1396 post
699 1340 883 1383 Romam
922 1339 1141 1382 conditam
1173 1339 1406 1381 secundum

51 1400 182 1444 Gellii
219 1402 465 1456 opinionem
504 1400 850 1456 quingentesimo
890 1399 1173 1454 nonagesimo
1206 1397 1407 1441 secundo.

52 1461 104 1503 de
155 1460 238 1503 hac
287 1461 384 1515 lege
428 1459 734 1502 SAMMOvas
779 1457 987 1502 SERENVS
1037 1458 1100 1500 ita
1149 1457 1282 1499 refert
1324 1457 1448 1502 lex4

52 1519 268 1574 Fannia,
310 1519 636 1561 sanctissimi
668 1519 909 1574 Augusti,
946 1517 1151 1573 ingenti
1182 1516 1405 1558 omniurn

0 1599 35 1627 25
56 1578 291 1621 ordinum
318 1592 567 1621 consensu
593 1578 831 1632 peruenit
857 1577 916 1619 ad
947 1576 1210 1632 populum,
1244 1590 1404 1631 neque

52 1652 158 1680 eam
190 1639 457 1693 praetores
490 1638 577 1678 aut
607 1636 822 1689 tribuni,
856 1638 910 1678 ut
941 1637 1220 1691 plerasque
1253 1634 1403 1689 alias,

51 1696 136 1739 sed
169 1711 226 1738 ex
267 1697 491 1739 omnium
523 1696 774 1738 bonorum
807 1696 1029 1738 consilio
1063 1697 1111 1736 et
1144 1693 1405 1736 sententia

147 1827 166 1858 1
192 1823 323 1859 incert.
348 1827 394 1859 48
415 1823 499 1859 Luc.
520 1823 692 1859 Muelleri

148 1947 168 1978 3
194 1939 382 1978 Tiberinu'
416 1941 565 1977 Dousa:
595 1940 780 1977 tiberinos
799 1940 835 1975 B
861 1944 894 1976 ec
924 1942 966 1976 in
989 1951 1063 1976 raS.
1090 1940 1127 1975 P
1244 1945 1267 1976 4
1292 1940 1356 1975 fiet
1382 1940 1403 1976 b

52 1989 153 2035 quod
177 1988 223 2025 B'
297 1993 318 2025 5
344 1989 550 2034 excogitan
569 1987 615 2023 B'
691 1992 710 2024 7
737 1992 770 2024 et
796 1992 837 2023 11
867 1988 970 2035 cegms
986 1988 1041 2024 Pb
1116 1991 1135 2023 ‘1
1157 1987 1341 2023 sumtibus
1356 1985 1402 2023 B'

8 2083 10 2086 .
53 2041 75 2073 8
99 2037 355 2073 referebantur
379 2037 415 2071 B
481 2047 675 2083 imper-gan
699 2037 735 2071 B
803 2038 905 2084 cepit
931 2037 977 2080 P,
1004 2036 1127 2080 caepit
1151 2035 1188 2070 B
1255 2040 1275 2071 9
1303 2046 1405 2082 66111-

14 2091 18 2094 *
50 2084 196 2120 156161111-
220 2084 257 2120 P
319 2094 363 2119 ac
388 2087 472 2120 ante
497 2095 549 2119 316
568 2085 653 2119 add.
680 2083 844 2119 Zewnius
912 2086 955 2118 12
982 2081 1035 2117 G·
1056 2093 1124 2119 om.
1148 2080 1235 2118 B'P
1299 2083 1404 2117 chor-

0 2138 20 2178 j
52 2131 159 2167 chms
179 2129 226 2167 B'
299 2131 423 2177 plebis
437 2132 471 2166 B
544 2132 669 2167 relicto
693 2141 812 2167 uacuo
836 2132 958 2175 spatio
984 2130 1030 2166 de
1056 2141 1123 2166 om.
1143 2131 1181 2165 P
1245 2135 1287 2165 13
1308 2141 1399 2175 quo:

0 2179 18 2198 ³*
53 2180 137 2214 cato
164 2178 210 2214 B'
316 2183 360 2214 15
386 2178 466 2214 ems
485 2189 552 2214 om.
579 2177 627 2214 B'
731 2181 774 2213 17
801 2189 912 2223 quam
938 2177 1084 2223 praesto
1111 2177 1193 2213 eius
1212 2178 1248 2212 B
1361 2181 1402 2212 18

53 2237 186 2274 66116111
212 2227 249 2262 P
316 2229 361 2261 21
387 2226 467 2262 lata
490 2226 510 2262 b
584 2229 628 2261 22
649 2225 875 2271 octogesimo
894 2227 1030 2261 octauo
1050 2226 1132 2269 BP,
1159 2237 1222 2262 em.
1246 2225 1405 2271 Pighius

19 2291 23 2314 ς
53 2276 98 2309 23
124 2273 372 2310 sommomcus
390 2278 433 2310 ut
456 2274 533 2310 uid.
559 2270 606 2308 B'
676 2276 722 2309 24
741 2272 956 2309 sanctissimi
976 2284 1043 2309 om.
1073 2273 1110 2307 P

123 2339 314 2367 Mactomvs
1076 2336 1092 2366 1
1099 2335 1121 2366 4
