1526 2444
159 62 214 105 88
681 62 782 100 SAT.
807 63 934 100 LIBRI
953 65 969 100 1

163 170 298 211 solem
325 167 573 211 Ἀπόλλωνα
604 170 752 212 scribit
782 171 1130 226 cognominatum
1161 171 1244 215 ἀπὸ
1274 179 1352 215 τοῦ
1383 173 1497 218 ἀπο-

158 227 339 269 πάλλειν
376 228 450 276 τὰς
486 227 659 277 ἀκτῖνας
690 229 733 270 id
764 231 830 270 est
867 243 892 270 a
928 229 1042 271 iactu
1078 230 1312 285 radiorum,
1350 230 1502 288 Chry-

160 286 306 340 sippus
339 285 599 340 Apollinem,
637 285 694 335 ὡς
731 285 827 341 οὐχὶ
863 293 950 328 τῶν
986 291 1159 330 πολλῶν
1194 287 1266 330 καὶ
1302 290 1499 343 φαύλων

160 341 324 385 οὗσιῶν
348 348 427 385 τοῦ
450 344 587 399 πυρὸς
606 345 724 398 ὄντα,
745 346 929 398 primam
950 346 1065 387 enim
1088 347 1272 388 nominis
1297 347 1505 390 litteram

159 402 340 442 retinere
366 401 720 456 significationem
751 403 945 457 negandi,
975 403 1001 458 ἢ
1033 402 1100 445 ὅτι
1130 406 1263 459 μόνος
1294 403 1383 447 ἐστὶ
1412 404 1502 459 καὶ

161 456 257 514 οὐχὶ
287 461 455 512 πολλοί,
485 474 585 500 nam
610 462 652 501 et
675 459 886 502 Latinitas
913 475 1020 516 eum,
1052 462 1151 516 quia
1173 465 1339 504 tantam
1365 464 1486 505 clari-

122 517 351 559 8tudinem
383 518 496 559 solus
529 517 728 573 optinuit,
759 518 892 560 solem
922 520 1102 562 uocauit.
1153 519 1502 576 Speusippus,

161 575 272 629 quod
303 588 354 615 ex
385 575 530 616 multis
562 575 732 630 ignibus
765 578 931 618 constet
967 577 1033 619 uis
1065 578 1153 619 eius
1184 578 1241 627 ὡς
1271 578 1353 620 ἀπὸ
1383 583 1503 622 πολ-’

160 635 249 675 λῶν
281 631 445 675 οὐσιῶν
475 634 611 688 πυρὸς
641 631 775 676 αὐτοῦ
807 642 1085 689 συνεστῶτος,
1117 635 1389 678 Cleanthes
1430 637 1504 687 ὡς

161 687 227 731 ἀπ’
262 691 406 732 ἄλλων
437 690 509 732 καὶ
534 692 679 734 ἄλλων
703 693 849 734 τόπων
873 693 947 742 τὰς
971 692 1184 744 ἀνατολὰς
1207 693 1485 750 ποιουμένου,

162 749 273 803 quod
299 749 353 790 ab
379 749 476 791 aliis
504 752 628 803 atque
653 750 745 791 aliis
771 750 960 792 locorum
980 751 1331 794 declinationibus
1356 752 1510 806 faciat-

120 807 146 848 9
162 808 291 848 ortus.
350 805 661 849 Cornificius
694 807 924 850 arbitratur
949 809 1193 863 Apollinem
1220 810 1511 856 nominatum

161 863 244 906 ἀπὸ
275 869 354 906 τοῦ
385 863 622 906 ἀναπολεῖν
652 865 695 906 id
727 868 791 906 est
817 866 915 920 quia
939 866 1053 908 intra
1077 868 1299 910 circuitum
1331 868 1503 923 mundi,

162 936 286 976 quem
318 921 472 965 Graeci
506 924 643 964 πόλον
678 923 912 979 appellant,
949 924 1111 979 impetu
1141 926 1252 967 latus
1285 925 1338 967 ad
1369 929 1486 968 ortus

161 980 354 1021 refertur.
427 981 498 1022 alii
542 982 891 1036 cognominatum
933 980 1179 1036 Apollinem
1227 986 1382 1038 putant
1430 984 1504 1034 ὡς·

162 1036 410 1079 ἀπολλύντα
440 1039 491 1079 τὰ
524 1041 620 1092 ζῶα,
653 1039 867 1080 exanimat
897 1040 1010 1082 enim
1036 1043 1077 1082 et
1100 1041 1274 1094 perimit
1299 1042 1488 1084 animan-

94 1097 149 1138 10
162 1097 238 1150 tes,
264 1110 358 1137 cum
384 1099 548 1149 pestem
573 1098 822 1151 intemperie
848 1098 1000 1139 caloris
1032 1099 1237 1154 immittit,
1267 1102 1316 1141 ut
1343 1099 1487 1141 Euri·
1503 1108 1511 1131 s

160 1153 294 1208 pidis
325 1154 370 1194 in
399 1153 680 1196 Phaetonte

278 1225 311 1269 ὦ
342 1227 636 1283 χρυσοφεγγὲς
666 1226 772 1283 ἤλιῖ,
803 1230 860 1279 ὡς
891 1228 927 1285 μ’
966 1230 1209 1286 ἀπώλεσας,

277 1286 385 1328 ὅθεν
417 1285 452 1328 ὅ
482 1285 718 1329 Ἀπόλλων’
756 1287 956 1342 ἐμφανῶς
986 1288 1128 1344 κλῄζει
1158 1292 1323 1345 βροτός.

160 1362 263 1403 item
294 1362 632 1404 Archilochus

277 1442 383 1493 ἄναξ
401 1440 620 1485 ’Ἄπολλον
650 1442 721 1485 καὶ
752 1445 806 1485 σὺ
838 1446 938 1494 τοὺς
968 1442 1046 1498 μὲν
1078 1446 1242 1495 αἰτίους

279 1503 461 1555 σήμαινε
491 1499 562 1543 καὶ
594 1507 706 1555 σφᾶς
736 1498 857 1543 ὅλλυ’
893 1503 1035 1558 ὥσπερ
1068 1504 1245 1553 ὀλλύεις.

257 1613 300 1644 19
318 1610 447 1654 fragm.
461 1609 603 1645 Nauck.
619 1613 696 1653 781,
712 1614 754 1644 12
826 1613 870 1644 22
885 1610 1015 1655 fragm.
1029 1615 1072 1646 27
1087 1623 1122 1656 p.
1137 1614 1205 1646 390
1219 1613 1287 1657 (ed.
1303 1615 1339 1658 4)
1354 1614 1484 1660 Bergk.
1502 1644 1504 1646 ,

258 1712 275 1742 1
303 1708 548 1743 ΔΠΟΛΛΟΝΑ
573 1708 610 1742 Ρ
686 1709 988 1751 cognominatum
1011 1709 1136 1744 scribit
1160 1711 1197 1745 P
1265 1712 1483 1747 ΑΠΑΛΛΕΙΝ
1499 1715 1502 1748 ζ

164 1755 209 1797 P,
234 1754 527 1800 ΛῙΠΟΠΑΛΛΕ*Ι
554 1754 642 1796 (uid.
666 1754 779 1798 fuisse
797 1756 847 1799 Π)
875 1756 901 1790 Ν
928 1756 965 1791 Β
1054 1759 1073 1789 2
1099 1756 1136 1790 1d
1162 1756 1216 1791 est
1238 1758 1379 1792 iactura
1402 1758 1486 1793 deo·
1508 1766 1517 1798 s

161 1812 242 1835 rum
266 1799 317 1834 B'
385 1799 561 1845 cnfippul'
580 1800 617 1834 P
685 1805 706 1835 3
731 1802 819 1836 ΤΟΝ
845 1802 882 1836 Ρ
949 1802 1138 1837 ΠΟΛΛΟΝ
1162 1803 1198 1836 Ρ
1224 1842 1239 1850 „
1267 1807 1290 1838 4
1312 1814 1433 1848 prlma
1453 1806 1491 1840 P
1506 1836 1510 1838 ,

162 1845 289 1882 littera
313 1847 356 1890 P,
381 1846 550 1882 htterarfi
575 1847 612 1881 Β
698 1850 718 1880 5
744 1849 881 1883 retinet
905 1849 942 1883 P
1022 1852 1042 1883 ὃ
1067 1850 1234 1884 ΠΟΛΛΟΙ
1259 1850 1295 1884 Β
1379 1850 1486 1886 clan-

162 1894 278 1928 tatem
303 1894 340 1928 Β
425 1897 444 1928 7
471 1893 630 1927 obtinuit
655 1894 691 1928 B
774 1898 794 1929 8
820 1894 952 1929 const&
984 1894 1042 1929 ms
1056 1899 1201 1940 praeter
1225 1896 1326 1931 const
1349 1898 1390 1931 in
1413 1907 1485 1933 ras.
1506 1916 1507 1919 ¹

161 1940 203 1974 in
226 1940 263 1974 Β
345 1940 532 1974 ΠΟΛΛΟΝ
560 1940 596 1974 Β
676 1943 695 1974 9
721 1941 854 1975 ΠΙΡΟΕ
878 1941 914 1975 Β
995 1942 1222 1977 ΚΑΕΑΝΘΗΕ
1247 1943 1284 1977 Β
1355 1944 1486 1979 ΕΥΝΕ·

161 1987 318 2021 ΤωΤΟΕ
353 1986 648 2021 ΚΛΕΔΝΤΗΕωΕ
679 1987 773 2021 Afro
809 1987 896 2022 ΛΑΝ
919 1988 924 2032 Ι
948 1989 1073 2023 ΚΛΙΤΟ
1105 1989 1261 2023 ΔΛΛωΝ
1287 1990 1424 2024 ΤΟΠω
1452 1990 1488 2024 P

163 2035 206 2067 10
232 2033 378 2067 ΔΛΛΟΝ
405 2033 441 2067 Β
501 2033 648 2067 ΔΛΛΟΝ
673 2033 720 2076 Β,
746 2033 872 2069 deinde
895 2035 1215 2070 ΤΟΕΛΝΑΤΟΛΔΕ
1234 2036 1270 2069 Β
1328 2037 1506 2072 ΠΟΙΟΥ-·,

161 2079 325 2114 ΜΗΝΟΥ
350 2078 387 2112 Ρ
455 2081 498 2112 14
522 2088 646 2123 greci*
669 2079 706 2113 P
773 2080 960 2115 ΠΟΛΛΟΝ
986 2080 1023 2114 Β
1095 2085 1137 2116 16
1163 2082 1431 2117 ΔΤΟΛΛΥΝΤΑ
1449 2082 1504 2117 Β

164 2129 205 2160 17
231 2124 361 2159 testem
385 2125 422 2159 P
478 2128 521 2159 18
545 2125 714 2169 phSmnte
732 2126 778 2169 Β,
803 2127 981 2173 phetonte
1003 2127 1039 2160 P
1098 2131 1140 2162 19
1160 2128 1501 2167 ωΧΡΙΕΟΦΕΓΓΕΟ

163 2171 296 2206 ΗΛΙΕΟΕ
321 2171 587 2217 mame-meac
614 2172 650 2205 Ρ
748 2176 792 2207 20
817 2173 1249 2209 ΔΠΟΛΛΟΝΕΜΦΑΝΟΕ
1275 2175 1427 2210 ΚΑΗΖΕΙ
1453 2174 1501 2209 Ρ

162 2221 205 2252 21
232 2217 439 2253 archilocus
457 2218 494 2252 B
588 2221 632 2252 22
658 2219 776 2253 ΔΝΑΖ
800 2219 837 2253 Β
931 2220 966 2254 C!
995 2219 1032 2253 P
1124 2221 1290 2255 ΑΙΠΟΥΕ
1313 2220 1350 2254 Ρ
1441 2223 1485 2256 23

167 2264 332 2299 (ΗΜΑΙΝ
357 2264 393 2299 Β
465 2264 604 2310 ὥσπερ]
631 2265 788 2300 ΟΕΠΕΠ
806 2267 842 2301 Β
907 2266 1101 2301 ΟΑΛΥΕΙΕ·
1124 2266 1131 2313 Ι
1151 2266 1188 2300 Ρ
