1526 2444
159 41 243 84 626
455 41 603 78 COMM.
627 41 678 77 IN
704 41 847 78 SOMN.
874 42 986 79 SCIP.
1010 42 1136 78 LIBRI
1155 43 1187 78 II

158 148 338 190 rationis
381 147 678 202 adsertionem,
723 162 847 202 quam
893 150 934 190 et
976 148 1067 202 ipse
1104 161 1190 190 non
1228 149 1363 191 nescit
1399 163 1476 192 nee

159 205 373 260 Vergilius
404 205 576 259 ignorat
606 204 781 246 dicendo

553 299 629 326 nec
659 286 785 326 morti
817 299 906 327 esse
937 286 1074 327 locum

159 367 345 417 constat,
388 365 577 419 inquam,
620 365 727 406 nihil
763 365 875 406 intra
909 365 1055 406 uiuum
1091 366 1289 408 mundum
1327 367 1476 422 perire,

159 423 232 464 sed
263 437 420 475 eorum,
450 436 557 477 quae
588 423 762 464 interire
791 423 1000 477 uidentur,
1031 423 1166 464 solam
1196 425 1351 466 mutari
1382 438 1474 478 spe·
1510 435 1526 462 ⁵

159 481 282 535 ciem,
326 482 368 521 et
403 480 507 521 illud
542 480 586 521 in
622 480 828 535 originem
867 493 987 521 suam
1024 482 1150 534 atque
1185 481 1230 521 in
1266 481 1361 536 ipsa
1397 483 1475 524 ele-

158 540 302 579 menta
338 551 542 591 remeare,
579 537 691 592 quod
725 538 831 591 tale,
867 538 989 592 quale
1025 537 1124 590 fuit,
1167 552 1257 580 esse
1295 539 1475 580 desierit.

90 597 144 638 14
159 595 338 649 denique
381 597 423 636 et
462 595 655 636 Plotinus
700 595 782 636 alio
826 595 871 636 in
905 595 998 637 loco
1036 609 1130 636 cum
1168 595 1218 636 de
1255 610 1475 650 corporum

160 653 453 707 absumptione
485 653 718 708 dissereret,
754 655 796 694 et
825 652 906 694 hoe
937 653 1113 694 dissolui
1143 667 1267 706 posse
1297 667 1475 707 pronun-

157 711 295 765 tiaret,
326 710 522 764 quiequid
548 710 692 764 effluit,
718 710 875 751 obiecit
900 710 998 751 sibi:
1029 724 1102 751 eur
1128 724 1227 766 ergo
1254 711 1474 766 elementa,
1494 719 1526 748 ια’

158 782 335 822 quorum
366 767 502 809 fluxus
532 768 577 808 in
609 770 754 821 aperto
786 770 867 821 est,
906 781 991 809 non
1023 768 1219 809 similiter
1249 768 1474 823 aliquando

158 825 408 866 soluuntur?
482 828 524 866 et
572 825 755 866 breuiter
797 827 943 866 tantae
986 825 1213 867 obiectioni
1254 826 1474 880 ualideque

155 883 394 936 respondit:
419 882 512 923 ideo
539 883 760 936 elementa,
784 882 885 924 licet
909 882 1054 938 fluant,
1077 897 1307 936 numquam
1331 885 1475 924 tamen

89 941 142 983 15
157 940 278 990 solui,
309 940 405 994 quia
435 954 521 981 non
551 940 666 981 foras
692 939 877 981 effluunt.
928 954 952 980 a
982 940 1130 981 ceteris
1155 941 1266 981 enim
1291 942 1474 994 corpori-

156 998 234 1039 bus
267 997 376 1051 quod
404 997 538 1037 effluit
562 997 730 1051 recedit,
760 997 1061 1038 elementorum
1084 997 1220 1038 fluxus
1244 1012 1472 1052 numquam
1493 1008 1526 1035 15

157 1056 210 1096 ab
247 1053 353 1108 ipsis
389 1054 547 1096 recedit
584 1054 818 1109 elementis,
855 1067 955 1108 ergo
993 1055 1037 1095 in
1071 1054 1152 1096 hoe
1189 1055 1345 1097 mundo
1376 1069 1474 1109 pars

88 1111 141 1155 16
155 1113 272 1154 nulla
308 1112 501 1154 mortalis
539 1112 765 1154 seeundum
802 1125 926 1152 uerae
955 1112 1133 1153 rationis
1165 1111 1342 1154 adserta.
1402 1113 1474 1154 sed

156 1171 267 1225 quod
299 1170 377 1224 ait,
408 1184 502 1211 eum
540 1170 750 1223 quadam
786 1172 930 1224 parte
962 1169 1245 1222 mortalem,
1282 1170 1333 1210 ad
1365 1184 1474 1212 com-

154 1242 344 1281 munem,
376 1230 422 1268 ut
452 1227 643 1281 diximus,
675 1228 916 1281 opinionem
947 1227 1164 1280 paululum
1194 1227 1397 1268 inclinare
1429 1241 1473 1269 se
1516 1264 1520 1270 ,

155 1286 307 1338 uoluit,
361 1285 405 1326 in
457 1285 542 1325 fine
591 1286 732 1326 autem
779 1284 1088 1326 ualidissimum
1136 1284 1471 1327 immortalitatis
1491 1284 1526 1322 2⁶

155 1343 320 1384 animae
351 1345 648 1397 argumentum
678 1342 810 1396 ponit,
842 1342 940 1396 quia
969 1341 1063 1396 ipsa
1094 1342 1258 1395 corpori
1281 1344 1472 1396 praestat

155 1400 376 1455 agitatum.

81 1480 187 1523 XIII
270 1479 390 1529 Quod
430 1481 551 1534 quale
589 1481 660 1534 sit,
699 1494 749 1521 ex
784 1479 887 1534 ipsis
924 1479 1064 1521 uerbis
1096 1478 1329 1534 Ciceronis,
1366 1494 1471 1534 quae

156 1541 355 1580 secuntur
402 1537 591 1579 inuenies
648 1551 758 1579 nam
808 1536 936 1591 quod
986 1551 1180 1591 semper
1227 1542 1471 1591 mouetur,
1516 1568 1518 1570 ψ

153 1598 410 1638 aeternum
449 1598 543 1649 est,
580 1595 709 1650 quod
747 1598 913 1637 autem
951 1597 1135 1636 motum
1173 1594 1341 1636 adfert
1378 1595 1469 1636 ali·
1489 1604 1526 1632 2⁵·

153 1653 251 1707 eui,
291 1652 518 1707 quodque
555 1653 717 1707 ipsum
755 1653 982 1708 agitatur
1019 1652 1238 1706 aliunde,
1275 1652 1470 1706 quando

152 1711 306 1752 finem
366 1711 520 1752 habet
580 1713 762 1763 motus,
820 1709 1024 1751 uiuendi
1079 1709 1230 1750 finem
1285 1710 1472 1752 habeat

151 1782 356 1810 neeesse
411 1770 499 1810 est.
577 1769 737 1810 solum
790 1767 966 1822 igitur,
1021 1767 1149 1821 quod
1204 1781 1252 1808 se
1305 1767 1470 1822 ipsum

152 1827 340 1879 mouet,
389 1825 503 1878 quia
550 1839 813 1879 numquam
862 1824 1114 1866 deseritur
1157 1839 1182 1865 a
1225 1838 1292 1878 se,
1340 1839 1470 1866 num·

243 1942 263 1972 3
290 1937 422 1983 Georg.
447 1938 516 1973 IIII
540 1942 607 1973 226

244 2046 262 2076 1
288 2041 518 2076 arrermonem
543 2041 580 2075 B
667 2044 689 2074 4
714 2041 889 2075 mundum
913 2051 978 2076 om.
1005 2037 1052 2075 B'
1142 2044 1162 2075 9
1188 2039 1400 2084 adffiptmne
1423 2040 1467 2083 P,

151 2087 392 2132 assumptmne
417 2088 453 2122 Β
543 2090 586 2122 10
610 2097 703 2131 quur
726 2087 763 2121 P
850 2090 891 2121 11
918 2085 1020 2130 allqfi
1044 2086 1081 2121 P
1158 2090 1199 2121 13
1225 2085 1409 2132 ehlmenta
1431 2086 1469 2120 B

151 2138 192 2169 17
219 2132 423 2168 assertionis
443 2131 503 2178 B',
526 2133 653 2168 deinde
677 2133 820 2168 adserta
847 2130 909 2176 P',
935 2133 1067 2169 asserta
1091 2133 1127 2167 B
1219 2131 1272 2168 fet
1294 2132 1331 2167 B
1422 2135 1468 2166 24

148 2179 345 2223 sequuntur
371 2179 441 2214 PB
534 2182 579 2214 25
598 2189 669 2224 pro
696 2178 793 2223 quod
818 2180 938 2214 autem
967 2200 1007 2204 —
1035 2182 1115 2223 627,
1139 2182 1182 2213 22
1208 2179 1318 2222 atque
1340 2177 1399 2212 ms
1417 2181 1468 2214 est

146 2225 258 2270 usque
283 2226 324 2260 in
348 2226 384 2259 B
