1526 2444
533 69 566 107 V
591 71 731 105 25-33
769 68 820 104 VI
845 71 935 103 1-2
1320 67 1407 111 429

66 176 289 219 deficiente
332 177 573 233 languescit
615 178 658 219 et
698 176 889 231 periculo
930 176 982 218 fit
1027 176 1232 232 propior?
1305 191 1406 218 nam
1422 177 1479 220 30

65 235 178 278 sicut
207 236 251 278 in
280 236 388 278 mari
413 235 724 291 gubernatores
751 238 881 278 uento
908 249 1000 291 suo,
1030 236 1160 278 etiam
1188 236 1224 277 si
1248 236 1406 278 nimius

65 295 141 349 sit,
185 294 478 337 contrahendo
521 294 567 337 in
609 295 819 337 minorem
862 294 1035 337 modum
1079 295 1176 336 uela
1217 297 1407 349 praeter-

7 360 10 362 ’
64 353 213 395 uolant
249 356 293 395 et
328 353 496 408 flatum,
540 368 634 396 cum
673 357 740 396 est
771 354 926 409 maior,
964 356 1179 409 coercent,
1219 354 1409 409 sopitum

0 412 166 458 ⁵-5uero
210 413 396 455 excitare
436 427 524 454 non
566 415 767 468 possunt,
814 412 879 454 ita
922 416 966 455 et
1005 413 1270 468 appetentia,
1313 426 1409 455 cum

4 509 6 513 ,
64 471 268 513 titillatur
305 475 348 513 et
384 471 554 526 crescit,
591 472 771 514 rationis
809 472 1101 527 gubernaculo
1132 474 1410 527 temperatur,

65 530 103 571 si
140 530 271 572 semel
308 530 524 586 ceciderit,
563 530 722 572 animal
760 530 1032 586 extinguitur.
1095 531 1131 572 si
1171 544 1273 586 ergo
1312 530 1408 574 cibo
1423 531 1477 573 31

64 588 251 630 uiuimus
283 591 326 630 et
357 589 500 631 cibum
531 590 781 645 appetentia
812 589 906 631 sola
937 589 1227 644 commendat,
1265 589 1409 632 elabo-

66 647 247 689 randum
274 647 397 690 nobis
423 651 489 690 est
514 651 756 690 commento
782 649 1019 702 uarietatis,
1044 651 1093 690 ut
1115 648 1222 691 haec
1242 662 1411 703 semper

12 709 342 761 10prouocetur‚
374 721 471 749 cum
501 709 675 761 praesto
707 707 765 749 sit
794 707 919 762 ratio,
953 722 1038 762 qua
1068 707 1185 748 intra
1215 707 1411 749 modera-

67 765 200 807 tionis
239 779 342 807 suae
380 766 588 808 terminos
620 768 894 820 temperetur.
955 765 1237 808 memineritis
1263 767 1410 807 tamen
1425 766 1481 808 32

66 823 209 878 lepido
242 838 310 866 me
336 825 534 867 conuiuio
560 825 722 879 adesse,
752 839 838 867 non
866 824 1005 879 anxio,
1035 839 1113 866 nec
1139 824 1200 867 sic
1226 824 1409 866 admitto

67 883 334 937 uarietatem,
365 885 414 925 ut
437 883 586 925 luxum
611 884 801 938 probem,
832 883 908 926 ubi
933 886 1195 939 quaeruntur
1221 883 1411 926 aestiuae

66 941 188 983 niues
221 943 264 983 et
294 941 498 984 hibernae
529 957 653 984 rosae
684 945 739 998 et,
770 943 870 984 dum
901 943 1041 997 magis
1067 943 1256 985 ostentui
1282 957 1411 998 quam

12 1018 49 1051 1⁵
67 999 166 1042 usui
209 1001 411 1055 seruitur,
455 1001 662 1043 siluarum
706 1004 917 1044 secretum
956 1015 1083 1044 omne
1119 1002 1332 1044 lustratur
1368 1003 1412 1043 et

0 1086 25 1117 f
66 1059 295 1114 peregrina
325 1060 463 1101 maria
494 1060 796 1103 sollicitantur.
857 1061 919 1102 ita
951 1060 1065 1102 enim
1095 1060 1164 1116 fit,
1201 1063 1250 1102 ut
1280 1060 1412 1102 etiam

0 1121 2 1130 ’
68 1118 105 1159 si
155 1119 384 1160 sanitatem
429 1120 690 1162 sumentium
733 1119 1007 1162 mediocritas
1052 1119 1283 1162 obseruata
1324 1133 1412 1161 non

4 1192 5 1195 ¹
69 1177 242 1231 sauciet,
272 1177 365 1231 ipse
397 1179 543 1219 tamen
574 1178 700 1221 luxus
731 1193 899 1220 morum
933 1178 991 1220 sit
1022 1177 1274 1233 aegritudo?

186 1234 269 1277 His
301 1236 599 1278 fauorabiliter
631 1238 820 1291 exceptis
847 1236 1044 1279 Disarius
1077 1237 1324 1280 ‘obsecutus
1350 1236 1410 1279 es'
1426 1238 1482 1280 33

14 1303 51 1340 ιο
68 1293 209 1348 inquit
240 1293 471 1350 ‘Eustathi‚
503 1295 761 1349 dialecticae,
794 1310 874 1352 ego
899 1296 1147 1338 medicinae.
1195 1296 1268 1352 qui
1294 1296 1413 1339 uolet

7 1375 9 1381 ‹
68 1352 225 1408 eligere
264 1355 496 1408 sequenda,
536 1369 662 1396 usum
701 1356 916 1410 consulat,
955 1358 997 1397 et
1033 1355 1136 1410 quid
1174 1355 1232 1397 sit
1262 1355 1412 1397 utilius

10 1418 11 1444 ἐ
69 1411 260 1463 sanitati,
293 1412 558 1467 experientia
589 1412 786 1456 docebit?

186 1493 296 1536 Post
336 1494 442 1537 haec
478 1494 713 1538 Flauianus
757 1495 818 1538 et
861 1496 970 1539 alios
1015 1495 1186 1551 quidem
1224 1495 1483 1539 medicosVI

12 1573 13 1577 =
69 1551 183 1594 idem
215 1553 402 1595 dicentes
436 1569 604 1609 semper
636 1555 798 1610 audiui,
828 1555 977 1597 uinum
1008 1556 1121 1597 inter
1152 1555 1290 1597 calida
1322 1569 1413 1597 cen-

17 1624 52 1657 s
71 1611 261 1665 sendum,
293 1612 365 1654 sed
397 1615 441 1654 et
470 1628 582 1655 nunc
605 1589 862 1656 Eustath⁷ius
889 1629 984 1656 cum
1011 1629 1161 1656 causas
1188 1614 1412 1656 ebrietatis

71 1670 318 1726 attingeret,
335 1671 615 1726 praedicabat
633 1672 724 1714 uini
744 1673 945 1715 calorem.
993 1673 1100 1715 mihi
1120 1675 1265 1715 autem
1286 1687 1413 1728 saepe

70 1728 151 1771 hoc
201 1743 367 1772 mecum
415 1731 636 1786 reputanti
678 1732 774 1774 uisa
817 1735 883 1774 est
926 1732 1017 1774 uini
1060 1734 1217 1774 natura
1260 1732 1414 1788 frigori

18 1827 19 1830 ,
70 1787 247 1843 propior
289 1803 415 1844 quam
454 1790 605 1845 calori,
643 1793 685 1832 et
719 1790 767 1832 in
804 1791 993 1833 medium
1030 1791 1221 1846 profero,
1262 1791 1413 1846 quibus

18 1871 19 1877 =
71 1846 125 1887 ad
162 1846 244 1889 hoc
282 1848 595 1891 aestimandum
633 1849 802 1904 trahor,
838 1853 887 1891 ut
923 1852 1116 1892 uestrum
1149 1850 1206 1891 sit
1237 1849 1288 1891 de
1319 1864 1415 1891 mea

35 1911 38 1916 '
72 1904 372 1948 aestimatione
421 1907 637 1950 iudicium.
709 1908 876 1963 uinum,
926 1911 1134 1964 quantum
1182 1923 1279 1950 mea
1327 1908 1455 1951 fert?

72 1964 232 2019 opinio,
264 1965 375 2007 sicut
405 1969 561 2008 natura
591 1966 794 2023 frigidum
820 1971 899 2023 est,
929 1968 992 2010 ita
1023 1982 1157 2023 capax
1187 1968 1255 2009 uel
1282 1967 1415 2010 etiam

73 2026 278 2078 appetens
302 2024 354 2065 fit
380 2025 547 2081 caloris,
579 2040 675 2068 cum
701 2026 852 2068 calidis
877 2026 1008 2069 fuerit
1033 2028 1266 2099 admotum.
1311 2041 1414 2068 nam

74 2083 118 2122 et
148 2081 308 2123 ferrum
341 2097 437 2125 cum
469 2059 590 2126 tac'tu
622 2086 678 2127 sit
707 2084 913 2140 frigidum

167 2214 190 2244 4
215 2210 412 2246 cohercent
436 2211 473 2246 P
558 2215 577 2246 7
605 2211 771 2247 cee1d1t1t
797 2212 833 2246 P
911 2213 1097 2258 extmgmt
1123 2213 1160 2247 P
1244 2217 1286 2248 12
1313 2213 1360 2247 fit
1384 2213 1421 2248 P

71 2258 119 2290 15
139 2255 295 2291 semitm·
312 2268 379 2293 om.
401 2258 447 2303 P,
466 2258 552 2294 add.
573 2257 678 2295 Cant.
753 2264 793 2295 17
816 2258 972 2295 sanitate
986 2259 1023 2294 P
1093 2263 1135 2294 19
1149 2259 1375 2304 obsequutus
1384 2261 1420 2295 P

28 2331 30 2349 ζ
76 2304 121 2336 2-2
141 2304 373 2348 expertenua
393 2305 430 2340 P
477 2309 523 2340 30
542 2315 626 2340 mea
639 2316 706 2342 om.
720 2306 767 2341 P‘
820 2309 863 2340 31
879 2317 898 2341 c
910 2307 971 2342 uel
985 2307 1022 2342 P
1054 2310 1111 2342 >32
1126 2307 1168 2343 fit
1183 2307 1306 2343 Cant.-
1320 2314 1367 2346 ÷
1383 2307 1419 2342 P
