1526 2444
580 69 703 105 XVIII
728 73 844 105 6—15
1295 67 1381 111 557

0 179 302 233 „Voraptecedenti
346 178 686 235 superoccidenS.
747 176 880 219 tertio
919 177 985 219 die
1024 175 1190 219 tardius
1228 176 1384 219 occidit

34 253 163 294 quam
190 237 388 292 secundo,
413 239 457 280 et
481 239 556 280 ita*
569 236 724 280 cotidie
749 236 924 292 longius
950 235 1005 278 ab
1029 250 1183 279 occasu
1208 236 1384 291 recedit,

34 299 83 339 ut
119 296 303 352 septimo
348 297 415 339 die
459 298 572 339 circa
616 296 719 338 solis
756 309 957 338 0003511111
1001 295 1047 337 111
1083 295 1225 338 medio
1262 295 1383 338 caelo

34 357 130 412 ipsa
154 356 364 399 uideatur.
412 360 514 411 post
539 355 647 398 alios
674 369 775 396 uero
802 353 968 410 septem
994 368 1091 396 cum
1116 355 1187 396 ille
1212 354 1383 410 mergit,

0 415 141 457 shaec
166 415 314 457 oritur.
378 417 483 457 adeo
515 414 655 457 media
685 416 808 469 parte
839 413 1002 455 mensis
1033 413 1258 455 dimidium
1289 428 1383 456 cae·
1402 415 1452 456 11

33 475 137 529 lum,
155 474 200 516 id
221 476 286 516 est
304 489 436 516 unum
456 473 836 529 hemisphaerium,
856 473 910 514 ab
931 487 1085 515 occasu
1104 473 1146 514 in
1175 473 1384 515 orientem

33 533 268 575 recedendo
313 533 502 575 metitur.
570 547 717 574 rursus
762 534 864 586 post
907 534 1072 586 septem
1117 532 1227 574 alios
1272 533 1386 575 circa

34 592 140 634 solis
172 606 373 634 occasum
400 592 577 634 latentis
609 591 918 646 hemisphaerii
942 591 1149 633 uerticem
1180 594 1311 645 tenet,
1343 593 1386 633 et

33 651 160 693 huius
203 651 264 692 rei
308 651 512 693 indicium
551 653 634 705 est,
678 649 792 705 quod
828 649 969 692 medio
1006 650 1147 692 noctis
1186 651 1385 693 exoritur.

0 722 15 749 υ
32 712 251 765 postremo
291 710 472 752 totidem
510 709 661 751 diebus
700 709 908 763 exemptis
941 709 1077 751 solem
1108 709 1246 751 denuo
1286 724 1386 752 con-

33 768 280 824 prehendit,
313 771 356 810 et
386 769 550 811 uicinus
593 767 765 810 uidetur
811 769 930 809 ortus
968 768 1213 824 amborum,
1256 783 1387 823 quam

35 828 108 870 diu
140 827 220 869 soli
253 827 482 870 succedens
513 841 660 869 rursus
701 829 900 868 mouetur
932 829 974 868 et
1004 841 1154 869 rursus
1185 827 1385 869 recedens

35 886 246 942 paulatim
290 900 459 942 semper
500 886 546 927 111
593 885 803 928 orientem
846 885 1128 940 regrediendo
1171 886 1388 941 relinquat

38 959 249 988 occasum.
311 946 375 987 sol
402 959 571 1000 quoque
602 945 695 1000 ipse
720 959 809 986 non
836 944 962 986 aliter
993 959 1122 999 quam
1149 945 1204 987 ab
1231 960 1386 988 occasu
1404 946 1458 988 12

0 1015 22 1044 ,⁶
39 1004 84 1046 in
117 1004 329 1046 orientem
360 1008 578 1058 mouetur,
610 1006 654 1046 et
683 1004 786 1046 licet
815 1002 982 1046 tardius
1014 1018 1230 1046 recessum
1263 1019 1387 1047 suum

40 1077 170 1118 quam
214 1063 316 1105 luna
366 1063 566 1105 conficiat
607 1087 666 1092 —
709 1062 868 1117 quippe
911 1063 983 1118 qui
1025 1065 1151 1105 tanto
1195 1066 1388 1118 tempore

41 1122 212 1178 signum
243 1136 378 1164 unum
404 1122 646 1176 emetiatur,
678 1125 839 1176 quanto
865 1124 1007 1164 totum
1039 1122 1259 1165 zodiacum
1286 1123 1390 1165 luna

40 1181 241 1223 discurrit
271 1205 326 1211 -—
359 1181 592 1223 manifesta
615 1183 760 1223 tamen
792 1183 834 1222 et
865 1181 1059 1224 subiecta
1083 1182 1219 1224 oculis
1245 1185 1388 1225 motus

41 1239 109 1282 sui
145 1242 339 1295 praestat
375 1239 546 1282 indicia.
606 1240 722 1282 hunc
760 1241 873 1282 enim
913 1241 958 1282 in
995 1240 1145 1283 Ariete
1183 1255 1278 1284 esse
1314 1256 1388 1297 po·
1408 1242 1460 1284 13

40 1313 209 1353 namus,
253 1299 367 1354 quod
420 1299 520 1354 quia
563 1298 876 1353 aequinoctiale
920 1300 1093 1355 signum
1137 1303 1221 1356 est,
1264 1315 1389 1356 pares

41 1358 173 1400 horas
207 1358 347 1400 somni
379 1361 422 1400 et
453 1357 536 1400 diei
567 1357 683 1400 facit.
744 1358 789 1399 in
821 1357 904 1400 hoc
936 1359 1061 1413 signo
1095 1373 1191 1400 cum
1223 1360 1390 1415 occidit,

41 1416 230 1468 Libram,
261 1417 304 1458 id
336 1420 403 1459 est
435 1416 603 1471 Scorpii
634 1416 796 1468 chelas,
834 1431 934 1459 mox
974 1418 1077 1459 oriri
1114 1418 1309 1460 uidemus
1347 1422 1392 1461 et

43 1479 224 1531 apparet
275 1475 441 1518 Taurus
491 1476 657 1518 uicinus
702 1476 890 1531 occasui,
946 1491 1046 1518 nam
1089 1476 1304 1533 Vergilias
1348 1480 1392 1520 et

42 1533 220 1590 Hyadas
252 1538 398 1590 partes
431 1535 562 1577 Tauri
594 1535 798 1577 clariores
829 1549 916 1577 non
948 1536 1084 1578 multo
1123 1539 1224 1590 post
1255 1537 1391 1579 solem

45 1596 290 1649 mergentes
334 1594 542 1636 uidemus.
603 1594 799 1648 sequenti
839 1608 983 1636 mense
1028 1595 1094 1637 sol
1130 1595 1174 1637 in
1221 1596 1391 1651 signum
1408 1597 1463 1639 14

42 1653 271 1708 posterius,
301 1652 344 1694 id
371 1655 437 1695 est
461 1653 507 1695 in
531 1653 733 1705 Taurum,
764 1653 927 1695 recedit
946 1657 989 1695 et
1019 1654 1083 1696 ita
1107 1654 1168 1709 fit,
1188 1657 1236 1696 ut
1254 1670 1391 1711 neque

43 1711 263 1767 Vergiliae
294 1726 433 1767 neque
465 1712 552 1754 alia
582 1727 682 1767 pars
716 1711 848 1754 Tauri
884 1712 962 1754 illo
1001 1727 1146 1755 mense
1184 1714 1392 1757 uideatur.

45 1770 219 1825 signum
251 1771 385 1826 enim,
421 1771 534 1826 quod
567 1786 663 1814 cum
695 1771 785 1814 sole
817 1771 954 1813 oritur
992 1775 1034 1813 et
1067 1787 1162 1814 cum
1202 1773 1291 1815 sole
1324 1787 1391 1816 oc-

45 1829 169 1885 cidit,
201 1843 369 1885 semper
400 1830 627 1885 occulitur,
664 1829 770 1873 adeo
801 1833 850 1872 ut
881 1834 924 1872 et
953 1831 1098 1873 uicina
1138 1835 1255 1874 astra
1287 1833 1391 1875 solis

45 1888 367 1944 propinquitate
400 1889 606 1932 celentur.
665 1904 767 1931 nam
805 1891 848 1931 et
879 1888 1007 1932 Canis
1038 1893 1154 1946 tunc,
1191 1892 1293 1947 quia
1329 1893 1390 1934 ui·
1409 1893 1463 1935 15

44 1947 166 1989 cinus
193 1946 337 1990 Tauro
363 1949 441 2000 est,
471 1962 559 1990 non
578 1947 750 1990 uidetur
773 1950 911 1991 tectus
931 1949 1038 1992 lucis
1057 1950 1391 2007 propinquitate,

45 2008 90 2047 et
119 2005 202 2048 hoc
235 2008 301 2048 est
334 2007 446 2061 quod
479 2006 700 2063 Vergilius
733 2007 795 2049 ait

105 2076 309 2118 candidus
342 2077 505 2119 auratis
538 2078 676 2133 aperit
706 2092 802 2120 cum
835 2079 1033 2121 cornibus
1066 2095 1224 2123 annum

104 2134 270 2177 Taurus
302 2138 347 2178 et
378 2136 559 2179 aduerso
591 2136 743 2179 cedens
770 2135 898 2180 Canis
931 2139 1087 2181 occidit
1119 2143 1248 2182 astro.

46 2219 132 2247 non
170 2206 282 2247 enim
315 2207 410 2248 uult
439 2207 631 2264 intellegi
665 2208 806 2251 Tauro
840 2209 1005 2252 oriente
1037 2224 1133 2252 cum
1166 2212 1257 2254 sole
1289 2227 1389 2254 mox

107 2329 111 2333 ·
141 2313 186 2346 33
211 2308 321 2356 Verg.
349 2311 481 2357 Georg.
508 2310 525 2345 Ι
550 2315 619 2347 217
