1526 2444
139 63 227 104 414
635 60 732 96 SAT.
757 59 882 95 LIBRI
909 59 974 94 V11

142 168 252 223 quod
296 182 429 222 genus
473 167 655 208 maxime
698 166 767 208 uel
811 165 980 220 sapiens
1022 165 1091 206 uel
1133 164 1238 206 alius
1274 164 1459 205 urbanus

142 228 307 268 exercet
343 225 566 279 praecipue
596 225 707 265 inter
738 238 909 265 mensas
940 225 982 264 et
1013 222 1181 277 pocula,
1218 221 1291 263 ubi
1321 221 1459 263 facilis

99 288 128 329 4
143 286 208 325 est
239 283 291 324 ad
317 283 579 324 iracundiam
604 282 862 336 prouocatio.
910 295 1012 322 nam
1038 280 1145 322 sicut
1168 280 1213 320 in
1238 279 1461 334 praecipiti

142 343 327 383 stantem
357 341 425 382 uel
450 340 556 382 leuis
581 342 720 382 tactus
744 339 940 393 impellit,
970 339 1031 380 ita
1055 338 1155 379 uino
1181 338 1248 378 uel
1272 336 1460 378 infusum

140 399 209 441 uel
240 413 458 453 aspersum
488 412 645 452 paruus
677 411 841 451 quoque
872 397 992 438 dolor
1019 396 1168 437 incitat
1191 395 1236 435 in
1261 394 1458 437 furorem.
1494 411 1511 438 s

142 469 243 510 ergo
269 457 433 498 cautius
459 456 505 497 in
531 455 724 498 conuiuio
751 454 1051 496 abstinendum
1077 455 1317 506 scommate,
1349 452 1459 506 quod

101 514 301 556 5tectam
332 515 445 555 intra
476 528 520 555 se
550 513 681 555 habet
710 512 921 554 iniuriam.
977 513 1097 553 tanto
1131 511 1244 552 enim
1273 510 1459 564 pressius

140 572 317 613 haerent
348 571 462 613 dicta
491 571 598 613 talia
628 585 753 625 quam
785 570 969 611 directae
1001 568 1229 621 loedoriae,
1268 570 1315 609 ut
1344 567 1460 609 hami

141 630 336 685 angulosi
380 644 506 684 quam
549 628 698 670 directi
733 642 956 669 mucrones
991 627 1179 668 tenacius
1215 626 1460 680 infiguntur,

141 688 323 729 maxime
372 687 471 741 quia
514 687 626 728 dicta
668 686 793 727 huius
837 685 952 727 modi
993 685 1128 726 risum
1169 684 1459 738 praesentibus
1481 699 1514 725 ιο

141 747 324 798 mouent,
350 759 432 799 quo
458 744 577 785 uelut
602 744 804 786 adsensus
831 757 982 798 genere
1003 743 1278 784 confirmatur
1295 741 1460 782 iniuria.

102 804 208 845 6est
245 806 388 845 autem
423 802 612 844 loedoria
647 802 772 843 huius
803 801 920 842 modi
951 801 1209 842 oblitusne
1242 813 1308 853 es,
1345 799 1462 852 quia

142 861 451 903 salsamenta
482 859 768 901 uendebas?
818 873 1005 900 scomma
1037 860 1189 910 autem,
1220 856 1331 911 quod
1357 855 1462 898 dixi-

141 934 234 960 mus
279 933 403 972 saepe
440 917 740 960 contumeliam
776 931 866 958 esse
903 917 1101 970 celatam,
1142 915 1229 956 tale
1267 916 1330 955 est
1366 928 1461 955 me-

142 977 395 1030 minimus,
432 975 627 1030 quando
666 974 873 1016 brachio
905 976 953 1015 te
985 973 1301 1028 emungebas.
1359 986 1459 1013 nam
1479 982 1526 1013 15³

142 1049 236 1077 cum
271 1049 339 1075 res
379 1034 524 1075 eadem
555 1033 782 1088 utrobique
813 1032 927 1073 dicta
958 1031 1031 1084 sit,
1067 1031 1172 1072 illud
1203 1032 1346 1072 tamen
1376 1029 1462 1071 loe·
1523 1035 1526 1043 “

143 1092 262 1133 doria
294 1094 375 1146 est,
410 1092 519 1146 quod
553 1093 696 1145 aperte
727 1090 939 1132 obiectum
970 1089 1352 1142 exprobratumque
1384 1089 1461 1141 est,

102 1150 221 1192 7hoc
266 1164 474 1203 scomma,
524 1149 635 1204 quod
677 1149 868 1203 figurate.
941 1146 1201 1200 Octauius,
1244 1145 1316 1200 qui
1356 1146 1462 1186 natu
1523 1144 1526 1187 ξ

140 1208 297 1250 nobilis
328 1207 567 1260 uidebatur,
606 1205 842 1248 Ciceroni
872 1204 1067 1246 recitanti
1098 1205 1158 1245 ait
1187 1217 1285 1244 non
1316 1202 1460 1244 audio

142 1280 267 1320 quae
315 1265 455 1307 dicis.
526 1264 600 1305 ille
648 1263 867 1318 respondit
914 1265 1047 1304 certe
1096 1261 1295 1304 solebas
1339 1261 1459 1301 bene
1478 1267 1526 1316 ze}

141 1323 340 1365 foratas
377 1336 522 1364 aures
558 1322 755 1363 habere.
814 1321 896 1362 hoc
933 1334 982 1362 eo
1020 1320 1177 1361 dictum
1208 1319 1308 1372 quia
1339 1317 1461 1359 Octa·
1515 1317 1526 1349 ἕ

140 1382 235 1423 uius
259 1380 392 1435 Libys
423 1380 625 1422 oriundus
657 1379 886 1433 dicebatur,
919 1378 1071 1432 quibus
1104 1391 1195 1419 mos
1228 1379 1292 1417 est
1317 1389 1460 1417 aurem
1514 1422 1516 1427 λ

140 1439 292 1481 forare.
1515 1471 1526 1482 A*

258 1497 309 1538 In
345 1496 524 1538 eundem
561 1494 855 1538 Ciceronem
891 1493 1153 1546 Laberius,
1189 1507 1284 1534 cum
1322 1492 1375 1533 ab
1412 1505 1461 1533 eo
1509 1480 1526 1556 j}

142 1554 194 1596 ad
231 1569 474 1597 consessum
510 1568 596 1595 non
631 1554 903 1607 reciperetur,
941 1551 1149 1593 dicentem
1186 1550 1526 1614 reciperemnsfl

141 1616 207 1667 te,
231 1613 331 1654 nisi
357 1614 574 1666 anguste
600 1611 837 1663 sederem,
863 1610 922 1651 ait
948 1610 1098 1651 mimus
1118 1608 1190 1649 ille
1210 1607 1462 1649 mordaciter
1509 1614 1526 1679 3

142 1671 284 1725 atqui
315 1671 517 1712 solebas
550 1669 739 1710 duabus
766 1668 910 1710 sellis
936 1667 1106 1709 sedere
1133 1666 1317 1708 obiciens
1341 1666 1460 1706 tanto

141 1728 233 1770 uiro
276 1728 485 1770 lubricum
528 1727 637 1768 fidei.
703 1726 774 1768 sed
811 1728 854 1767 et
890 1726 1001 1780 quod
1038 1723 1183 1767 Cicero
1220 1724 1327 1764 dixit
1361 1721 1462 1764 nisi

143 1789 359 1841 anguste
391 1786 631 1839 sederem,
663 1798 851 1826 scomma
877 1783 960 1824 fuit
983 1783 1028 1824 in
1054 1781 1098 1824 O.
1124 1781 1361 1836 Gaesarem,
1391 1779 1461 1834 qui
1503 1793 1522 1829 <j

141 1844 186 1885 in
228 1847 421 1885 senatum
464 1843 624 1897 passim
665 1845 755 1884 tam
797 1842 954 1883 multos
997 1839 1265 1893 admittebat,
1307 1842 1355 1880 ut
1390 1851 1459 1879 eos
1477 1839 1524 1894 Q

102 1902 479 1956 9quattuordecim
515 1901 670 1955 gradus
708 1914 856 1954 capere
891 1913 978 1941 non
1007 1899 1192 1953 possent.
1253 1896 1331 1938 tali
1362 1908 1459 1950 ergo
1502 1897 1522 1949 'g'

145 1973 316 2014 genere,
370 1958 480 2012 quod
527 1959 661 1999 fetum
709 1957 989 2000 contumeliae
1033 1958 1115 2009 est,
1163 1953 1460 1996 abstinendum
1502 1957 1526 1991 ἐ*

144 2017 327 2071 sapienti
358 2030 539 2070 semper,
571 2016 718 2057 ceteris
749 2016 793 2056 in
825 2015 1030 2056 conuiuiis
1062 2016 1137 2055 est.
1515 2034 1518 2035 ⁷

235 2169 256 2201 8
287 2165 426 2212 ledorng
457 2165 493 2199 P
587 2168 628 2198 12
659 2163 799 2210 ledonem
828 2163 865 2197 Ρ
957 2166 1000 2197 14
1032 2162 1194 2197 oontuha
1221 2161 1257 2195 P
1350 2163 1392 2194 16
1416 2158 1460 2193 fit

143 2212 243 2247 dicta
272 2211 319 2247 [it
349 2212 386 2246 P
473 2210 616 2257 ledoria
648 2211 684 2244 P
776 2213 819 2244 22
852 2209 1003 2244 oriundo
1034 2209 1070 2243 P
1162 2210 1205 2242 25
1235 2206 1394 2242 idicente
1427 2203 1463 2239 P

143 2262 186 2294 27
213 2258 377 2294 ob1c1enf
400 2278 439 2283 -
467 2261 509 2292 28
535 2257 624 2292 f1de1
649 2267 714 2292 om.
743 2254 791 2290 P'
865 2259 908 2291 29
935 2255 1001 2302 C·]
1028 2258 1068 2300 g·
1095 2256 1131 2289 P
1199 2257 1242 2289 32
1267 2252 1337 2301 ΐὸςῡ
1361 2252 1398 2286 P

1495 2339 1526 2359 „5¹-
