1526 2444
575 70 714 106 XXIIII
740 73 856 105 1-10
1300 67 1385 110 129

7 193 10 214 ff
38 183 200 226 uideris
256 181 370 224 enim
424 180 531 222 mihi
585 181 648 222 ita
705 179 845 222 adhuc
893 178 1169 235 Vergilianos
1224 177 1386 220 habere

8 239 12 291 J
38 257 208 296 uersus,
258 241 442 296 qualiter
485 254 559 282 eos
602 239 726 294 pueri
769 238 991 294 magistris
1036 237 1388 292 praelegentibus

11 336 13 354 ξ
27 298 325 344 νοεηθὸαῑηιιεῆ
869 341 875 345 ,

9 372 11 383 ·
158 359 309 401 ‘Immo
335 358 454 414 pueri
480 372 575 400 cum
599 371 798 410 essemus,
825 355 1094 411 Symmache,
1120 356 1210 398 sine
1229 355 1386 398 iudicio
1402 356 1429 397 6

13 419 320 472 mirabamur,
357 418 568 472 inspicere
607 419 752 459 autem
790 416 899 458 uitia
934 430 1012 458 nec
1043 429 1121 471 per
1152 415 1387 470 magistros

10 507 11 511 =
39 493 117 521 nec
154 492 230 533 per
268 479 455 519 aetatem
491 476 660 518 licebat.
723 489 831 530 quae
869 477 1015 517 tamen
1054 489 1139 516 non
1176 474 1388 529 pudenter

40 537 266 594 quisquam
298 535 494 591 negabit,
532 549 630 577 cum
660 535 752 590 ipse
784 534 1006 577 confessus
1039 534 1106 577 sit.
1169 534 1242 589 qui
1274 534 1390 575 enim

10 596 226 639 moriens
270 608 424 650 poema
467 609 591 636 suum
632 594 796 650 legauit
833 593 943 648 igni,
987 593 1088 648 quid
1125 593 1208 634 nisi
1245 592 1388 634 famae

42 669 144 698 suae
195 655 375 696 uulnera
417 654 662 708 posteritati
705 652 998 694 subtrahenda
1042 651 1239 694 curauit?
1311 666 1389 694 nec

11 720 18 754 '.
41 714 253 757 inmerito.
308 713 480 755 erubuit
505 713 661 767 quippe
687 712 738 753 de
764 726 809 754 se
834 711 982 753 futura
1008 710 1178 765 iudicia,
1210 711 1247 752 si
1272 711 1386 766 lege·
1403 712 1427 753 7

39 775 159 816 retur
195 773 346 828 petitio
384 772 486 814 deae
523 771 740 826 precantis
772 770 862 812 filio
895 784 1017 812 arma
1050 785 1076 811 a
1106 770 1281 821 marito,
1320 770 1391 812 cui

12 865 13 868 ,
43 832 125 875 soli
154 833 372 887 nupserat,
403 845 483 873 nec
515 845 566 872 ex
591 845 640 873 eo
666 830 832 886 prolem
859 828 1096 884 suscepisse
1123 843 1166 871 se
1192 832 1390 880 nouerat,

11 937 14 948 Δ
42 891 113 934 uel
144 891 182 933 si
212 891 327 932 mille
359 890 444 931 alia
474 890 659 932 multum
690 888 891 944 pudenda
917 902 991 930 seu
1017 888 1062 931 in
1087 888 1231 931 uerbis
1258 888 1387 932 modo

12 960 13 998 g
43 950 218 993 Graecis
250 949 377 991 modo
409 949 606 991 barbaris
641 962 715 990 seu
740 948 786 989 in
811 948 906 1003 ipsa
932 947 1216 1002 dispositione
1244 948 1386 1003 operis

12 1018 22 1046 λ
45 1007 487 1065 deprehenderentur?

161 1067 351 1123 Cumque
371 1067 509 1110 adhuc
529 1066 742 1109 dicentem
762 1080 909 1108 omnes
929 1065 1266 1120 exhorruissent,
1292 1066 1391 1108 sub·
1407 1069 1433 1111 8

12 1169 15 1180 2
43 1127 183 1170 texuit
203 1126 481 1181 Symmachus
502 1125 624 1168 ‘haec
644 1128 710 1168 est
730 1125 913 1181 quidem,
939 1125 1173 1180 Euangele‚
1199 1125 1393 1168 Maronis

13 1182 15 1186 ⁴
46 1187 203 1242 gloria,
239 1188 288 1227 ut
323 1185 484 1228 nullius
524 1185 723 1228 laudibus
761 1187 944 1239 crescat,
981 1184 1143 1227 nullius
1174 1185 1392 1240 uitupera-

14 1283 15 1287 ,
44 1247 164 1288 tione
189 1245 421 1298 minuatur3
453 1258 601 1287 uerum
626 1245 724 1299 ista,
749 1258 857 1299 quae
882 1243 1136 1299 proscindis,
1166 1243 1393 1287 defendere

18 1304 228 1360 quilibet
275 1305 420 1358 potest
470 1317 522 1345 ex
565 1303 735 1358 plebeia
778 1303 1160 1358 grammaticorum
1204 1304 1394 1359 cohorte,

14 1396 15 1406 ἶ
44 1377 100 1405 ne
126 1362 275 1405 Seruio
301 1365 463 1417 nostro,
489 1362 563 1418 qui
587 1362 763 1417 priscos,
787 1365 838 1404 ut
863 1375 958 1403 mea
980 1362 1065 1403 fert
1085 1362 1244 1417 opinio,
1270 1377 1395 1417 prae-

14 1419 16 1425 ’
46 1424 243 1477 ceptores
270 1421 467 1464 doctrina
491 1423 698 1476 praestat,
728 1421 774 1462 in
800 1420 1053 1463 excusandis
1078 1421 1238 1464 talibus
1266 1436 1395 1477 quae—

15 1488 18 1504 *
45 1484 168 1524 ratur
199 1480 372 1536 iniuria,
411 1480 484 1523 sed
517 1494 696 1536 quaero,
730 1482 875 1521 utrum
908 1494 1005 1522 cum
1036 1479 1206 1534 poetica
1236 1481 1318 1523 tibi
1349 1481 1396 1523 in

15 1538 17 1593 ἶ
46 1542 172 1582 tanto
204 1542 334 1594 poeta
365 1539 651 1594 displicuerit,
688 1539 810 1581 nerui
841 1541 987 1581 tamen
1019 1540 1215 1594 oratorii,
1247 1540 1321 1595 qui
1351 1541 1396 1582 in

16 1610 22 1633 ²
49 1599 195 1642 eodem
228 1598 485 1641 ualidissimi
517 1601 627 1654 sunt,
658 1599 828 1653 placere
859 1597 1134 1641 uideantur?'

16 1709 18 1712 y
166 1657 284 1700 Haec
347 1658 478 1700 uerba
532 1657 721 1713 primum
776 1656 992 1712 Euangeli
1047 1657 1159 1699 risus
1216 1658 1436 1713 excepit.9

48 1716 197 1760 deinde
237 1716 418 1759 subiecit
454 1716 514 1758 ‘id
551 1716 693 1759 hercle
731 1718 867 1759 restat
905 1716 1105 1772 denique,
1142 1719 1191 1759 ut
1228 1720 1272 1759 et
1304 1732 1396 1760 ora-

16 1795 19 1806 v
47 1778 185 1818 torem
221 1774 466 1832 Vergilium
504 1776 780 1829 renuntietis,
816 1789 894 1818 nec
931 1776 1091 1818 mirum
1129 1790 1226 1818 cum
1265 1779 1308 1819 et
1342 1777 1397 1819 ad

18 1883 19 1886 Ἴ
48 1834 330 1890 philosophos
357 1849 453 1878 eum
477 1835 664 1877 ambitus
683 1837 828 1877 uester
845 1835 978 1889 paulo
999 1837 1099 1877 ante
1119 1836 1394 1890 prouexerit'.

18 1944 19 1947 Ἴ
70 1905 76 1910 ·
166 1892 228 1936 ‘Si
269 1894 314 1935 in
357 1894 438 1937 hac
482 1895 681 1949 opinione
725 1894 785 1936 es'
830 1894 970 1949 inquit
1007 1892 1291 1949 Symmachus
1334 1895 1396 1937 ‘ut
1414 1897 1470 1938 10

48 1951 168 1996 Maro
217 1953 299 1995 tibi
346 1953 456 1995 nihil
504 1953 589 1996 nisi
630 1953 851 2008 poeticum
902 1954 1088 1996 sensisse
1133 1954 1397 2010 aestimetur,

19 2105 20 2108 η
144 2084 166 2116 4
192 2080 392 2117 simmacho
418 2081 499 2117 BP
572 2081 713 2116 ludlcla
738 2078 786 2116 P'
866 2084 887 2116 6
913 2092 960 2116 on
985 2082 1026 2117 in
1050 2092 1125 2117 non
1149 2083 1192 2117 in
1209 2093 1283 2120 ras.
1305 2084 1346 2118 in
1367 2083 1404 2118 P

50 2130 73 2163 9
98 2129 254 2164 uulnera
277 2139 344 2165 om.
369 2129 406 2164 Β
487 2132 531 2164 10
556 2130 742 2165 1mmer1to
769 2129 806 2164 Β
879 2131 921 2163 11
949 2128 1075 2172 p&1t10
1102 2130 1342 2175 deprecantis
1362 2130 1399 2165 Β

52 2177 96 2210 13
119 2175 182 2210 uel
207 2175 236 2211 si
259 2176 365 2211 miha
389 2175 466 2212 aha
491 2176 528 2212 B
646 2175 895 2222 pudendenda
920 2174 967 2211 B'
1091 2180 1133 2212 17
1154 2176 1347 2216 simachus
1367 2178 1406 2212 P

52 2222 225 2267 equidem
250 2223 288 2258 P
364 2226 407 2260 18
432 2223 558 2259 nullus
579 2224 634 2260 bis
658 2221 704 2258 B'
778 2227 822 2259 27
844 2223 942 2259 ercle
971 2224 1008 2259 P
1072 2227 1117 2259 28
1144 2225 1337 2270 uirgihum
1363 2222 1400 2258 Β

20 2286 21 2314 3
53 2280 187 2304 mirum
212 2281 297 2306 eum
321 2271 369 2315 Β,
394 2282 530 2306 mirum
550 2281 634 2306 cum
660 2281 743 2306 eum
770 2272 791 2307 b
877 2274 920 2306 29
948 2282 1032 2307 eum
1057 2282 1124 2308 om.
1150 2272 1186 2307 Β
1273 2275 1318 2307 30
1345 2283 1401 2306 m-

20 2331 22 2357 k
53 2315 145 2360 quid
168 2315 214 2351 B'
288 2316 476 2353 Hmachus
496 2318 533 2353 P

124 2381 313 2409 Macnomvs
1096 2381 1117 2412 9
