1526 2444
147 64 231 106 318
660 63 757 100 SAT.
778 64 907 100 LIBRI
931 63 965 99 V

147 171 257 213 tioni
292 170 473 225 legentis
513 174 746 212 occurrunt.
806 171 850 212 in
881 185 967 213 non
995 170 1125 212 nullis
1158 171 1211 212 ab
1243 170 1469 214 Homerica

149 232 265 271 secta
295 228 408 270 haud
439 228 526 270 scio
558 243 712 270 casune
743 243 798 270 an
823 232 971 283 sponte
997 228 1202 271 desciscit.
1253 228 1468 271 fortunam

147 286 359 338 Homerus
391 286 551 328 nescire
582 287 744 341 maluit,
775 289 818 328 et
842 287 921 328 soli
947 287 1128 340 decreto,
1160 300 1286 341 quam
1310 292 1468 341 μοῖραν

147 346 285 398 uocat,
315 344 460 385 omnia
490 345 675 399 regenda
705 345 936 387 committit
963 344 1078 398 adeo,
1109 347 1155 386 ut
1180 345 1260 386 hoc
1285 345 1468 386 uocabu-

147 403 236 443 lum
264 402 371 457 τύχη
403 403 448 443 in
478 403 596 443 nulla
627 404 747 455 parte
778 401 991 444 Homerici
1022 403 1249 443 uoluminis
1279 403 1464 443 nomine-
1503 417 1526 444 ει.

147 463 228 502 tur.
289 466 437 502 contra
467 459 680 515 Vergilius
723 474 809 501 non
853 461 989 501 solum
1024 460 1146 500 nouit
1183 462 1225 500 et
1263 460 1469 512 meminit,

149 518 221 559 sed
266 519 618 572 omnipotentiam
661 532 826 572 quoque
871 517 1004 559 eidem
1047 518 1216 572 tribuit,
1260 532 1385 571 quam
1425 520 1468 559 et

147 575 408 630 philosophi,
438 577 510 630 qui
541 590 634 617 eam
660 575 895 628 nominant,
925 575 1033 616 nihil
1059 589 1135 617 sua
1160 576 1202 616 ui
1228 590 1364 630 posse,
1395 575 1468 617 sed

148 633 304 676 decreti
348 634 437 675 siue
479 634 771 688 prouidentiae
813 633 1054 675 ministram
1096 647 1187 675 esse
1230 634 1467 675 uoluerunt.

108 691 133 733 9
149 696 191 733 et
220 692 266 732 in
296 691 450 733 fabulis
477 706 551 732 seu
573 691 619 732 in
643 691 830 733 historiis
856 706 942 732 non
966 706 1196 745 numquam
1221 691 1331 732 idem
1355 690 1467 732 facit.
1488 709 1522 734 10

147 749 349 804 Aegaeon
382 749 492 804 apud
517 749 748 791 Homerum
776 749 935 791 auxilio
961 751 1026 790 est
1050 748 1155 800 Ioui,
1186 749 1297 790 hunc
1323 751 1469 790 contra

147 806 292 849 Iouem
342 810 510 848 armant
557 821 705 848 uersus
749 806 948 848 Maronis.
1019 806 1248 861 Eumedes,
1291 806 1468 848 Dolonis

147 866 288 919 proles
327 866 441 907 bello
480 865 715 918 praeclara,
758 865 899 906 animo
939 865 1214 918 manibusque
1250 869 1467 919 parentem

80 923 135 965 10
148 923 289 976 refert,
317 937 412 965 cum
437 924 547 977 apud
574 923 805 964 Homerum
832 923 974 964 Dolon
998 922 1168 963 inbellis
1195 923 1260 964 sit.
1308 922 1465 964 nullam

149 982 594 1023 commemorationem
614 981 663 1021 de
684 980 836 1022 iudicio
857 980 1021 1022 Paridis
1035 980 1245 1022 Homerus
1267 980 1467 1021 admittit.
1488 998 1520 1025 15

147 1039 260 1080 idem
298 1041 418 1080 uates
456 1038 743 1093 Ganymedem
780 1053 867 1080 non
903 1041 951 1079 ut
986 1037 1164 1079 Iunonis
1201 1038 1405 1092 paelicem
1444 1052 1468 1079 a

146 1096 248 1138 Ioue
283 1099 453 1151 raptum
492 1097 562 1138 sed
601 1096 826 1137 Iouialium
866 1096 1112 1150 poculorum
1150 1095 1393 1136 ministrum
1424 1095 1469 1136 in

81 1155 132 1196 11
149 1155 311 1196 eaelum
350 1169 375 1196 a
412 1154 475 1195 dis
513 1154 695 1195 ascitum
731 1154 861 1195 refert
897 1154 1016 1195 uelut
1045 1157 1307 1208 θεοπρεπῶς.
1369 1152 1469 1194 Ver-

149 1212 276 1267 gilius
308 1213 475 1254 tantam
506 1212 645 1266 deam,
677 1212 788 1266 quod
820 1211 953 1253 cuiuis
985 1211 1034 1252 de
1066 1211 1255 1253 honestis
1286 1211 1468 1252 feminae
1523 1258 1526 1259 ⁷

149 1270 333 1312 deforme
383 1272 465 1324 est,
513 1270 632 1311 uelut
679 1270 818 1324 specie
860 1271 1019 1311 uictam
1061 1268 1211 1310 Paride
1257 1269 1468 1311 iudicante
1488 1272 1526 1312 20ff

148 1328 343 1382 doluisse,
369 1331 412 1368 et
435 1330 610 1382 propter
630 1326 830 1369 Catamiti
855 1327 1107 1381 paelicatum
1134 1330 1272 1368 totam
1298 1329 1469 1381 gentem
1519 1372 1526 1384 .-

81 1386 134 1427 12
149 1386 238 1427 eius
287 1399 464 1427 uexasse
508 1388 821 1427 commemorat.
893 1385 1106 1426 interdum
1149 1385 1209 1426 sic
1253 1387 1468 1427 auctorem
1521 1385 1524 1386 ⁷

149 1458 271 1485 suum
316 1443 632 1485 dissimulanter
674 1443 883 1497 imitatur,
928 1447 973 1484 ut
1014 1443 1096 1485 loci
1134 1443 1231 1484 inde
1267 1443 1470 1497 descripti

148 1502 284 1543 solam
311 1502 632 1556 dispositionem
657 1504 803 1555 mutet,
828 1503 871 1542 et
893 1501 1023 1543 faciat
1048 1501 1165 1542 uelut
1190 1500 1304 1542 aliud
1324 1500 1468 1542 uideri.

82 1560 134 1602 13
149 1559 359 1602 Homerus
384 1559 547 1614 ingenti
574 1560 725 1613 spirit-u
753 1574 801 1600 ex
826 1559 1145 1613 perturbatione
1170 1559 1339 1600 terrae
1327 1573 1467 1613 1psum
1487 1573 1526 1619 2⁵]

148 1617 294 1659 Ditem
325 1619 492 1672 patrem
522 1618 714 1659 territum
741 1617 935 1671 prosilire
962 1619 1004 1659 et
1029 1618 1262 1658 exclamare
1288 1617 1468 1687 quodam
1522 1632 1526 1667 3

148 1675 273 1717 modo
297 1675 402 1717 facit

243 1839 282 1869 11
310 1836 349 1870 11.
378 1837 406 1870 Α
430 1839 498 1870 403
584 1839 625 1870 12
654 1834 759 1880 Verg.
786 1836 873 1870 Aen.
900 1834 933 1869 x
958 1838 1035 1870 565.
1062 1834 1130 1869 ΧΠ
1155 1837 1222 1869 346
1308 1836 1350 1868 14
1374 1833 1415 1869 11.
1443 1834 1468 1868 κ

147 1884 215 1916 374
289 1885 330 1916 16
355 1881 397 1917 11.
422 1883 453 1916 Υ
478 1885 547 1916 234
621 1886 662 1917 18
688 1880 797 1926 Verg.
823 1882 911 1916 Aen.
939 1881 954 1915 Ι
980 1884 1022 1916 27
1515 1880 1526 1928 ξ

1515 1932 1526 2000 Ξ

240 2035 260 2064 2
286 2032 351 2066 aut
374 2031 493 2067 sleoca
517 2025 549 2066 st
573 2042 663 2067 eaan
693 2032 728 2065 P
820 2035 840 2065 3
867 2031 933 2067 soh
958 2031 1204 2076 d6***quae
1223 2031 1303 2075 (nec
1326 2033 1367 2065 ut
1390 2030 1466 2065 uid.

146 2088 248 2121 eras,
273 2081 294 2112 a
320 2079 361 2112 in
386 2081 405 2112 e
431 2081 534 2122 corr.)
560 2078 596 2112 P
688 2081 729 2111 11
757 2088 897 2122 aegeon
924 2078 960 2112 P
1052 2081 1096 2113 14
1121 2076 1282 2112 1mbell1f
1300 2075 1338 2111 P
1424 2079 1466 2111 16

145 2123 341 2169 ganimede
375 2124 412 2158 P
525 2124 658 2172 pelhce
683 2124 719 2159 P
837 2128 878 2160 17
904 2135 979 2159 10u1
1005 2125 1114 2160 alifi*
1143 2125 1182 2169 (u
1205 2124 1246 2158 in
1269 2132 1361 2166 ras„
1390 2122 1465 2157 uid.

144 2171 258 2213 fuisse
294 2171 407 2214 ahud)
445 2171 481 2206 P
609 2175 650 2206 18
688 2170 760 2205 dus
791 2171 828 2205 P
954 2170 1094 2206 adscitu
1126 2170 1163 2205 P
1285 2169 1395 2203 uelud
1433 2168 1470 2202 P
1505 2191 1508 2196 -

148 2220 191 2252 19
215 2215 396 2298 tantfiPP'
517 2216 632 2252 cuiuis
660 2216 884 2262 Cantabria:
910 2217 979 2252 cul'
1008 2218 1043 2251 P
1147 2221 1189 2251 21
1217 2215 1414 2259 pehoatum
1435 2214 1472 2248 P
1507 2239 1509 2243 Α

145 2267 190 2298 23
215 2274 288 2300 1001
1505 2263 1507 2266 ⁴
