1526 2444
591 57 643 93 X1
668 59 784 92 4—13
1306 18 1365 98 49

20 168 260 214 ostenderis
303 167 398 223 quis
441 181 531 209 non
567 165 637 208 sit.
704 165 814 207 alius
852 163 1023 206 libidini
1059 163 1211 218 seruit,
1255 163 1364 206 alius

20 229 246 283 auaritiae,
283 227 392 269 alius
424 225 669 279 ambitioni,
706 237 855 266 omnes
888 223 996 278 spei,
1028 236 1174 266 omnes
1205 222 1366 265 timori.

20 290 64 330 et
99 290 214 330 certe
249 285 370 328 nulla
407 284 589 326 seruitus
626 283 794 338 turpior
832 297 961 338 quam
997 282 1253 324 uoluntaria.
1319 283 1365 323 at
1379 279 1406 320 9

18 360 98 389 nos
141 346 243 401 iugo
287 359 313 387 a
353 344 528 386 fortuna
570 342 774 397 imposito
812 341 1105 384 subiacentem
1142 343 1367 396 tamquam

19 406 224 448 miserum
266 403 480 470 uilemque
524 402 755 455 calcamus,
798 400 910 456 quod
947 414 1050 442 uero
1086 414 1166 442 nos
1203 400 1365 442 nostris

21 463 257 507 ceruicibus
282 461 509 504 inserimus
532 475 621 503 non
644 460 835 527 patimur
858 458 1124 526 reprehendi
1173 458 1366 501 inuenies
1384 468 1439 509 10

19 523 134 565 inter
158 536 306 564 seruos
334 521 518 576 aliquem
542 519 724 575 pecunia
748 518 983 573 fortiorem,
1013 518 1205 560 inuenies
1232 518 1368 560 domi-

18 596 124 625 num
167 595 240 636 spe
282 580 390 623 lucri
433 580 579 621 oscula
622 579 859 620 alienorum
902 591 1125 619 seruorum
1168 577 1367 619 manibus

20 641 288 696 infigentem:
324 652 413 682 non
450 652 552 694 ergo
589 637 765 679 fortuna
796 636 991 679 homines
1023 635 1261 677 aestimabo
1294 636 1368 677 sed

21 699 224 742 moribus.
286 697 368 741 sibi
405 698 582 752 quisque
615 696 688 738 dat
723 710 882 750 mores,
919 694 1213 737 condicionem
1243 708 1368 736 casus

22 758 234 814 adsignat.
295 771 421 824 quem
452 756 505 798 ad
536 755 710 797 modum
741 754 898 796 stultus
930 755 1008 805 est,
1040 753 1114 820 qui
1145 755 1367 809 empturus

23 831 178 885 equum
208 830 294 859 non
325 817 466 870 ipsum
497 814 671 870 inspicit
702 813 775 855 sed
808 814 995 855 stratum
1020 813 1110 854 eius
1137 826 1186 854 ac
1210 812 1369 867 frenos,

23 877 83 918 sic
114 875 395 918 stultissimus
426 876 504 929 est,
535 873 609 928 qui
639 872 858 915 hominem
889 874 964 914 aut
995 886 1046 914 ex
1070 874 1190 913 ueste
1217 873 1292 913 aut
1318 885 1369 913 ex

22 934 286 987 condicione,
329 947 438 988 quae
481 932 607 974 nobis
650 932 783 974 uestis
823 931 950 973 modo
989 930 1254 973 circumdata
1291 933 1369 986 est,

22 993 335 1036 aestimandum
365 994 500 1047 putat.
549 1006 635 1034 non
667 994 743 1046 est,
773 990 833 1032 mi
858 990 1094 1045 Euangele,
1125 989 1239 1044 quod
1264 990 1368 1031 ami·
1386 988 1437 1028 11

23 1067 120 1095 cum
168 1055 337 1094 tantum
368 1051 413 1092 in
443 1050 537 1093 foro
564 1052 607 1092 et
631 1050 677 1091 in
702 1050 820 1092 curia
846 1063 1045 1105 quaeras:
1078 1049 1115 1091 si
1141 1048 1371 1104 diligenter

25 1111 279 1165 adtenderis,
303 1110 498 1152 inuenies
525 1112 569 1151 et
594 1109 722 1151 domi.
770 1110 820 1150 tu
844 1108 971 1151 modo
997 1108 1095 1150 uiue
1121 1122 1219 1150 cum
1245 1121 1370 1150 seruo

25 1170 273 1212 clementer:
310 1169 489 1212 comiter
526 1182 695 1224 quoque
734 1170 777 1210 et
813 1168 858 1210 in
896 1181 1138 1210 sermonem
1170 1167 1294 1208 illum
1327 1168 1371 1208 et

24 1243 113 1271 non
135 1243 369 1296 numquam
393 1228 440 1270 in
463 1227 751 1270 necessarium
777 1226 956 1269 admitte
982 1226 1220 1269 eonsilium.
1267 1240 1371 1268 nam

25 1290 70 1330 et
105 1288 291 1330 maiores
328 1286 466 1329 nostri
503 1301 673 1330 omnem
711 1285 892 1328 dominis
930 1285 1159 1339 inuidiam,
1199 1299 1369 1327 omnem

26 1346 161 1390 seruis
190 1346 494 1388 contumeliam
520 1345 793 1387 detrahentes
820 1344 1042 1386 dominum
1067 1347 1266 1400 patrem
1295 1343 1371 1385 fa-

26 1405 219 1457 milias,
243 1418 390 1447 seruos
408 1404 698 1446 familiares
718 1403 1058 1459 appellauerunt.
1102 1402 1249 1445 colant
1268 1415 1371 1457 ergo
1390 1412 1443 1453 12

26 1467 70 1506 te
99 1464 246 1519 potius
279 1463 393 1506 serui
423 1464 507 1515 tui,
538 1463 645 1504 mihi
677 1462 811 1516 crede,
842 1477 971 1517 quam
1002 1462 1198 1504 timeant.
1260 1460 1373 1503 dicet

27 1523 184 1578 aliquis
221 1536 334 1564 nunc
371 1536 439 1564 me
476 1522 672 1564 dominos
708 1521 759 1563 de
790 1521 967 1577 fastigio
1000 1535 1076 1563 suo
1109 1520 1292 1573 deicere,
1329 1523 1374 1562 et

27 1581 212 1637 quodam
245 1581 373 1624 modo
405 1580 460 1623 ad
489 1581 664 1636 pilleum
697 1594 845 1622 seruos
876 1594 1044 1635 uocare,
1079 1594 1186 1635 quos
1219 1578 1373 1621 debere

27 1640 115 1683 dixi
157 1640 296 1696 magis
340 1640 477 1682 colere
522 1654 652 1695 quam
695 1640 861 1682 timere.
933 1639 1015 1681 hoc
1058 1639 1131 1693 qui
1181 1638 1375 1693 senserit,

27 1699 306 1742 obliuiscetur
330 1699 374 1740 id
399 1698 584 1741 dominis
608 1713 762 1753 parum
784 1713 873 1740 non
900 1711 1004 1753 esse,
1033 1697 1145 1752 quod
1174 1697 1239 1739 dis
1268 1697 1373 1739 satis

27 1761 104 1802 est.
150 1757 300 1800 deinde
325 1758 398 1813 qui
422 1757 578 1800 colitur
603 1757 733 1799 etiam
759 1758 944 1800 amatur:
970 1771 1058 1799 non
1084 1758 1228 1811 potest
1253 1770 1374 1798 amor

29 1831 125 1860 eum
171 1817 326 1859 timore
376 1816 558 1858 misceri.
630 1816 740 1858 unde
789 1818 918 1872 putas
962 1815 1374 1871 adrogantissimum
1391 1826 1445 1867 13

27 1875 134 1919 illud
147 1890 344 1918 manasse
363 1875 642 1930 prouerbium
657 1890 740 1931 quo
759 1875 944 1918 iactatur
963 1875 1178 1918 totidem
1196 1874 1374 1916 hostes

27 1935 177 1979 nobis
209 1949 319 1977 esse
350 1936 474 1990 quot
506 1933 712 1977 seruos?
759 1948 846 1977 non
871 1934 1078 1976 habemus
1103 1933 1201 1976 illos
1226 1933 1374 1976 hostes

125 2055 168 2086 31
189 2051 335 2086 Erasmi
355 2051 461 2096 adag.
483 2050 571 2085 chiI.
592 2050 626 2084 H
645 2051 740 2086 cent.
760 2049 813 2084 III
832 2053 876 2086 31
897 2062 933 2096 p.
948 2053 1018 2085 339
1031 2050 1068 2084 Β
1082 2049 1154 2095 (ed.
1169 2048 1253 2085 Bas.
1269 2050 1376 2094 1574)

127 2161 145 2192 1
173 2156 269 2193 ahul'
288 2167 355 2193 om.
381 2156 429 2192 B'
509 2160 531 2191 2
556 2169 570 2192 1
593 2157 636 2192 in
660 2156 736 2202 spel
760 2157 803 2192 in
826 2167 901 2192 ras.
926 2156 969 2191 in
994 2155 1030 2190 P
1099 2159 1120 2190 3
1147 2155 1304 2191 seruitur
1327 2154 1373 2189 B'

31 2208 55 2240 4
74 2209 158 2252 post
181 2203 351 2250 imposito
377 2214 519 2240 erasum
541 2207 584 2240 ut
607 2204 685 2240 uid.
712 2203 743 2239 δι
767 2204 809 2238 in
828 2204 865 2239 P
982 2207 1027 2238 10
1046 2205 1079 2238 et
1100 2205 1144 2237 14
1164 2202 1377 2238 conditlone

31 2252 113 2287 BP
183 2255 228 2286 14
252 2251 468 2287 circundata
493 2250 531 2286 P
599 2255 642 2287 16
668 2250 824 2296 quaeres
838 2251 874 2286 B
948 2254 991 2285 17
1018 2249 1224 2286 attenderis
1240 2250 1260 2285 b
1334 2251 1378 2284 27

32 2298 106 2334 dul·
125 2299 163 2334 B
237 2302 282 2334 29
308 2297 648 2344 arrogantissimum
674 2298 733 2335 bP
802 2303 848 2334 30
872 2307 1023 2332 manare
1050 2298 1070 2333 b

105 2364 294 2391 MAcnonxvs
1098 2359 1121 2389 4
