1526 2444
78 434 133 475 10

74 629 126 671 11

77 1517 130 1558 12

146 74 230 115 156
653 74 748 110 SAT.
771 75 899 110 LIBRI
921 76 956 110 II

202 193 290 221 non
320 182 501 233 possunt
529 180 657 234 primi
689 195 779 222 esse
811 195 955 223 omnes
988 182 1101 224 omni
1131 182 1177 223 in
1203 185 1407 237 tempore.

203 251 413 278 summum
445 237 495 278 ad
527 238 706 292 gradum
737 253 832 280 cum
864 239 1071 281 claritatis
1102 241 1285 294 ueneris,

203 295 408 336 consistes
441 309 566 350 aegre
597 299 640 337 et
671 296 796 338 citius
826 311 950 351 quam
983 297 1181 339 escendas
1214 298 1354 339 cades:

203 352 335 394 cecidi
367 366 459 407 ego,
490 353 611 395 cadet
641 354 712 407 qui
743 355 947 409 sequitur:
979 355 1071 396 laus
1103 358 1168 397 est
1196 355 1377 410 publica.

262 432 479 474 Publilii
511 435 651 475 autem
683 435 916 476 sententiae
947 435 1139 477 feruntur
1164 436 1327 490 lepidae
1353 438 1395 477 et
1414 436 1476 477 ad
1511 438 1517 479 T

145 504 412 531 communem
449 505 569 532 usum
602 491 1088 546 adcommodatissimae,
1127 507 1176 533 ex
1207 493 1359 548 quibus
1388 493 1466 535 has
1515 541 1518 545 ¹

137 547 235 588 fere
266 548 438 589 memini
469 547 649 603 singulis
679 549 870 590 uersibus
903 550 1241 605 circumscriptas

1516 590 1526 614 'l

202 628 456 670 beneficium
488 629 623 671 dando
657 630 819 684 accepit
850 630 922 684 qui
953 629 1083 685 digno
1115 631 1239 672 dedit.
1513 634 1526 700 'j

199 686 325 741 feras,
355 700 444 728 non
475 687 618 741 culpes
650 687 762 741 quod
793 688 949 729 mutari
979 702 1065 730 non
1095 691 1248 743 potest
1514 701 1526 720 ³³

200 744 268 785 cui
298 744 396 798 plus
427 744 536 795 licet,
568 759 693 799 quam
717 759 796 798 par
827 748 902 799 est,
932 746 1029 800 plus
1061 746 1171 800 uult,
1202 761 1327 801 quam
1358 747 1464 789 licet.
1485 742 1526 800 urg

200 815 342 843 comes
373 777 579 843 facundiis
610 803 654 843 in
683 803 755 844 uia
785 817 860 857 pro
891 804 1086 846 uehiculo
1118 807 1194 845 est.
1518 815 1526 859 ζ

199 859 429 914 frugalitas
461 860 630 901 miseria
661 863 726 901 est
755 861 937 902 rumoris
969 861 1080 903 boni.
1516 858 1526 911 2

200 916 367 958 heredis
398 917 522 958 fletus
556 918 633 958 sub
663 931 845 971 persona
875 918 985 960 risus
1017 922 1092 960 est.
1514 923 1526 940 ‘³‘

200 974 320 1015 furor
350 974 400 1015 fit
430 975 547 1016 laesa
579 976 744 1028 saepius
775 976 997 1029 patientia.

200 1031 394 1085 improbe
425 1031 674 1087 Neptunum
706 1036 878 1076 accusat
908 1034 980 1088 qui
1010 1034 1163 1075 iterum
1194 1034 1464 1089 naufragium
1483 1050 1516 1076 1

977 1091 1090 1132 facit.
1518 1096 1525 1107 ’“

200 1147 381 1188 nimium
412 1148 655 1189 altercando
686 1149 845 1189 ueritas
878 1148 1101 1190 amittitur.

200 1219 299 1258 pars
331 1205 508 1247 benefici
533 1209 598 1246 est
628 1206 739 1259 quod
770 1206 930 1259 petitur
961 1207 997 1247 si
1029 1207 1114 1248 cito
1145 1220 1285 1261 neges.

200 1262 263 1303 ita
299 1263 480 1304 amicum
515 1262 692 1317 habeas,
727 1278 853 1317 posse
890 1267 937 1305 ut
973 1264 1064 1305 fieri
1100 1264 1211 1306 hunc
1247 1263 1464 1307 inimicum
1504 1275 1506 1277 “

978 1324 1112 1375 putes.

200 1379 387 1418 ueterem
418 1377 590 1420 ferendo
620 1378 820 1420 iniuriam
850 1379 1006 1421 inuites
1036 1394 1204 1421 nouam.

202 1449 434 1490 numquam
464 1436 668 1489 periclum
701 1437 792 1478 sine
822 1437 980 1491 periclo
1011 1437 1208 1478 uincitur.

263 1514 345 1557 Sed
376 1517 476 1570 quia
506 1517 670 1558 semel
658 1531 877 1572 mgressus
904 1532 996 1559 sum
1022 1532 1216 1559 scaenam
1241 1519 1463 1573 loquendo,
1511 1533 1519 1555 f

142 1587 229 1615 non
259 1572 476 1628 Pylades
507 1574 659 1616 histrio
689 1575 813 1616 nobis
840 1576 1096 1617 omittendus
1123 1578 1198 1630 est,
1230 1577 1301 1629 qui
1326 1577 1462 1618 clarus
1508 1579 1524 1632 ἦ

144 1631 189 1671 in
216 1645 341 1684 opere
367 1645 443 1673 suo
469 1631 551 1673 fuit
574 1633 835 1686 temporibus
862 1633 1059 1688 Augusti,
1091 1635 1133 1674 et
1156 1633 1313 1687 Hylam
1339 1634 1524 1675 disci-213..

236 1748 257 1779 S
283 1744 365 1788 Syri
390 1744 595 1780 sententiae
622 1745 676 1780 ed.
702 1744 867 1780 Ribbeck
891 1757 925 1781 u.
952 1748 995 1780 55
1077 1749 1097 1780 9
1122 1745 1171 1782 ib.
1200 1750 1265 1781 176
1346 1749 1388 1781 10
1411 1747 1462 1782 ib.
1518 1744 1523 1760 ³

143 1793 209 1825 106
284 1794 325 1824 11
350 1789 399 1824 ib.
428 1794 494 1825 104
568 1795 608 1825 12
634 1790 684 1825 ib.
713 1794 777 1826 193
853 1796 893 1826 13
918 1792 966 1827 ib.
993 1796 1060 1826 221
1135 1795 1178 1826 14
1202 1792 1251 1827 ib.
1280 1797 1345 1828 178
1418 1796 1460 1828 15
1511 1791 1524 1826 ν’ζ

140 1836 188 1917 ἐξ.
209 1840 350 1917 121364383
367 1840 409 1871 17
435 1836 486 1871 ib.
512 1841 579 1872 416
666 1840 707 1871 18
732 1837 781 1872 ib.
808 1840 875 1872 469
956 1842 998 1873 19
1022 1838 1071 1872 ib.
1098 1842 1165 1873 245
1250 1842 1292 1873 21
1318 1839 1367 1874 ib.
1393 1842 1461 1873 645
1508 1861 1511 1878 ;

233 1991 252 2021 3
276 1989 280 2029 1
303 1986 475 2022 consistes
499 1998 585 2033 egre
610 1986 640 2021 ὣ
664 1987 774 2021 c1t1us
799 1992 871 2031 qua
895 1987 1070 2022 ascendas
1088 1987 1237 2022 dec1des
1253 1989 1258 2033 Ι
1284 1988 1327 2032 Ρ,
1349 1989 1354 2033 Ι
1377 1999 1460 2023 con·
1507 2001 1516 2031 j

138 2033 241 2067 nster
261 2044 368 2078 aegre
394 2033 424 2067 83
448 2033 560 2068 citms
586 2044 695 2077 quam
727 2033 924 2068 descendas
941 2035 946 2079 Ι
967 2034 1014 2078 Β,
1045 2035 1247 2069 emendauit
1271 2033 1460 2070 Schneide·

138 2080 256 2115 winus
349 2083 371 2113 4
395 2079 535 2124 pulhca
557 2080 593 2113 B
683 2083 703 2114 5
727 2080 847 2123 publu
870 2080 934 2124 (B)
1025 2084 1045 2115 6
1064 2079 1398 2115 adcomodat1fs1me
1425 2080 1462 2114 P
1507 2084 1518 2127 ’ζ

140 2130 159 2160 7
196 2125 289 2161 ferre
325 2124 371 2160 B‘
495 2126 1034 2172 l***************
1059 2125 1400 2171 circumscr1ptas·{
1428 2126 1464 2161 P
1503 2133 1526 2148 ²

139 2177 160 2207 9
184 2182 258 2207 non
282 2183 347 2207 om.
373 2170 419 2206 P‘
494 2176 537 2207 16
562 2172 653 2206 facit
676 2183 740 2207 om.
762 2171 807 2207 B'
883 2176 926 2208 18
950 2172 1105 2207 benefici
1123 2173 1325 2208 Bentleius:
1350 2174 1457 2208 bene-
1503 2181 1506 2212 ,ἰ

137 2217 218 2253 ficu
247 2218 324 2253 BP
415 2221 458 2253 21
493 2219 647 2254 uetenm
678 2216 724 2252 P'
821 2222 962 2253 imurea
986 2218 1034 2262 P'
1131 2223 1175 2254 22
1207 2219 1411 2264 periculum
1436 2219 1457 2254 b
1500 2231 1502 2234 ·

137 2264 300 2310 periculo
326 2265 346 2300 b
418 2267 464 2299 24
488 2275 555 2300 nec
580 2263 725 2310 pilades
744 2265 780 2299 P
848 2269 891 2300 25
916 2265 1032 2300 hilam
1056 2264 1130 2300 BP
1496 2267 1499 2270 '
